3238 5158
166 343 323 408 xvii.
347 367 408 428 4,
431 360 492 428 5·
547 345 663 410 IN
723 345 790 409 s,
840 345 1355 411 JOANNEM.
1448 346 1642 411 LIB.
1692 346 1838 410 x1.⁴
1905 345 2264 411 CARVI.
2441 346 2570 409 673

164 519 216 556 ‘⁶
246 509 385 611 ἐγὼ
437 511 637 615 λέγει
698 511 985 615 Κύριος,
1041 512 1150 593 ὅτι
1205 510 1371 598 τοῦς
1427 510 1861 620 δοξάζοντάς
1917 546 2005 611 με
2066 509 2387 619 δοξάσω,
2443 512 2567 590 καὶ

170 643 218 681 “
253 635 294 713 5
355 635 747 741 ἐξουθενῶν
809 671 900 737 με
964 637 1663 745 ἐξουθενηθήσεται.”
1750 638 1868 718 ’ἵνα
1929 638 2167 718 τοίνυν
2225 631 2572 740 ἀποδείξῃ

167 757 514 861 Χριστὸς,
550 759 663 840 ὅτι
696 760 1119 864 πρεπόντως·
1151 759 1240 861 δὴ
1274 760 1439 842 τότε
1475 759 1610 862 τὴν
1644 760 1844 866 παρὰ
1893 769 2023 841 τοῦ
2071 760 2294 861 μόνου
2346 758 2572 865 δόξαν

166 882 685 983 ἀπαιτήσομεν,
718 884 852 986 τὴν
896 892 995 971 εἰς
1041 884 1268 966 αἰῶνά
1318 892 1507 988 φημι
1555 885 1685 966 τὸν
1728 885 2120 986 μέλλοντα,
2159 884 2334 965 ὅταν
2376 885 2570 991 αὐτῷ

229 1006 251 1034 x
374 1014 392 1037 o
481 1006 516 1037 α
715 1012 736 1036 ε
994 1008 1017 1037 x
1128 1013 1148 1039 ο
1354 1012 1375 1041 t
1572 1012 1591 1037 2
1762 1013 1781 1040 ι
2154 1012 2179 1040 x
2281 1015 2313 1032 Α
2547 1008 2566 1033 ⁹

88 1021 132 1084 5
166 1041 303 1107 Την
336 1043 432 1092 fl?
466 1043 662 1090 ww
698 1044 1070 1113 υῚΓΟΤαγην
1105 1045 1520 1092 ανυῚΓαιΤίΟν
1554 1010 2034 1118 Επιδειξωμὲν,
2063 1045 2179 1091 Kal
2216 1044 2361 1089 ‘nov
2397 1042 2547 1112 παρ
2596 1042 2632 1083 8
2674 1028 2809 1084 956
2829 1026 2912 1085 Α..

164 1132 386 1213 αὐτοῦ
439 1134 1092 1238 προστεταγμένων
1145 1133 1608 1234 ἀκμαιότατοι
1665 1134 1988 1242 φύλακες
2044 1135 2566 1238 εὖρισκώμεθα,

165 1253 479 1363 δοξάσαι
514 1257 648 1357 μὲν
680 1257 895 1344 αὐτὸς
938 1258 1067 1341 τὸν
1105 1259 1401 1363 Πατέρα
1448 1262 1662 1367 φησὶ,
1698 1260 1769 1341 τὶ
1826 1259 2005 1369 ἔργον
2039 1261 2407 1345 τελειώσας
2459 1260 2572 1340 ἐπὶ

166 1380 288 1474 τῆς
338 1381 489 1484 fif,
543 1385 576 1464 ὃ
634 1378 930 1465 δέδωκεν
982 1385 1199 1491 αὐτῷ·
1289 1382 1484 1486 ζητεῖ
1529 1383 1761 1486 γεμὴν
1815 1383 2389 1486 ἀντικομίᾷσθαι
2457 1386 2576 1462 καὶ

168 1505 383 1589 αὐτὸς
418 1507 547 1586 οὐκ
582 1509 983 1612 ἀλλοτρίαν
1018 1508 1178 1589 οὐδὲ
1216 1506 1553 1609 ἐπακτὴν,
1591 1506 1914 1609 καθάπερ
1962 1508 2181 1607 ἡμεῖς,
2218 1506 2350 1605 τὴν
2391 1507 2574 1586 ἰδίαν

44 1654 136 1696 10
168 1626 251 1710 δὲ
293 1636 585 1727 μᾶλλον
620 1627 945 1712 εὔκλειάν
981 1666 1058 1711 τε
1109 1637 1228 1712 καὶ
1278 1630 1526 1738 δόξαν.
1608 1631 1745 1712 ἔδει
1780 1629 1924 1734 γὰρ
1961 1633 2182 1711 ἐκεῖνο
2218 1631 2404 1730 ἡμᾶς
2439 1628 2573 1730 μὲν

166 1756 410 1851 αἰτεῖν,
447 1752 665 1839 αὐτὸν
701 1751 779 1834 δὲ
816 1755 1072 1838 οὐκέτι.
1148 1756 1278 1836 θέα
1324 1754 1402 1837 δὲ
1452 1755 1647 1840 ὅπως·
1695 1754 1829 1855 τὴν
1862 1755 1971 1836 ἐπ’
2010 1756 2234 1863 ἄμφω
2284 1756 2569 1859 παῤῥη-

166 1877 342 1956 σίαν
402 1880 480 1957 ἐν
538 1881 765 1987 ἑαυτῷ
832 1877 1060 1960 πάλιν
1132 1882 1252 1959 καὶ
1326 1881 1412 1959 δι’
1478 1881 1734 1960 ἑαυτοῦ
1805 1883 1897 1984 τῇ
1971 1880 2276 1986 ἡμετέρᾳ
2352 1880 2573 1986 φύσει

165 2009 591 2103 καινοτομεῖ.
675 2005 753 2083 ἐν
802 2005 998 2111 αὐτῷ
1050 2001 1194 2108 γὰρ
1248 2003 1512 2112 πρώτῳ
1570 2008 1688 2084 καὶ
1745 2005 1831 2084 δι’
1880 2005 2098 2083 αὐτοῦ
2151 2003 2567 2104 πεπλουτή-

164 2158 394 2222 καμεν
436 2129 555 2206 καὶ
609 2125 693 2207 τὸ
749 2125 1105 2208 δύνασθαι
1162 2136 1494 2231 πληροῦν
1536 2127 1631 2208 τὰ
1677 2127 1861 2233 πρὸς
1909 2125 2364 2231 κατόρθωσιν
2407 2128 2577 2227 ἡμῖν

39 2276 129 2338 15
165 2251 756 2355 ἐγκεχειρισμένα
790 2251 989 2356 παρὰ
1026 2257 1238 2350 Θεοῦ,
1275 2259 1391 2334 καί
1443 2250 1526 2333 τὸ
1575 2258 1835 2358 χρῆναι
1878 2252 2139 2334 λοιπὸν
2175 2255 2252 2333 ἐκ
2287 2255 2566 2357 παῤῥη-
2608 2265 2652 2330 b

163 2375 338 2459 σίας
407 2372 538 2475 τὴν
590 2383 744 2461 ,τοῖς
809 2377 1264 2477 εὐδοκιμοῦσι
1328 2378 1929 2483 χρεωστουμένην
1984 2382 2278 2477 αἰτῆσαι
2333 2377 2572 2477 τιμήν.

162 2496 403 2581 πάλαι
455 2499 587 2599 μὲν
629 2499 774 2606 γὰρ
831 2498 950 2582 διὰ
1002 2501 1136 2603 τὴν
1182 2502 1294 2610 ἐφ’
1334 2502 1520 2602 ἡμᾶς
1576 2501 2146 2598 βασιλεύσασαν
2192 2501 2574 2605 ἁμαρτίαν,

163 2627 291 2703 καὶ
323 2623 457 2724 τὴν
491 2626 881 2728 γενομένην
915 2625 1336 2708 ἀπόστασιν
1371 2629 1448 2706 ἐν
1481 2624 1745 2726 Ἀδὰμ,
1782 2626 1942 2706 οὔτε
1988 2623 2073 2705 τὸ
2118 2625 2481 2706 δύνασθαί
2508 2659 2580 2705 τι

161 2753 570 2852 κατορθοῦν
608 2756 756 2830 τῶν
799 2749 1209 2831 τελούντων
1258 2756 1356 2835 εἰς
1410 2750 1671 2853 ἀρετὴν
1712 2748 2163 2849 ἐκεκτήμεθα,
2202 2748 2405 2828 ἀλλὰ
2459 2752 2576 2829 καὶ

31 2899 132 2942 20
160 2872 579 2976 παῤῥησίας
632 2878 762 2973 τῆς
812 2872 998 2976 πρὸς
1048 2874 1242 2955 Θεὸν
1294 2878 1393 2961 ὡς
1446 2871 1888 2979 ποῤῥωτάτω
1942 2871 2143 2973 ἦμεν.
2229 2876 2347 2953 καὶ
2400 2881 2578 2976 γοῦν

161 3001 269 3081 εἰς
337 2996 607 3101 ταύτην
670 2998 857 3098 ἡμᾶς·
929 2997 1372 3103 ἀνακομίζων
1431 2997 1621 3083 Θεὸς
1687 3001 1767 3079 ἐκ
1835 3001 2127 3097 πολλῆς
2199 2999 2388 3100 ἄγαν
2449 3001 2578 3096 τῆς

158 3120 601 3223 ἡμερότητος
640 3121 758 3203 διὰ
791 3126 918 3223 τῆς
955 3131 1084 3203 τοῦ
1117 3121 1499 3229 προφήτου
1536 3127 1783 3230 φωνῆς
1818 3128 2292 3227 παρεμυθεῖτο
2341 3121 2578 3222 λέγων

160 3252 214 3291 “
244 3242 381 3344 Μὴ
446 3251 688 3352 φοβοῦ
750 3245 859 3327 ὅτι
925 3246 1456 3352 κατῃσχύνθης,
1517 3247 1700 3348 μηδὲ
1772 3249 2125 3351 ἐντραπῇς
2187 3245 2297 3325 ὅτι
2367 3247 2573 3323 ὠνει-

158 3377 213 3415 “
251 3366 578 3471 δι’σθης.”
657 3370 906 3474 ὥσπερ
962 3372 1091 3452 οὖν
1140 3373 1216 3452 ἐν
1262 3379 1411 3457 τοῖς
1464 3371 1730 3456 ἄλλοις·
1782 3369 2061 3452 ἅπασιν
2106 3375 2403 3472 ἀγαθοῖς·
2458 3368 2577 3448 καὶ

24 3513 122 3575 ²5
156 3491 461 3598 ἀπαρχὴ
527 3497 646 3575 καὶ
708 3495 896 3599 θύρα
969 3500 1086 3576 καὶ
1150 3494 1316 3581 ὁδὸς
1369 3496 1665 3599 γέγονεν
1725 3497 1895 3599 ἡμῖν
1953 3498 1994 3576 ὁ
2054 3496 2316 3600 Κύριος
2372 3495 2575 3594 ἡμῶν
2604 3532 2642 3575 ο

154 3617 454 3717 Ἰησοῦς
511 3619 553 3697 5
606 3617 954 3722 Χριστὸς,
1009 3621 1197 3700 οὕτω
1253 3618 1581 3701 κάνθάδε.

289 3744 380 3819 Εἰ
435 3739 513 3821 δὲ
567 3741 700 3842 τὴν
748 3744 930 3824 ἰδίαν
966 3778 1044 3823 τε
1097 3747 1214 3825 καὶ
1263 3745 1717 3849 προκόσμιον
1752 3740 1975 3851 δόξαν
2018 3744 2060 3823 5
2108 3741 2366 3845 Σωτὴρ
2412 3745 2571 3824 ἐπι·

152 3864 379 3969 ζητεῖ,
438 3868 556 3946 καὶ
624 3872 719 3951 εἰς
782 3867 1010 3949 τύπον
1068 3866 1198 3949 τὸν
1261 3871 1426 3949 καθ’
1484 3868 1671 3968 ἡμᾶς
1733 3864 1867 3967 τὴν
1929 3874 2058 3947 τοῦ
2121 3864 2580 3970 θεωρήματος

150 3989 740 4092 περιενεγκόντες
794 3992 1116 4091 δύναμιν,
1161 3991 1306 4072 σῦν
1348 3996 1603 4097 πολλῇ
1652 3996 1744 4097 τῇ
1798 3992 2163 4098 προθυμίᾳ
2218 3990 2572 4095 κατεργά-

23 4132 117 4192 30
156 4112 423 4218 ζεσθαι
477 4117 622 4194 δεῖν
667 4118 784 4198 καὶ
838 4115 1023 4215 ἡμᾶς
1080 4115 1333 4200 αὐτοῦς
1388 4114 1992 4214 διαβεβαιούμεθα
2040 4113 2124 4194 τὸ
2175 4117 2430 4195 δοκοῦν
2474 4119 2578 4220 τῷ

157 4242 364 4345 Θεῷ,
401 4232 603 4345 δόξαν
639 4236 716 4319 δὲ
753 4242 938 4320 οὕτω
974 4237 1105 4338 τὴν
1143 4238 1415 4319 ἄνωθεν
1453 4241 1530 4318 ἐκ
1575 4240 1986 4341 παῤῥησίας
2021 4244 2259 4319 αἰτεῖν·
2313 4237 2576 4318 οἰέσθω

236 4531 294 4586 3.
331 4513 521 4586 μόνου]
549 4514 626 4571 ze.
651 4519 788 4570 Θεοῦ
813 4515 916 4572 Ed.
942 4534 1052 4588 mg.
1076 4520 1170 4572 τοῦ
1191 4519 1351 4587 μόνου
1376 4517 1534 4587 δόξαν
1557 4516 1772 4573 exhibet
1795 4525 1848 4572 et
1872 4517 1933 4572 F.
2287 4531 2372 4585 27.
2410 4535 2466 4568 τε
2491 4531 2578 4568 as-

157 4594 454 4657 sumptum
478 4604 545 4641 ex
572 4586 638 4643 E.
1993 4633 2004 4640 .

258 4687 405 4734 von.
441 4689 515 4733 11.
1327 4691 1371 4751 4
1401 4689 1444 4732 R

2671 3269 2756 3321 Es.
2770 3270 2854 3322 liv.
2865 3285 2915 3335 4.
