<?xml version="1.0" encoding="UTF-8"?>
<!DOCTYPE html PUBLIC "-//W3C//DTD XHTML 1.0 Transitional//EN"
    "http://www.w3.org/TR/xhtml1/DTD/xhtml1-transitional.dtd">
<html xmlns="http://www.w3.org/1999/xhtml" xml:lang="en" lang="en">
 <head>
  <title>
</title>
<meta http-equiv="Content-Type" content="text/html;charset=utf-8" />
  <meta name='ocr-system' content='tesseract 3.04.00' />
  <meta name='ocr-capabilities' content='ocr_page ocr_carea ocr_par ocr_line ocrx_word'/>
</head>
<body>
  <div class='ocr_page' id='page_1' title='image "./sanctipatrisnos03pusegoog_0454.png"; bbox 0 0 3238 5158; ppageno 0'>
   <div class='ocr_carea' id='block_1_1' title="bbox 688 332 3113 405">
    <p class='ocr_par' dir='ltr' id='par_1_1' title="bbox 688 332 3113 405">
     <span class='ocr_line' id='line_1_1' title="bbox 688 332 3113 405; baseline -0.005 0"><span class='ocrx_word' id='word_1_1' title='bbox 688 343 819 405; x_wconf 79' lang='lat'>442</span> <span class='ocrx_word' id='word_1_2' title='bbox 1290 341 1371 405; x_wconf 91' lang='lat' dir='ltr'>B.</span> <span class='ocrx_word' id='word_1_3' title='bbox 1418 338 1842 405; x_wconf 85' lang='lat' dir='ltr'>CYRILLI</span> <span class='ocrx_word' id='word_1_4' title='bbox 1900 338 2477 405; x_wconf 87' lang='lat' dir='ltr'><strong>ALEXANDR.</strong></span> <span class='ocrx_word' id='word_1_5' title='bbox 2834 332 2975 397; x_wconf 77' lang='lat' dir='ltr'><strong>xiv.</strong></span> <span class='ocrx_word' id='word_1_6' title='bbox 3010 351 3113 394; x_wconf 90' lang='lat'>11.</span> 
     </span>
    </p>
   </div>
   <div class='ocr_carea' id='block_1_2' title="bbox 615 498 3225 4214">
    <p class='ocr_par' dir='ltr' id='par_1_2' title="bbox 686 498 3225 1235">
     <span class='ocr_line' id='line_1_2' title="bbox 690 498 3225 608; baseline -0 -24"><span class='ocrx_word' id='word_1_7' title='bbox 690 516 735 555; x_wconf 82' lang='lat'>‘⁶</span> <span class='ocrx_word' id='word_1_8' title='bbox 771 505 971 608; x_wconf 88' lang='grc' dir='ltr'>θεροί</span> <span class='ocrx_word' id='word_1_9' title='bbox 1023 509 1209 586; x_wconf 79' lang='grc' dir='ltr'>εἶσιν</span> <span class='ocrx_word' id='word_1_10' title='bbox 1268 509 1335 585; x_wconf 78' lang='grc' dir='ltr'>οἱ</span> <span class='ocrx_word' id='word_1_11' title='bbox 1393 505 1596 587; x_wconf 82' lang='grc' dir='ltr'>υἱοί.”</span> <span class='ocrx_word' id='word_1_12' title='bbox 1680 512 1740 586; x_wconf 80' lang='grc' dir='ltr'>εἰ</span> <span class='ocrx_word' id='word_1_13' title='bbox 1800 505 1876 586; x_wconf 86' lang='grc' dir='ltr'>δὲ</span> <span class='ocrx_word' id='word_1_14' title='bbox 1934 504 2025 606; x_wconf 85' lang='grc' dir='ltr'>ἦν</span> <span class='ocrx_word' id='word_1_15' title='bbox 2080 505 2498 606; x_wconf 84' lang='grc' dir='ltr'>ὃμόδουλος,</span> <span class='ocrx_word' id='word_1_16' title='bbox 2555 506 2673 584; x_wconf 79' lang='grc' dir='ltr'>καὶ</span> <span class='ocrx_word' id='word_1_17' title='bbox 2725 503 2872 606; x_wconf 79' lang='grc' dir='ltr'>οὐχ</span> <span class='ocrx_word' id='word_1_18' title='bbox 2928 498 3120 583; x_wconf 75' lang='grc' dir='ltr'>’Υἱὸς</span> <span class='ocrx_word' id='word_1_19' title='bbox 3224 595 3225 598; x_wconf 10' lang='lat'>¹</span> 
     </span>
     <span class='ocr_line' id='line_1_3' title="bbox 687 623 3119 733; baseline -0.002 -24"><span class='ocrx_word' id='word_1_20' title='bbox 687 631 980 728; x_wconf 88' lang='grc' dir='ltr'>ἀληθῶς</span> <span class='ocrx_word' id='word_1_21' title='bbox 1050 631 1128 709; x_wconf 86' lang='grc' dir='ltr'>ἐκ</span> <span class='ocrx_word' id='word_1_22' title='bbox 1199 633 1328 728; x_wconf 84' lang='grc' dir='ltr'>τῆς</span> <span class='ocrx_word' id='word_1_23' title='bbox 1400 637 1531 711; x_wconf 90' lang='grc' dir='ltr'>τοῦ</span> <span class='ocrx_word' id='word_1_24' title='bbox 1609 627 1903 732; x_wconf 79' lang='grc' dir='ltr'>Πατρὸς</span> <span class='ocrx_word' id='word_1_25' title='bbox 1980 630 2233 715; x_wconf 82' lang='grc' dir='ltr'>οὐσίας</span> <span class='ocrx_word' id='word_1_26' title='bbox 2312 625 2854 733; x_wconf 74' lang='grc' dir='ltr'>γεγεννημένος,</span> <span class='ocrx_word' id='word_1_27' title='bbox 2943 623 3119 703; x_wconf 79' lang='grc' dir='ltr'>οὐδὲ</span> 
     </span>
     <span class='ocr_line' id='line_1_4' title="bbox 689 746 3225 860; baseline -0.001 -27"><span class='ocrx_word' id='word_1_28' title='bbox 689 752 1011 860; x_wconf 89' lang='grc' dir='ltr'>φυσικὴν</span> <span class='ocrx_word' id='word_1_29' title='bbox 1070 754 1257 860; x_wconf 78' lang='grc' dir='ltr'>ἔχων</span> <span class='ocrx_word' id='word_1_30' title='bbox 1314 752 1499 858; x_wconf 76' lang='grc' dir='ltr'>πρὸς</span> <span class='ocrx_word' id='word_1_31' title='bbox 1563 753 1692 835; x_wconf 78' lang='grc' dir='ltr'>τὸν</span> <span class='ocrx_word' id='word_1_32' title='bbox 1754 752 2054 835; x_wconf 81' lang='grc' dir='ltr'>τεκόντα</span> <span class='ocrx_word' id='word_1_33' title='bbox 2117 753 2252 855; x_wconf 86' lang='grc' dir='ltr'>τὴν</span> <span class='ocrx_word' id='word_1_34' title='bbox 2306 754 2728 853; x_wconf 80' lang='grc' dir='ltr'>οἰκειότητα,</span> <span class='ocrx_word' id='word_1_35' title='bbox 2793 749 2877 829; x_wconf 85' lang='grc' dir='ltr'>τί</span> <span class='ocrx_word' id='word_1_36' title='bbox 2938 746 3118 830; x_wconf 76' lang='grc' dir='ltr'>τοὺς</span> <span class='ocrx_word' id='word_1_37' title='bbox 3224 759 3225 766; x_wconf 63' lang='lat'><em>&#39;</em></span> 
     </span>
     <span class='ocr_line' id='line_1_5' title="bbox 687 872 3119 990; baseline 0 -34"><span class='ocrx_word' id='word_1_38' title='bbox 687 875 966 962; x_wconf 76' lang='grc' dir='ltr'>ἄλλους</span> <span class='ocrx_word' id='word_1_39' title='bbox 1010 876 1335 990; x_wconf 83' lang='grc' dir='ltr'>ἅπαντας</span> <span class='ocrx_word' id='word_1_40' title='bbox 1384 885 1535 963; x_wconf 93' lang='grc' dir='ltr'>τοῖς</span> <span class='ocrx_word' id='word_1_41' title='bbox 1581 874 1878 959; x_wconf 73' lang='grc' dir='ltr'>τέλεσιν</span> <span class='ocrx_word' id='word_1_42' title='bbox 1914 881 2219 977; x_wconf 79' lang='grc' dir='ltr'>ὑποθεὶς,</span> <span class='ocrx_word' id='word_1_43' title='bbox 2260 882 2355 964; x_wconf 84' lang='grc' dir='ltr'>ῶς</span> <span class='ocrx_word' id='word_1_44' title='bbox 2406 877 2834 980; x_wconf 81' lang='grc' dir='ltr'>ἀλλοτρίους</span> <span class='ocrx_word' id='word_1_45' title='bbox 2887 872 3119 957; x_wconf 78' lang='grc' dir='ltr'>ὄντας</span> 
     </span>
     <span class='ocr_line' id='line_1_6' title="bbox 688 999 3169 1111; baseline 0.002 -31"><span class='ocrx_word' id='word_1_46' title='bbox 688 999 872 1081; x_wconf 81' lang='grc' dir='ltr'>κατὰ</span> <span class='ocrx_word' id='word_1_47' title='bbox 906 1001 1040 1102; x_wconf 90' lang='grc' dir='ltr'>τὴν</span> <span class='ocrx_word' id='word_1_48' title='bbox 1079 1001 1308 1111; x_wconf 84' lang='grc' dir='ltr'>φύσιν</span> <span class='ocrx_word' id='word_1_49' title='bbox 1344 1012 1471 1084; x_wconf 91' lang='grc' dir='ltr'>τοῦ</span> <span class='ocrx_word' id='word_1_50' title='bbox 1507 1006 2004 1105; x_wconf 86' lang='grc' dir='ltr'>δασμολογεῖν</span> <span class='ocrx_word' id='word_1_51' title='bbox 2040 1003 2483 1109; x_wconf 80' lang='grc' dir='ltr'>ὀφείλοντος,</span> <span class='ocrx_word' id='word_1_52' title='bbox 2520 1006 2639 1082; x_wconf 81' lang='grc' dir='ltr'>καὶ</span> <span class='ocrx_word' id='word_1_53' title='bbox 2687 1001 2764 1079; x_wconf 91' lang='grc' dir='ltr'>ε’ν</span> <span class='ocrx_word' id='word_1_54' title='bbox 2800 1003 3116 1079; x_wconf 76' lang='grc' dir='ltr'>οἰκετῶν</span> <span class='ocrx_word' id='word_1_55' title='bbox 3140 1026 3169 1085; x_wconf 80' lang='grc'>5</span> 
     </span>
     <span class='ocr_line' id='line_1_7' title="bbox 686 1124 3109 1235; baseline -0.001 -30"><span class='ocrx_word' id='word_1_56' title='bbox 686 1124 890 1232; x_wconf 79' lang='grc' dir='ltr'>τάξει</span> <span class='ocrx_word' id='word_1_57' title='bbox 939 1127 1314 1227; x_wconf 81' lang='grc' dir='ltr'>κειμένους,</span> <span class='ocrx_word' id='word_1_58' title='bbox 1352 1125 1550 1235; x_wconf 75' lang='grc' dir='ltr'>μόνῳ</span> <span class='ocrx_word' id='word_1_59' title='bbox 1601 1127 1737 1227; x_wconf 89' lang='grc' dir='ltr'>τὴν</span> <span class='ocrx_word' id='word_1_60' title='bbox 1778 1127 2187 1231; x_wconf 86' lang='grc' dir='ltr'>ελευθερίαν</span> <span class='ocrx_word' id='word_1_61' title='bbox 2228 1126 2767 1231; x_wconf 81' lang='grc' dir='ltr'>μεμαρτύρηκεν</span> <span class='ocrx_word' id='word_1_62' title='bbox 2799 1125 3107 1231; x_wconf 52' lang='lat' dir='ltr'>eam-cp*-</span> <span class='ocrx_word' id='word_1_63' title='bbox 3088 1187 3109 1219; x_wconf 91' lang='lat'>,</span> 
     </span>
    </p>

    <p class='ocr_par' dir='ltr' id='par_1_3' title="bbox 627 1250 3194 2104">
     <span class='ocr_line' id='line_1_8' title="bbox 627 1250 3119 1360; baseline 0.001 -32"><span class='ocrx_word' id='word_1_64' title='bbox 627 1284 664 1327; x_wconf 86' lang='grc' dir='ltr'>ο</span> <span class='ocrx_word' id='word_1_65' title='bbox 690 1258 1281 1355; x_wconf 81' lang='grc' dir='ltr'>καταχρηστικῶς</span> <span class='ocrx_word' id='word_1_66' title='bbox 1328 1251 1462 1352; x_wconf 80' lang='grc' dir='ltr'>μὲν</span> <span class='ocrx_word' id='word_1_67' title='bbox 1496 1250 1645 1354; x_wconf 82' lang='grc' dir='ltr'>γὰρ</span> <span class='ocrx_word' id='word_1_68' title='bbox 1697 1253 1807 1360; x_wconf 85' lang='grc' dir='ltr'>ἐφ’</span> <span class='ocrx_word' id='word_1_69' title='bbox 1849 1252 2019 1352; x_wconf 83' lang='grc' dir='ltr'>ἡμῖν</span> <span class='ocrx_word' id='word_1_70' title='bbox 2065 1250 2157 1332; x_wconf 81' lang='grc' dir='ltr'>τὰ</span> <span class='ocrx_word' id='word_1_71' title='bbox 2205 1253 2459 1356; x_wconf 83' lang='grc' dir='ltr'>κυρίως</span> <span class='ocrx_word' id='word_1_72' title='bbox 2505 1286 2585 1332; x_wconf 91' lang='grc' dir='ltr'>τε</span> <span class='ocrx_word' id='word_1_73' title='bbox 2633 1251 2752 1329; x_wconf 87' lang='grc' dir='ltr'>καὶ</span> <span class='ocrx_word' id='word_1_74' title='bbox 2799 1250 3119 1349; x_wconf 81' lang='grc' dir='ltr'>ἀληθῶς</span> 
     </span>
     <span class='ocr_line' id='line_1_9' title="bbox 684 1371 3116 1483; baseline -0.002 -27"><span class='ocrx_word' id='word_1_75' title='bbox 684 1372 873 1481; x_wconf 80' lang='grc' dir='ltr'>μόνῃ</span> <span class='ocrx_word' id='word_1_76' title='bbox 908 1375 1280 1479; x_wconf 81' lang='grc' dir='ltr'>πρέποντα</span> <span class='ocrx_word' id='word_1_77' title='bbox 1311 1381 1402 1482; x_wconf 82' lang='grc' dir='ltr'>τῇ</span> <span class='ocrx_word' id='word_1_78' title='bbox 1440 1372 1725 1476; x_wconf 87' lang='grc' dir='ltr'>θεότητι</span> <span class='ocrx_word' id='word_1_79' title='bbox 1761 1373 2146 1483; x_wconf 80' lang='grc' dir='ltr'>φέρεται,’</span> <span class='ocrx_word' id='word_1_80' title='bbox 2109 1375 2490 1482; x_wconf 84' lang='grc' dir='ltr'>ενυπάρχει</span> <span class='ocrx_word' id='word_1_81' title='bbox 2540 1373 2616 1455; x_wconf 81' lang='grc' dir='ltr'>δὲ</span> <span class='ocrx_word' id='word_1_82' title='bbox 2664 1374 2863 1480; x_wconf 73' lang='grc' dir='ltr'>αὐτῷ</span> <span class='ocrx_word' id='word_1_83' title='bbox 2917 1371 3116 1453; x_wconf 78' lang='grc' dir='ltr'>κατὰ</span> 
     </span>
     <span class='ocr_line' id='line_1_10' title="bbox 685 1495 3107 1602; baseline 0.001 -26"><span class='ocrx_word' id='word_1_84' title='bbox 685 1499 1050 1600; x_wconf 88' lang='grc' dir='ltr'>ἀλήθειαν,</span> <span class='ocrx_word' id='word_1_85' title='bbox 1105 1496 1297 1580; x_wconf 78' lang='grc' dir='ltr'>ὥστε</span> <span class='ocrx_word' id='word_1_86' title='bbox 1360 1495 1494 1598; x_wconf 86' lang='grc' dir='ltr'>τὴν</span> <span class='ocrx_word' id='word_1_87' title='bbox 1546 1505 1696 1580; x_wconf 93' lang='grc' dir='ltr'>τῶν</span> <span class='ocrx_word' id='word_1_88' title='bbox 1749 1506 2073 1601; x_wconf 80' lang='grc' dir='ltr'>γενητῶν</span> <span class='ocrx_word' id='word_1_89' title='bbox 2121 1500 2189 1581; x_wconf 82' lang='grc' dir='ltr'>εἴ</span> <span class='ocrx_word' id='word_1_90' title='bbox 2242 1535 2353 1585; x_wconf 91' lang='grc' dir='ltr'>τις</span> <span class='ocrx_word' id='word_1_91' title='bbox 2414 1502 2727 1602; x_wconf 80' lang='grc' dir='ltr'>ἀκριβῶς</span> <span class='ocrx_word' id='word_1_92' title='bbox 2793 1498 3107 1578; x_wconf 78' lang='grc' dir='ltr'>διασκέ-</span> 
     </span>
     <span class='ocr_line' id='line_1_11' title="bbox 683 1619 3194 1730; baseline -0.001 -27"><span class='ocrx_word' id='word_1_93' title='bbox 683 1656 939 1703; x_wconf 89' lang='grc' dir='ltr'>πτοιτο</span> <span class='ocrx_word' id='word_1_94' title='bbox 975 1621 1233 1730; x_wconf 82' lang='grc' dir='ltr'>φύσιν,</span> <span class='ocrx_word' id='word_1_95' title='bbox 1274 1622 1639 1725; x_wconf 87' lang='grc' dir='ltr'>θεωρήσαι</span> <span class='ocrx_word' id='word_1_96' title='bbox 1674 1621 1963 1708; x_wconf 77' lang='grc' dir='ltr'>πάντως</span> <span class='ocrx_word' id='word_1_97' title='bbox 2000 1625 2182 1728; x_wconf 82' lang='grc' dir='ltr'>αυτῇ</span> <span class='ocrx_word' id='word_1_98' title='bbox 2214 1622 2300 1706; x_wconf 83' lang='grc' dir='ltr'>τὸ</span> <span class='ocrx_word' id='word_1_99' title='bbox 2338 1628 2468 1724; x_wconf 86' lang='grc' dir='ltr'>τῆς</span> <span class='ocrx_word' id='word_1_100' title='bbox 2504 1619 2923 1704; x_wconf 77' lang='grc' dir='ltr'>δουλείας”’</span> <span class='ocrx_word' id='word_1_101' title='bbox 2866 1619 3117 1721; x_wconf 78' lang='grc' dir='ltr'>ονομά</span> <span class='ocrx_word' id='word_1_102' title='bbox 3140 1653 3194 1694; x_wconf 83' lang='lat'>10</span> 
     </span>
     <span class='ocr_line' id='line_1_12' title="bbox 685 1744 3114 1852; baseline -0.002 -23"><span class='ocrx_word' id='word_1_103' title='bbox 685 1781 766 1829; x_wconf 92' lang='grc' dir='ltr'>τε</span> <span class='ocrx_word' id='word_1_104' title='bbox 813 1751 931 1828; x_wconf 86' lang='grc' dir='ltr'>καὶ</span> <span class='ocrx_word' id='word_1_105' title='bbox 976 1754 1282 1851; x_wconf 83' lang='grc' dir='ltr'>πρᾶγμα</span> <span class='ocrx_word' id='word_1_106' title='bbox 1327 1745 1960 1851; x_wconf 79' lang='grc' dir='ltr'>πρεπωδέστατον.</span> <span class='ocrx_word' id='word_1_107' title='bbox 2040 1753 2101 1827; x_wconf 80' lang='grc' dir='ltr'>εὶ</span> <span class='ocrx_word' id='word_1_108' title='bbox 2147 1746 2239 1828; x_wconf 77' lang='grc' dir='ltr'>δέ</span> <span class='ocrx_word' id='word_1_109' title='bbox 2273 1782 2459 1834; x_wconf 88' lang='grc' dir='ltr'>τινες</span> <span class='ocrx_word' id='word_1_110' title='bbox 2504 1753 2651 1827; x_wconf 92' lang='grc' dir='ltr'>τῶν</span> <span class='ocrx_word' id='word_1_111' title='bbox 2685 1748 2762 1825; x_wconf 82' lang='grc' dir='ltr'>ἐν</span> <span class='ocrx_word' id='word_1_112' title='bbox 2798 1744 2983 1843; x_wconf 81' lang='grc' dir='ltr'>ἡμῖν</span> <span class='ocrx_word' id='word_1_113' title='bbox 3017 1751 3114 1852; x_wconf 76' lang='grc' dir='ltr'>τῇ</span> 
     </span>
     <span class='ocr_line' id='line_1_13' title="bbox 683 1868 3113 1978; baseline -0.002 -23"><span class='ocrx_word' id='word_1_114' title='bbox 683 1874 814 1970; x_wconf 81' lang='grc' dir='ltr'>τῆς</span> <span class='ocrx_word' id='word_1_115' title='bbox 869 1871 1275 1971; x_wconf 84' lang='grc' dir='ltr'>ἐλευθερίας</span> <span class='ocrx_word' id='word_1_116' title='bbox 1330 1871 1741 1970; x_wconf 85' lang='grc' dir='ltr'>τετίμηνται</span> <span class='ocrx_word' id='word_1_117' title='bbox 1797 1868 2000 1978; x_wconf 80' lang='grc' dir='ltr'>δόξῃ,</span> <span class='ocrx_word' id='word_1_118' title='bbox 2051 1877 2644 1978; x_wconf 85' lang='grc' dir='ltr'>καταχρηστικῶς</span> <span class='ocrx_word' id='word_1_119' title='bbox 2699 1869 2966 1975; x_wconf 77' lang='grc' dir='ltr'>ἔχουσι</span> <span class='ocrx_word' id='word_1_120' title='bbox 3025 1869 3113 1950; x_wconf 76' lang='grc' dir='ltr'>τὸ</span> 
     </span>
     <span class='ocr_line' id='line_1_14' title="bbox 682 1993 1771 2104; baseline 0.003 -31"><span class='ocrx_word' id='word_1_121' title='bbox 682 1993 884 2104; x_wconf 77' lang='grc' dir='ltr'>μόνῳ</span> <span class='ocrx_word' id='word_1_122' title='bbox 939 2000 1107 2101; x_wconf 77' lang='grc' dir='ltr'>Θεῷ</span> <span class='ocrx_word' id='word_1_123' title='bbox 1161 1993 1771 2099; x_wconf 80' lang='grc' dir='ltr'>χρεωστούμενον.</span> 
     </span>
    </p>

    <p class='ocr_par' dir='ltr' id='par_1_4' title="bbox 686 2114 3225 2350">
     <span class='ocr_line' id='line_1_15' title="bbox 795 2114 3110 2225; baseline 0 -27"><span class='ocrx_word' id='word_1_124' title='bbox 795 2116 1078 2202; x_wconf 84' lang='grc' dir='ltr'>Ἡδέως</span> <span class='ocrx_word' id='word_1_125' title='bbox 1151 2119 1219 2197; x_wconf 90' lang='grc' dir='ltr'>δ’</span> <span class='ocrx_word' id='word_1_126' title='bbox 1298 2114 1391 2197; x_wconf 78' lang='grc' dir='ltr'>ἂν</span> <span class='ocrx_word' id='word_1_127' title='bbox 1463 2116 1764 2225; x_wconf 87' lang='grc' dir='ltr'>σφόδρα</span> <span class='ocrx_word' id='word_1_128' title='bbox 1836 2122 2116 2200; x_wconf 86' lang='grc' dir='ltr'>κάκεῖνο</span> <span class='ocrx_word' id='word_1_129' title='bbox 2187 2118 2370 2224; x_wconf 78' lang='grc' dir='ltr'>πρὸς</span> <span class='ocrx_word' id='word_1_130' title='bbox 2441 2119 2719 2203; x_wconf 82' lang='grc' dir='ltr'>τούτοις</span> <span class='ocrx_word' id='word_1_131' title='bbox 2800 2118 3110 2221; x_wconf 83' lang='grc' dir='ltr'>ἐροίμην</span> 
     </span>
     <span class='ocr_line' id='line_1_16' title="bbox 686 2237 3225 2350; baseline 0.001 -28"><span class='ocrx_word' id='word_1_132' title='bbox 686 2240 939 2326; x_wconf 81' lang='grc' dir='ltr'>αὐτούς</span> <span class='ocrx_word' id='word_1_133' title='bbox 972 2237 1171 2344; x_wconf 78' lang='grc' dir='ltr'>Ἀρα</span> <span class='ocrx_word' id='word_1_134' title='bbox 1227 2240 1579 2350; x_wconf 89' lang='grc' dir='ltr'>θεοφόρον</span> <span class='ocrx_word' id='word_1_135' title='bbox 1622 2244 1868 2346; x_wconf 85' lang='grc' dir='ltr'>ἐροῦσι</span> <span class='ocrx_word' id='word_1_136' title='bbox 1921 2241 2051 2324; x_wconf 81' lang='grc' dir='ltr'>τὸν</span> <span class='ocrx_word' id='word_1_137' title='bbox 2091 2250 2415 2342; x_wconf 85' lang='grc' dir='ltr'>Παῦλον,</span> <span class='ocrx_word' id='word_1_138' title='bbox 2452 2249 2786 2348; x_wconf 85' lang='grc' dir='ltr'>Χριστοῦ</span> <span class='ocrx_word' id='word_1_139' title='bbox 2841 2276 3099 2323; x_wconf 85' lang='grc' dir='ltr'>κατοι-</span> <span class='ocrx_word' id='word_1_140' title='bbox 3130 2264 3187 2325; x_wconf 82' lang='lat'>15</span> <span class='ocrx_word' id='word_1_141' title='bbox 3224 2257 3225 2288; x_wconf 74' lang='lat'>³</span> 
     </span>
    </p>

    <p class='ocr_par' dir='ltr' id='par_1_5' title="bbox 615 2364 3171 3343">
     <span class='ocr_line' id='line_1_17' title="bbox 615 2364 3105 2470; baseline 0.003 -27"><span class='ocrx_word' id='word_1_142' title='bbox 615 2377 662 2443; x_wconf 80' lang='lat' dir='ltr'><strong>d</strong></span> <span class='ocrx_word' id='word_1_143' title='bbox 688 2373 979 2450; x_wconf 88' lang='grc' dir='ltr'>κοῦντος</span> <span class='ocrx_word' id='word_1_144' title='bbox 1034 2364 1151 2445; x_wconf 78' lang='grc' dir='ltr'>διὰ</span> <span class='ocrx_word' id='word_1_145' title='bbox 1206 2373 1336 2446; x_wconf 89' lang='grc' dir='ltr'>τοῦ</span> <span class='ocrx_word' id='word_1_146' title='bbox 1390 2364 1569 2446; x_wconf 80' lang='grc' dir='ltr'>ἰδίου</span> <span class='ocrx_word' id='word_1_147' title='bbox 1631 2367 2072 2461; x_wconf 84' lang='grc' dir='ltr'>Πνεύματος·</span> <span class='ocrx_word' id='word_1_148' title='bbox 2155 2366 2202 2470; x_wconf 84' lang='grc' dir='ltr'>ἢ</span> <span class='ocrx_word' id='word_1_149' title='bbox 2259 2370 2377 2448; x_wconf 83' lang='grc' dir='ltr'>καὶ</span> <span class='ocrx_word' id='word_1_150' title='bbox 2433 2377 2647 2448; x_wconf 89' lang='grc' dir='ltr'>τοῦτο</span> <span class='ocrx_word' id='word_1_151' title='bbox 2706 2374 3105 2468; x_wconf 84' lang='grc' dir='ltr'>ληροῦντες</span> 
     </span>
     <span class='ocr_line' id='line_1_18' title="bbox 687 2486 3098 2599; baseline 0.001 -31"><span class='ocrx_word' id='word_1_152' title='bbox 687 2487 1151 2593; x_wconf 83' lang='grc' dir='ltr'>ἀρνήσονται.</span> <span class='ocrx_word' id='word_1_153' title='bbox 1255 2494 1315 2569; x_wconf 80' lang='grc' dir='ltr'>εἰ</span> <span class='ocrx_word' id='word_1_154' title='bbox 1379 2487 1513 2589; x_wconf 79' lang='grc' dir='ltr'>μὲν</span> <span class='ocrx_word' id='word_1_155' title='bbox 1566 2489 1711 2594; x_wconf 81' lang='grc' dir='ltr'>γὰρ</span> <span class='ocrx_word' id='word_1_156' title='bbox 1775 2494 2021 2596; x_wconf 86' lang='grc' dir='ltr'>ἐροῦσι</span> <span class='ocrx_word' id='word_1_157' title='bbox 2087 2492 2441 2599; x_wconf 90' lang='grc' dir='ltr'>θεοφόρον</span> <span class='ocrx_word' id='word_1_158' title='bbox 2504 2493 2632 2572; x_wconf 80' lang='grc' dir='ltr'>οὐκ</span> <span class='ocrx_word' id='word_1_159' title='bbox 2690 2486 2872 2570; x_wconf 80' lang='grc' dir='ltr'>εἶναι</span> <span class='ocrx_word' id='word_1_160' title='bbox 2942 2492 3098 2571; x_wconf 86' lang='grc' dir='ltr'>κατ’</span> 
     </span>
     <span class='ocr_line' id='line_1_19' title="bbox 682 2612 3097 2720; baseline 0.001 -26"><span class='ocrx_word' id='word_1_161' title='bbox 682 2613 1050 2714; x_wconf 88' lang='grc' dir='ltr'>ἀλήθειαν,</span> <span class='ocrx_word' id='word_1_162' title='bbox 1123 2613 1416 2717; x_wconf 79' lang='grc' dir='ltr'>ἀρκέσει</span> <span class='ocrx_word' id='word_1_163' title='bbox 1488 2612 1577 2714; x_wconf 77' lang='grc' dir='ltr'>δὴ</span> <span class='ocrx_word' id='word_1_164' title='bbox 1654 2624 1869 2696; x_wconf 91' lang='grc' dir='ltr'>τοῦτο</span> <span class='ocrx_word' id='word_1_165' title='bbox 1938 2616 2119 2720; x_wconf 79' lang='grc' dir='ltr'>πρὸς</span> <span class='ocrx_word' id='word_1_166' title='bbox 2192 2616 2277 2697; x_wconf 82' lang='grc' dir='ltr'>τὸ</span> <span class='ocrx_word' id='word_1_167' title='bbox 2348 2615 2624 2702; x_wconf 81' lang='grc' dir='ltr'>πάντας</span> <span class='ocrx_word' id='word_1_168' title='bbox 2703 2618 3097 2697; x_wconf 83' lang='grc' dir='ltr'>ἀναπεῖσαι</span> 
     </span>
     <span class='ocr_line' id='line_1_20' title="bbox 682 2738 3095 2849; baseline 0.002 -32"><span class='ocrx_word' id='word_1_169' title='bbox 682 2738 944 2820; x_wconf 79' lang='grc' dir='ltr'>λοιπὸν</span> <span class='ocrx_word' id='word_1_170' title='bbox 996 2738 1129 2823; x_wconf 83' lang='grc' dir='ltr'>τὰς</span> <span class='ocrx_word' id='word_1_171' title='bbox 1188 2741 1354 2841; x_wconf 87' lang='grc' dir='ltr'>παρ’</span> <span class='ocrx_word' id='word_1_172' title='bbox 1416 2740 1654 2820; x_wconf 82' lang='grc' dir='ltr'>αὐτῶν</span> <span class='ocrx_word' id='word_1_173' title='bbox 1710 2740 2186 2822; x_wconf 81' lang='grc' dir='ltr'>ἀποσείεσθαι</span> <span class='ocrx_word' id='word_1_174' title='bbox 2246 2743 2608 2849; x_wconf 89' lang='grc' dir='ltr'>φλυαρίας</span> <span class='ocrx_word' id='word_1_175' title='bbox 2669 2743 2786 2821; x_wconf 81' lang='grc' dir='ltr'>καὶ</span> <span class='ocrx_word' id='word_1_176' title='bbox 2845 2749 3095 2839; x_wconf 86' lang='grc' dir='ltr'>μισεῖν</span> 
     </span>
     <span class='ocr_line' id='line_1_21' title="bbox 681 2861 3171 2969; baseline 0.001 -26"><span class='ocrx_word' id='word_1_177' title='bbox 681 2868 778 2949; x_wconf 83' lang='grc' dir='ltr'>εἶς</span> <span class='ocrx_word' id='word_1_178' title='bbox 834 2863 1078 2968; x_wconf 78' lang='grc' dir='ltr'>ἄκρον,</span> <span class='ocrx_word' id='word_1_179' title='bbox 1118 2866 1215 2948; x_wconf 85' lang='grc' dir='ltr'>ὡς</span> <span class='ocrx_word' id='word_1_180' title='bbox 1269 2861 1473 2944; x_wconf 77' lang='grc' dir='ltr'>οὐδὲν</span> <span class='ocrx_word' id='word_1_181' title='bbox 1523 2869 1745 2944; x_wconf 78' lang='grc' dir='ltr'>εἰπεῖν</span> <span class='ocrx_word' id='word_1_182' title='bbox 1794 2871 1938 2944; x_wconf 91' lang='grc' dir='ltr'>τῶν</span> <span class='ocrx_word' id='word_1_183' title='bbox 1982 2864 2271 2947; x_wconf 87' lang='grc' dir='ltr'>ἀτόπων</span> <span class='ocrx_word' id='word_1_184' title='bbox 2315 2863 2956 2969; x_wconf 77' lang='grc' dir='ltr'>παραιτουμένους.</span> <span class='ocrx_word' id='word_1_185' title='bbox 3036 2870 3090 2945; x_wconf 79' lang='grc' dir='ltr'>εἰ</span> <span class='ocrx_word' id='word_1_186' title='bbox 3114 2898 3171 2938; x_wconf 76' lang='lat'>20</span> 
     </span>
     <span class='ocr_line' id='line_1_22' title="bbox 682 2985 3087 3094; baseline 0.001 -28"><span class='ocrx_word' id='word_1_187' title='bbox 682 2987 768 3067; x_wconf 83' lang='grc' dir='ltr'>δέ</span> <span class='ocrx_word' id='word_1_188' title='bbox 813 3022 899 3091; x_wconf 88' lang='grc' dir='ltr'>γε</span> <span class='ocrx_word' id='word_1_189' title='bbox 954 2996 1165 3068; x_wconf 87' lang='grc' dir='ltr'>τοῦτο</span> <span class='ocrx_word' id='word_1_190' title='bbox 1222 2986 1608 3091; x_wconf 80' lang='grc' dir='ltr'>φεύγοντες</span> <span class='ocrx_word' id='word_1_191' title='bbox 1670 2985 1852 3091; x_wconf 84' lang='grc' dir='ltr'>πρός</span> <span class='ocrx_word' id='word_1_192' title='bbox 1909 3023 1995 3091; x_wconf 88' lang='grc' dir='ltr'>γε</span> <span class='ocrx_word' id='word_1_193' title='bbox 2052 2988 2137 3070; x_wconf 80' lang='grc' dir='ltr'>τὸ</span> <span class='ocrx_word' id='word_1_194' title='bbox 2196 2994 2455 3094; x_wconf 82' lang='grc' dir='ltr'>χρῆναι</span> <span class='ocrx_word' id='word_1_195' title='bbox 2512 2990 2751 3090; x_wconf 86' lang='grc' dir='ltr'>λέγειν</span> <span class='ocrx_word' id='word_1_196' title='bbox 2806 2989 3087 3090; x_wconf 82' lang='grc' dir='ltr'>τραπή·</span> 
     </span>
     <span class='ocr_line' id='line_1_23' title="bbox 680 3107 3091 3218; baseline 0 -27"><span class='ocrx_word' id='word_1_197' title='bbox 680 3145 938 3191; x_wconf 90' lang='grc' dir='ltr'>σονται</span> <span class='ocrx_word' id='word_1_198' title='bbox 974 3107 1304 3212; x_wconf 75' lang='grc' dir='ltr'>τάληθὲς,</span> <span class='ocrx_word' id='word_1_199' title='bbox 1342 3116 1459 3191; x_wconf 80' lang='grc' dir='ltr'>καὶ</span> <span class='ocrx_word' id='word_1_200' title='bbox 1500 3110 1856 3218; x_wconf 89' lang='grc' dir='ltr'>θεοφόρον</span> <span class='ocrx_word' id='word_1_201' title='bbox 1892 3117 2182 3213; x_wconf 87' lang='grc' dir='ltr'>ἀληθως</span> <span class='ocrx_word' id='word_1_202' title='bbox 2218 3112 2815 3215; x_wconf 83' lang='grc' dir='ltr'>ὁμολογήσουσιν</span> <span class='ocrx_word' id='word_1_203' title='bbox 2847 3112 3091 3209; x_wconf 78' lang='grc' dir='ltr'>αὐτὸν,</span> 
     </span>
     <span class='ocr_line' id='line_1_24' title="bbox 682 3234 3092 3389; baseline 0 -74"><span class='ocrx_word' id='word_1_204' title='bbox 682 3235 800 3315; x_wconf 80' lang='grc' dir='ltr'>διὰ</span> <span class='ocrx_word' id='word_1_205' title='bbox 864 3236 948 3316; x_wconf 81' lang='grc' dir='ltr'>τὸ</span> <span class='ocrx_word' id='word_1_206' title='bbox 1010 3234 1140 3317; x_wconf 82' lang='grc' dir='ltr'>τὸν</span> <span class='ocrx_word' id='word_1_207' title='bbox 1198 3234 1530 3339; x_wconf 82' lang='grc' dir='ltr'>Χριστὸν</span> <span class='ocrx_word' id='word_1_208' title='bbox 1596 3238 1674 3316; x_wconf 85' lang='grc' dir='ltr'>ἐν</span> <span class='ocrx_word' id='word_1_209' title='bbox 1738 3238 1930 3343; x_wconf 75' lang='grc' dir='ltr'>αὐτῷ</span> <span class='ocrx_word' id='word_1_210' title='bbox 1996 3245 2362 3334; x_wconf 84' lang='grc' dir='ltr'>κατοικεῖν,</span> <span class='ocrx_word' id='word_1_211' title='bbox 2422 3244 2578 3322; x_wconf 89' lang='grc' dir='ltr'>πῶς</span> <span class='ocrx_word' id='word_1_212' title='bbox 2642 3239 2727 3316; x_wconf 82' lang='grc' dir='ltr'>οὐ</span> <span class='ocrx_word' id='word_1_213' title='bbox 2789 3236 3092 3389; x_wconf 80' lang='grc' dir='ltr'>σφόδρα</span> 
     </span>
    </p>

    <p class='ocr_par' dir='ltr' id='par_1_6' title="bbox 622 3359 3179 4214">
     <span class='ocr_line' id='line_1_25' title="bbox 622 3359 3093 3464; baseline 0.003 -27"><span class='ocrx_word' id='word_1_214' title='bbox 622 3392 658 3434; x_wconf 82' lang='lat' dir='ltr'>e</span> <span class='ocrx_word' id='word_1_215' title='bbox 683 3365 1070 3455; x_wconf 85' lang='grc' dir='ltr'>δυσσεβῶς</span> <span class='ocrx_word' id='word_1_216' title='bbox 1132 3360 1551 3441; x_wconf 81' lang='grc' dir='ltr'>ἁλώσονται</span> <span class='ocrx_word' id='word_1_217' title='bbox 1626 3365 1755 3461; x_wconf 83' lang='grc' dir='ltr'>τῆς</span> <span class='ocrx_word' id='word_1_218' title='bbox 1827 3369 1956 3441; x_wconf 91' lang='grc' dir='ltr'>τοῦ</span> <span class='ocrx_word' id='word_1_219' title='bbox 2017 3367 2208 3443; x_wconf 85' lang='grc' dir='ltr'>Θεοῦ</span> <span class='ocrx_word' id='word_1_220' title='bbox 2281 3365 2399 3443; x_wconf 87' lang='grc' dir='ltr'>καὶ</span> <span class='ocrx_word' id='word_1_221' title='bbox 2467 3359 2758 3464; x_wconf 89' lang='grc' dir='ltr'>Πατρος</span> <span class='ocrx_word' id='word_1_222' title='bbox 2835 3364 3093 3444; x_wconf 80' lang='grc' dir='ltr'>οὐσίας</span> 
     </span>
     <span class='ocr_line' id='line_1_26' title="bbox 679 3481 3179 3592; baseline 0.004 -31"><span class='ocrx_word' id='word_1_223' title='bbox 679 3481 1073 3586; x_wconf 87' lang='grc' dir='ltr'>ἀλλότριον</span> <span class='ocrx_word' id='word_1_224' title='bbox 1112 3481 1289 3564; x_wconf 90' lang='grc' dir='ltr'>ειναι</span> <span class='ocrx_word' id='word_1_225' title='bbox 1336 3484 1676 3587; x_wconf 87' lang='grc' dir='ltr'>λέγοντες</span> <span class='ocrx_word' id='word_1_226' title='bbox 1720 3519 1848 3565; x_wconf 90' lang='grc' dir='ltr'>τον</span> <span class='ocrx_word' id='word_1_227' title='bbox 1881 3484 2109 3582; x_wconf 84' lang='grc' dir='ltr'>Υὶόν;</span> <span class='ocrx_word' id='word_1_228' title='bbox 2171 3486 2400 3566; x_wconf 79' lang='grc' dir='ltr'>οὐκέτι</span> <span class='ocrx_word' id='word_1_229' title='bbox 2450 3485 2595 3589; x_wconf 80' lang='grc' dir='ltr'>γὰρ</span> <span class='ocrx_word' id='word_1_230' title='bbox 2642 3484 3003 3592; x_wconf 88' lang='grc' dir='ltr'>θεοφόρος</span> <span class='ocrx_word' id='word_1_231' title='bbox 3053 3488 3092 3566; x_wconf 79' lang='grc' dir='ltr'><em>ὅ</em></span> <span class='ocrx_word' id='word_1_232' title='bbox 3116 3512 3179 3572; x_wconf 80' lang='lat'>²5</span> 
     </span>
     <span class='ocr_line' id='line_1_27' title="bbox 681 3605 3091 3717; baseline 0.002 -31"><span class='ocrx_word' id='word_1_233' title='bbox 681 3610 1005 3705; x_wconf 87' lang='grc' dir='ltr'>Παῦλος,</span> <span class='ocrx_word' id='word_1_234' title='bbox 1052 3643 1110 3686; x_wconf 88' lang='grc' dir='ltr'>ει</span> <span class='ocrx_word' id='word_1_235' title='bbox 1165 3605 1267 3707; x_wconf 86' lang='grc' dir='ltr'>μὴ</span> <span class='ocrx_word' id='word_1_236' title='bbox 1324 3605 1511 3692; x_wconf 88' lang='grc' dir='ltr'>Θεος</span> <span class='ocrx_word' id='word_1_237' title='bbox 1567 3609 1753 3690; x_wconf 81' lang='grc' dir='ltr'>κατὰ</span> <span class='ocrx_word' id='word_1_238' title='bbox 1809 3610 2040 3717; x_wconf 86' lang='grc' dir='ltr'>φύσιν</span> <span class='ocrx_word' id='word_1_239' title='bbox 2084 3611 2285 3690; x_wconf 83' lang='grc' dir='ltr'>ἐστιν</span> <span class='ocrx_word' id='word_1_240' title='bbox 2332 3611 2373 3690; x_wconf 87' lang='grc' dir='ltr'><strong>ὁ</strong></span> <span class='ocrx_word' id='word_1_241' title='bbox 2422 3609 2617 3693; x_wconf 84' lang='grc' dir='ltr'>Υἱός.</span> <span class='ocrx_word' id='word_1_242' title='bbox 2713 3609 2892 3688; x_wconf 81' lang='grc' dir='ltr'>ἀλλ’</span> <span class='ocrx_word' id='word_1_243' title='bbox 2934 3613 3091 3712; x_wconf 86' lang='grc' dir='ltr'>ἐρυ-</span> 
     </span>
     <span class='ocr_line' id='line_1_28' title="bbox 678 3729 3091 3837; baseline 0.003 -28"><span class='ocrx_word' id='word_1_244' title='bbox 678 3735 1012 3833; x_wconf 87' lang='grc' dir='ltr'>θριῶντες</span> <span class='ocrx_word' id='word_1_245' title='bbox 1062 3729 1223 3811; x_wconf 85' lang='grc' dir='ltr'>εσθ’</span> <span class='ocrx_word' id='word_1_246' title='bbox 1264 3760 1408 3810; x_wconf 89' lang='grc' dir='ltr'>οτε·</span> <span class='ocrx_word' id='word_1_247' title='bbox 1480 3730 1844 3835; x_wconf 88' lang='grc' dir='ltr'>πρόσεστι</span> <span class='ocrx_word' id='word_1_248' title='bbox 1898 3732 2045 3837; x_wconf 79' lang='grc' dir='ltr'>γὰρ</span> <span class='ocrx_word' id='word_1_249' title='bbox 2100 3737 2218 3813; x_wconf 85' lang='grc' dir='ltr'>καὶ</span> <span class='ocrx_word' id='word_1_250' title='bbox 2265 3732 2350 3814; x_wconf 83' lang='grc' dir='ltr'>τὸ</span> <span class='ocrx_word' id='word_1_251' title='bbox 2397 3743 2811 3837; x_wconf 88' lang='grc' dir='ltr'>πανοῦργον</span> <span class='ocrx_word' id='word_1_252' title='bbox 2845 3736 3091 3817; x_wconf 84' lang='grc' dir='ltr'>αὐτοῖς</span> 
     </span>
     <span class='ocr_line' id='line_1_29' title="bbox 678 3851 3093 3961; baseline 0.002 -27"><span class='ocrx_word' id='word_1_253' title='bbox 678 3856 796 3934; x_wconf 81' lang='grc' dir='ltr'>καὶ</span> <span class='ocrx_word' id='word_1_254' title='bbox 860 3852 1203 3955; x_wconf 89' lang='grc' dir='ltr'>κακόηθες</span> <span class='ocrx_word' id='word_1_255' title='bbox 1266 3859 1364 3937; x_wconf 81' lang='grc' dir='ltr'>εἶς</span> <span class='ocrx_word' id='word_1_256' title='bbox 1427 3851 1721 3957; x_wconf 86' lang='grc' dir='ltr'>λόγους·</span> <span class='ocrx_word' id='word_1_257' title='bbox 1808 3855 2000 3937; x_wconf 79' lang='grc' dir='ltr'>Θεὸν</span> <span class='ocrx_word' id='word_1_258' title='bbox 2058 3857 2190 3959; x_wconf 80' lang='grc' dir='ltr'>μὲν</span> <span class='ocrx_word' id='word_1_259' title='bbox 2253 3859 2543 3961; x_wconf 86' lang='grc' dir='ltr'>ἐροῦσιν</span> <span class='ocrx_word' id='word_1_260' title='bbox 2600 3861 2898 3957; x_wconf 86' lang='grc' dir='ltr'>ἀληθῶς</span> <span class='ocrx_word' id='word_1_261' title='bbox 2965 3856 3093 3939; x_wconf 78' lang='grc' dir='ltr'>τὸν</span> 
     </span>
     <span class='ocr_line' id='line_1_30' title="bbox 675 3976 3091 4089; baseline 0.001 -30"><span class='ocrx_word' id='word_1_262' title='bbox 675 3978 879 4076; x_wconf 81' lang='grc' dir='ltr'>Υὶὸν,</span> <span class='ocrx_word' id='word_1_263' title='bbox 914 3977 1015 4079; x_wconf 88' lang='grc' dir='ltr'>μὴ</span> <span class='ocrx_word' id='word_1_264' title='bbox 1050 3976 1194 4079; x_wconf 83' lang='grc' dir='ltr'>μὴν</span> <span class='ocrx_word' id='word_1_265' title='bbox 1226 3980 1305 4058; x_wconf 85' lang='grc' dir='ltr'>ἐκ</span> <span class='ocrx_word' id='word_1_266' title='bbox 1341 3983 1533 4059; x_wconf 91' lang='grc' dir='ltr'>Θεοῦ</span> <span class='ocrx_word' id='word_1_267' title='bbox 1570 3984 2046 4084; x_wconf 82' lang='grc' dir='ltr'>γεγεννῆσθαι</span> <span class='ocrx_word' id='word_1_268' title='bbox 2085 3981 2268 4062; x_wconf 81' lang='grc' dir='ltr'>κατὰ</span> <span class='ocrx_word' id='word_1_269' title='bbox 2303 3981 2552 4089; x_wconf 84' lang='grc' dir='ltr'>φύσιν.</span> <span class='ocrx_word' id='word_1_270' title='bbox 2621 3989 2740 4062; x_wconf 86' lang='grc' dir='ltr'>καὶ</span> <span class='ocrx_word' id='word_1_271' title='bbox 2790 3981 2907 4062; x_wconf 80' lang='grc' dir='ltr'>ὅτι</span> <span class='ocrx_word' id='word_1_272' title='bbox 2957 3981 3091 4083; x_wconf 83' lang='grc' dir='ltr'>μὲν</span> 
     </span>
     <span class='ocr_line' id='line_1_31' title="bbox 675 4104 3179 4214; baseline 0.002 -32"><span class='ocrx_word' id='word_1_273' title='bbox 675 4104 1141 4184; x_wconf 83' lang='grc' dir='ltr'>ἀπαστισοῦν</span> <span class='ocrx_word' id='word_1_274' title='bbox 1175 4104 1410 4184; x_wconf 81' lang='grc' dir='ltr'>αὐτῶν</span> <span class='ocrx_word' id='word_1_275' title='bbox 1446 4106 1582 4184; x_wconf 87' lang='grc' dir='ltr'>κάν</span> <span class='ocrx_word' id='word_1_276' title='bbox 1618 4106 1848 4214; x_wconf 75' lang='grc' dir='ltr'>τούτῳ</span> <span class='ocrx_word' id='word_1_277' title='bbox 1888 4105 2428 4207; x_wconf 85' lang='grc' dir='ltr'>καταβοήσειεν,</span> <span class='ocrx_word' id='word_1_278' title='bbox 2465 4107 2595 4186; x_wconf 82' lang='grc' dir='ltr'>οὐκ</span> <span class='ocrx_word' id='word_1_279' title='bbox 2631 4107 3083 4213; x_wconf 84' lang='grc' dir='ltr'>ἀμφίλογον·</span> <span class='ocrx_word' id='word_1_280' title='bbox 3110 4137 3179 4195; x_wconf 81' lang='lat'>30</span> 
     </span>
    </p>
   </div>
   <div class='ocr_carea' id='block_1_3' title="bbox 745 4312 3087 4387">
    <p class='ocr_par' dir='ltr' id='par_1_7' title="bbox 745 4312 3087 4387">
     <span class='ocr_line' id='line_1_32' title="bbox 745 4312 3087 4387; baseline 0.003 -21"><span class='ocrx_word' id='word_1_281' title='bbox 745 4329 797 4378; x_wconf 84' lang='lat'>4.</span> <span class='ocrx_word' id='word_1_282' title='bbox 837 4312 907 4369; x_wconf 74' lang='grc' dir='ltr'>ὥς</span> <span class='ocrx_word' id='word_1_283' title='bbox 931 4313 996 4368; x_wconf 87' lang='grc' dir='ltr'>Ε.</span> <span class='ocrx_word' id='word_1_284' title='bbox 1021 4314 1091 4370; x_wconf 74' lang='grc' dir='ltr'>ὥς</span> <span class='ocrx_word' id='word_1_285' title='bbox 1114 4314 1205 4370; x_wconf 81' lang='grc' dir='ltr'>οὐκ</span> <span class='ocrx_word' id='word_1_286' title='bbox 1232 4314 1296 4387; x_wconf 86' lang='grc'>(“</span> <span class='ocrx_word' id='word_1_287' title='bbox 1309 4315 1401 4370; x_wconf 79' lang='grc' dir='ltr'>οὐκ</span> <span class='ocrx_word' id='word_1_288' title='bbox 1425 4314 1612 4371; x_wconf 75' lang='lat' dir='ltr'><strong>deest</strong></span> <span class='ocrx_word' id='word_1_289' title='bbox 1598 4334 1657 4370; x_wconf 87' lang='lat' dir='ltr'>m</span> <span class='ocrx_word' id='word_1_290' title='bbox 1687 4315 1750 4371; x_wconf 91' lang='lat' dir='ltr'>V.</span> <span class='ocrx_word' id='word_1_291' title='bbox 1777 4316 1976 4383; x_wconf 84' lang='lat' dir='ltr'><strong>codice,</strong></span> <span class='ocrx_word' id='word_1_292' title='bbox 2004 4316 2100 4373; x_wconf 78' lang='lat' dir='ltr'>sed</span> <span class='ocrx_word' id='word_1_293' title='bbox 2131 4325 2194 4373; x_wconf 85' lang='lat' dir='ltr'>ut</span> <span class='ocrx_word' id='word_1_294' title='bbox 2217 4316 2429 4373; x_wconf 82' lang='lat' dir='ltr'>videtur</span> <span class='ocrx_word' id='word_1_295' title='bbox 2460 4316 2757 4373; x_wconf 72' lang='lat' dir='ltr'><strong>necessario</strong></span> <span class='ocrx_word' id='word_1_296' title='bbox 2786 4316 3087 4375; x_wconf 71' lang='lat' dir='ltr'>addendn’&#39;</span> 
     </span>
    </p>
   </div>
   <div class='ocr_carea' id='block_1_4' title="bbox 670 4380 3085 4667">
    <p class='ocr_par' dir='ltr' id='par_1_8' title="bbox 670 4380 3085 4667">
     <span class='ocr_line' id='line_1_33' title="bbox 673 4380 3082 4462; baseline 0.004 -26"><span class='ocrx_word' id='word_1_297' title='bbox 673 4380 896 4438; x_wconf 78' lang='lat' dir='ltr'><strong>adnotat</strong></span> <span class='ocrx_word' id='word_1_298' title='bbox 918 4384 1064 4440; x_wconf 85' lang='lat' dir='ltr'><strong>Aub.</strong></span> <span class='ocrx_word' id='word_1_299' title='bbox 1067 4383 1089 4455; x_wconf 94' lang='lat'><em>)</em></span> <span class='ocrx_word' id='word_1_300' title='bbox 1119 4384 1223 4440; x_wconf 88' lang='lat' dir='ltr'>Ed.</span> <span class='ocrx_word' id='word_1_301' title='bbox 1407 4404 1459 4459; x_wconf 91' lang='lat'>9.</span> <span class='ocrx_word' id='word_1_302' title='bbox 1495 4392 1752 4459; x_wconf 79' lang='grc' dir='ltr'>γεννητῶν</span> <span class='ocrx_word' id='word_1_303' title='bbox 1778 4387 1843 4442; x_wconf 90' lang='grc' dir='ltr'>Ε.</span> <span class='ocrx_word' id='word_1_304' title='bbox 2033 4405 2057 4443; x_wconf 88' lang='lat'>1</span> <span class='ocrx_word' id='word_1_305' title='bbox 2070 4405 2117 4444; x_wconf 86' lang='lat'>1.</span> <span class='ocrx_word' id='word_1_306' title='bbox 2154 4388 2589 4460; x_wconf 78' lang='grc' dir='ltr'>πρεπωδέστερον</span> <span class='ocrx_word' id='word_1_307' title='bbox 2613 4388 2679 4444; x_wconf 84' lang='grc' dir='ltr'>Ε.</span> <span class='ocrx_word' id='word_1_308' title='bbox 2865 4405 2956 4445; x_wconf 77' lang='lat'>12.</span> <span class='ocrx_word' id='word_1_309' title='bbox 2993 4388 3082 4462; x_wconf 77' lang='grc' dir='ltr'>τὸ]</span> 
     </span>
     <span class='ocr_line' id='line_1_34' title="bbox 672 4454 3085 4651; baseline 0.004 -72"><span class='ocrx_word' id='word_1_310' title='bbox 672 4475 761 4579; x_wconf 50' lang='grc' dir='ltr'>ἒξ.</span> <span class='ocrx_word' id='word_1_311' title='bbox 773 4454 915 4580; x_wconf 48' lang='grc' dir='ltr'>Ιἔστι</span> <span class='ocrx_word' id='word_1_312' title='bbox 939 4457 1348 4651; x_wconf 52' lang='grc' dir='ltr'>κατὰιέυσξῖτΕ.</span> <span class='ocrx_word' id='word_1_313' title='bbox 1346 4458 1411 4513; x_wconf 82' lang='grc' dir='ltr'>Ε</span> <span class='ocrx_word' id='word_1_314' title='bbox 1546 4458 2094 4622; x_wconf 54' lang='grc' dir='ltr'>πᾷ9γῖγὸὲνεηῗθέἶ</span> <span class='ocrx_word' id='word_1_315' title='bbox 2069 4478 2285 4595; x_wconf 57' lang='grc' dir='ltr'>18·-111-θκαὶ</span> <span class='ocrx_word' id='word_1_316' title='bbox 2307 4460 3085 4603; x_wconf 50' lang='grc' dir='ltr'>τξιὸῦζτὸένοξργον-ἆίῖιθέῗτὲν</span> 
     </span>
     <span class='ocr_line' id='line_1_35' title="bbox 670 4595 2212 4667; baseline 0.003 -16"><span class='ocrx_word' id='word_1_317' title='bbox 670 4596 784 4651; x_wconf 79' lang='grc' dir='ltr'>υἱὸν</span> <span class='ocrx_word' id='word_1_318' title='bbox 806 4595 861 4666; x_wconf 81' lang='lat' dir='ltr'>(e</span> <span class='ocrx_word' id='word_1_319' title='bbox 885 4606 1071 4667; x_wconf 74' lang='lat' dir='ltr'>supra)</span> <span class='ocrx_word' id='word_1_320' title='bbox 1263 4597 1457 4653; x_wconf 78' lang='lat' dir='ltr'><strong>Statim</strong></span> <span class='ocrx_word' id='word_1_321' title='bbox 1480 4600 1566 4653; x_wconf 82' lang='grc' dir='ltr'>καὶ</span> <span class='ocrx_word' id='word_1_322' title='bbox 1587 4621 1651 4653; x_wconf 90' lang='grc' dir='ltr'>ου</span> <span class='ocrx_word' id='word_1_323' title='bbox 1673 4608 1797 4654; x_wconf 80' lang='lat' dir='ltr'><strong>ante</strong></span> <span class='ocrx_word' id='word_1_324' title='bbox 1820 4601 1950 4656; x_wconf 77' lang='grc' dir='ltr'>κατὰ</span> <span class='ocrx_word' id='word_1_325' title='bbox 1974 4600 2043 4655; x_wconf 77' lang='lat' dir='ltr'>ad</span> <span class='ocrx_word' id='word_1_326' title='bbox 2080 4601 2123 4655; x_wconf 88' lang='lat' dir='ltr'>it</span> <span class='ocrx_word' id='word_1_327' title='bbox 2148 4601 2212 4658; x_wconf 92' lang='grc' dir='ltr'>Ε.</span> 
     </span>
    </p>
   </div>
   <div class='ocr_carea' id='block_1_5' title="bbox 3222 609 3228 1663">
    <p class='ocr_par' dir='ltr' id='par_1_9' title="bbox 3222 609 3228 1663">
     <span class='ocr_line' id='line_1_36' title="bbox 3222 609 3228 1663; baseline 0 0"><span class='ocrx_word' id='word_1_328' title='bbox 3222 609 3228 1663; x_wconf 95' lang='lat' dir='ltr'> </span> 
     </span>
    </p>
   </div>
   <div class='ocr_carea' id='block_1_6' title="bbox 3222 1932 3227 2643">
    <p class='ocr_par' dir='ltr' id='par_1_10' title="bbox 3222 1932 3227 2643">
     <span class='ocr_line' id='line_1_37' title="bbox 3222 1932 3227 2643; baseline 0 0"><span class='ocrx_word' id='word_1_329' title='bbox 3222 1932 3227 2643; x_wconf 95' lang='lat' dir='ltr'> </span> 
     </span>
    </p>
   </div>
  </div>
 </body>
</html>
