3238 5158
218 369 486 453 viii.44‘.
797 365 914 437 IN
976 370 1042 435 S.
1092 369 1605 437 JOANNEM.
1699 370 1889 437 LIB.
1923 371 2045 436 VI.
2540 373 2626 435 97

216 538 562 638 πόνηρίας
637 536 853 642 ἀρχή·
947 537 1183 639 ἐπειδὴ
1258 538 1335 618 δὲ
1409 538 1538 619 τὸν
1592 538 1737 639 ’μὲν
1801 537 1989 620 Κάῖν
2064 538 2405 620 δεδόσθαι
2479 545 2627 622 τοῖς

217 660 583 744 Ἰουδαίοις
617 660 916 765 πατέρα,
957 664 1151 769 αὐτῷ
1198 661 1275 742 δὲ
1320 668 1425 770 τῷ
1467 660 1656 743 Κάῖν
1692 661 1821 744 τὸν
1858 669 2186 743 σατανᾶν
2221 662 2619 766 εἰρήκαμεν,

221 784 392 890 φέρε
467 784 556 884 δὴ
629 784 857 866 πάλιν
920 794 1068 870 τοῖς
1140 787 1412 867 ἑαυτῶν
1484 785 1817 886 ἑπόμενοι
1894 787 2140 890 λόγοις
2210 784 2626 890 ἀναφανδὸν
2650 819 2686 858 a
2740 804 2959 860 561A.

210 909 676 1016 ’ἐπιδείξωμεν
749 917 1041 1013 πρῶτον
1111 908 1245 1011 μὲν
1318 900 1439 995 εἰςν
1491 910 1836 1016 ἐλέγχους
1914 909 2081 995 τοῦς
2163 908 2362 1012 παρὰ
2437 914 2627 988 Θεοῦ

150 1059 194 1119 5
216 1040 723 1138 τραχηλιῶντα
772 1033 901 1114 τὸν
937 1041 1286 1133 σατανᾶν,
1323 1032 1475 1115 εἶτα
1512 1037 1629 1114 καὶ
1663 1032 2144 1140 ἀπατήσαντα
2180 1036 2296 1113 καὶ
2331 1030 2621 1138 ψευσά-

219 1190 457 1255 μενον,
513 1161 630 1237 καὶ
687 1158 770 1239 τὸ
826 1166 1234 1239 τελευταῖον
1290 1158 1408 1237 διὰ
1464 1159 1760 1265 φθόνου·
1799 1158 2284 1265 φονεύσαντα.
2361 1157 2618 1236 ἐπιδεί-·

222 1279 474 1387 ξαντες
530 1281 605 1362 δὲ
660 1280 890 1390 τούτῳ
946 1280 1073 1363 τὸν
1120 1281 1308 1363 Κάϊν
1364 1279 1758 1385 ἶσότροπόν
1814 1317 1891 1362 τε
1946 1286 2063 1362 καὶ
2121 1280 2621 1383 ὁμογνώμονα,

222 1404 717 1509 καταφέρομεν
751 1406 880 1486 τὸν
918 1405 1147 1509 λόγον
1168 1409 1297 1487 ἐπὶ
1335 1406 1578 1511 τρίτου
1614 1413 1712 1490 εἰς
1747 1405 1912 1491 τοῦς
1945 1408 2331 1489 Ἰουδαίους
2374 1409 2502 1503 τῆς
2553 1409 2627 1486 ε’ν

221 1529 412 1636 αὐτῷ
448 1528 907 1631 φαυλότητος
945 1530 1127 1631 ὅλην
1166 1531 1461 1636 ἔχοντας
1497 1531 1629 1630 τὴν
1666 1530 1924 1611 εἰκόνα.

114 1691 194 1730 10
332 1655 621 1733 Οὐκοῦν
659 1655 1019 1751 ἀτιμάσας
1075 1652 1205 1752 μὲν
1255 1654 1507 1757 ὥσπερ
1563 1653 1697 1754 τὴν
1742 1656 1925 1734 ἰδίαν
1970 1652 2222 1758 ἀρχὴν,
2260 1658 2376 1733 καὶ
2431 1653 2626 1734 πολῦ

218 1783 365 1855 τῶν
421 1773 598 1880 ὑπὲρ
660 1779 888 1884 φύσιν
943 1777 1079 1878 τὴν
1133 1780 1385 1860 ἑαυτοῦ
1445 1777 1897 1883 γλιχόμενος,
1956 1777 2127 1881 ὅρον
2182 1812 2259 1857 τε
2316 1777 2444 1857 τὸν
2500 1783 2624 1877 τῆς
2649 1789 2691 1852 b

216 1902 473 1981 ἑαυτοῦ
543 1901 815 2010 τάξεως
899 1903 983 1983 οὐ
1066 1902 1387 2005 τηρήσας
1472 1904 1512 1982 ὁ
1602 1909 1926 1986 σατανᾶς
2015 1902 2433 2008 κατηνέχθη,
2511 1904 2627 1982 καὶ

219 2024 593 2106 πέπτωκεν
628 2029 994 2131 ἐλεγχθεὶς
1052 2024 1303 2132 ὥσπερ
1359 2026 1477 2108 διὰ
1528 2026 1784 2107 τούτου
1831 2026 2031 2129 παρὰ
2083 2031 2294 2122 Θεοῦ,
2334 2028 2451 2106 καὶ
2501 2031 2631 2125 τῆς

221 2151 477 2233 οἰκείας
543 2151 835 2257 φύσεως
901 2149 985 2232 τὸ
1056 2151 1315 2254 μέτρον
1372 2149 1983 2249 ἐκδιδασκόμενος·
2055 2152 2224 2230 ἀλλ’
2296 2150 2631 2249 οὐδεμίαν

113 2306 193 2364 15
222 2274 541 2354 ἐντεῦθεν
576 2273 710 2374 τὴν
746 2273 1001 2376 ὄνησιν
1039 2274 1222 2379 ἔχων
1261 2274 1377 2355 διὰ
1421 2273 1551 2375 τὴν
1585 2276 1842 2355 ἑαυτοῦ
1884 2277 2356 2373 δυσβουλίαν,
2396 2275 2629 2356 ἐνόσει

219 2396 315 2475 τὰ
363 2398 650 2501 χείρονα
695 2399 993 2495 βλέπων
1029 2399 1159 2498 μὲν
1198 2401 1523 2498 οὐδαμῶς
1573 2404 1671 2483 εἰς
1719 2396 1805 2479 τὸ
1853 2403 2112 2505 χρῆναι
2162 2407 2448 2504 γοργῶς
2497 2398 2630 2499 τὴν

220 2519 483 2601 οἰκείαν
557 2522 859 2625 γνώμην
923 2525 1382 2628 ἐπανορθοῦν,
1447 2525 1523 2603 ἐν
1588 2521 1968 2632 ἀκλονήτῳ
2036 2523 2113 2605 δὲ
2184 2523 2433 2627 ὥσπερ
2501 2529 2666 2625 τῆς

221 2646 668 2747 δυστροπίας
752 2651 1098 2748 διαμεῖναι
1180 2645 1637 2731 σπουδάσας.
1756 2647 1994 2746 ἐπειδὴ
2077 2646 2154 2727 δὲ
2228 2650 2268 2727 ὁ
2342 2639 2633 2753 πρῶτος

220 2767 600 2872 ἅνθρωπος
660 2770 1000 2870 ἐπλάσθη
1057 2770 1260 2875 παρὰ
1320 2775 1514 2850 Θεοῦ
1575 2770 1759 2850 κατὰ
1818 2770 1950 2871 τὴν
2009 2772 2386 2856 Μωυσέως
2440 2772 2627 2873 συγζ

110 2933 195 2974 20
222 2890 541 2998 γραφὴν,
580 2901 698 2974 καὶ
749 2892 958 2994 ἦνέν
998 2901 1102 3003 τῷ
1154 2895 1573 3003 παραδείσῳ
1623 2893 1759 2994 τὴν
1804 2898 2143 2975 δοθεῖσαν
2179 2895 2280 2975 ἔτι
2328 2896 2626 2998 ἐντολὴν
2648 2930 2684 2973 ο

222 3015 637 3121 φυλάττων,
696 3017 828 3119 τὴν
884 3022 1000 3100 ἐπὶ
1064 3024 1168 3128 τῷ
1228 3018 1432 3127 ξύλῳ
1492 3021 1701 3126 φημὶ,
1755 3024 2039 3123 πρῶτος
2098 3024 2193 3104 εἶς
2257 3019 2530 3125 φθόνον
2585 3022 2625 3099 ὃ

220 3148 544 3226 σατανᾶς
581 3143 954 3244 ἀνεκαύθη,
992 3141 1469 3248 ἐλεγχομένης
1516 3143 1593 3222 δὲ
1642 3139 1893 3245 ὥσπερ
1945 3147 2069 3242 τῆς
2118 3144 2338 3224 αὐτοῦ
2380 3180 2619 3247 παρα-

215 3262 516 3358 βάσεώς
562 3301 639 3346 τε
689 3270 806 3345 καὶ
859 3272 1228 3372 παρακοῆς
1282 3275 1429 3351 τοῖς
1484 3264 2117 3370 πρωτοπλάστοις,
2155 3268 2274 3349 ὅτε
2327 3270 2459 3369 τὴν
2502 3268 2626 3350 δοέ·

218 3393 478 3467 θεῖσαν
513 3387 816 3489 ἐντολὴν
860 3389 1270 3495 ἐφύλαττον
1303 3391 1425 3490 ἔτι,
1462 3389 1958 3476 πολυπλόκοις
2011 3390 2317 3478 ἀπάταις
2373 3392 2626 3476 αὐτοὺς

111 3540 190 3602 25
219 3517 320 3595 εἰς
355 3513 728 3614 παρακοὴν
766 3513 1083 3620 ἐξέλκειν
1120 3515 1478 3616 ἠπείγετο.
1562 3513 1762 3600 εἰδὼς
1809 3513 1885 3595 δὲ
1934 3514 2045 3595 ὅτι
2093 3516 2418 3623 τέξονται
2454 3521 2624 3620 παρ’·

220 3634 428 3715 οὐδὲν
460 3635 934 3738 ποιησάμενοι
971 3647 1100 3718 τοῦ
1136 3636 1462 3741 μεγάλου
1499 3639 1868 3735 βασιλέως
1916 3639 2008 3719 τὰ
2051 3639 2621 3743 προστάγματα,

219 3763 341 3840 καὶ
378 3768 595 3841 τοῦτο
628 3766 807 3863 δρᾶν
843 3764 1203 3843 ἀναπείθει
1238 3761 1403 3848 τοὺς
1438 3762 1642 3843 οὐδὲν
1676 3761 2160 3863 ἀδικήσαντας
2195 3773 2343 3849 τοῖς
2392 3766 2628 3873 ἐσχά-

216 3919 370 3970 τοις
424 3885 901 3989 περιβάλλων
956 3894 1218 3970 κακοῖς.
1315 3886 1425 3966 ὅτι
1482 3884 1628 3991 γὰρ
1694 3889 2112 3987 διαβολικῆς
2172 3886 2450 3990 ἀπάτης
2510 3894 2626 3970 καὶ
2651 3910 2695 3975 d

218 4008 501 4116 φθόνου
563 4008 864 4112 γε’γονεν
929 4010 1143 4114 ἔργον
1199 4012 1244 4111 ἡ
1307 4012 1382 4090 ἐν
1437 4009 1684 4109 Ἀδὰμ
1746 4009 2190 4113 παράβασις,
2249 4017 2365 4093 καὶ
2432 4014 2473 4092 ὁ
2538 4012 2625 4094 δι’

291 4196 347 4251 8.
386 4195 749 4265 καταφέρομεν
771 4197 864 4251 τὸν
885 4197 1051 4264 λόγον
1076 4196 1160 4251 ἐπὶ
1185 4196 1362 4267 τρίτου
1393 4195 1466 4252 εἷς
1496 4195 1616 4252 τοὺς
1637 4193 1921 4251 Ἰουδαίους
1951 4195 2198 4251 emendat
2228 4196 2426 4268 Heyse.
2452 4219 2626 4252 καται-

215 4265 454 4353 φεῖρομεν
509 4265 863 4337 κατεφέρομεν
890 4265 1099 4350 HOJSt]
1126 4269 1218 4321 τὸν
1248 4269 1411 4340 λόγον
1441 4266 1526 4321 ἐπὶ
1561 4265 1740 4333 τρίτου
1776 4267 1921 4323 ἔτους
1946 4266 2226 4324 Ἰουδαίους
2260 4268 2328 4322 Β.
2354 4268 2452 4350 Ht.
2478 4290 2625 4323 κατε-

215 4338 469 4408 φερωμεν
519 4337 891 4408 καταφέρωμεν
917 4335 1155 4409 Mngne]
1182 4340 1273 4392 τὸν
1306 4339 1470 4409 λόγον
1504 4337 1591 4392 ἐπὶ
1627 4337 1748 4393 τοὺς
1773 4335 2053 4394 Ἰουδαίους
2085 4338 2249 4402 Αιὼ.,
2278 4357 2370 4409 qul
2406 4338 2628 4393 adnotat

216 4424 278 4462 se
303 4408 390 4463 ἐπὶ
414 4429 595 4478 τριτου
618 4409 765 4464 ἔτους
788 4408 1173 4463 emendavisse.
1573 4424 1656 4463 11.
1691 4411 1795 4462 τῶν
1818 4407 2120 4463 emendavit
2143 4409 2288 4463 Aub.
2313 4412 2406 4478 τὴν
2434 4410 2496 4463 Β.
2529 4410 2626 4465 Ht.

217 4493 309 4549 25.
344 4478 583 4547 τέξονται
607 4479 815 4533 reatitui
844 4497 909 4533 ex
937 4478 1020 4546 B„
1046 4495 1219 4550 quum
1250 4477 1613 4548 periculosum
1646 4487 1728 4532 est
1760 4478 2062 4533 emendare.
2087 4479 2352 4550 τεύξονται
2378 4481 2625 4544 correxit,

214 4559 281 4603 ut
320 4548 545 4604 adnotat
579 4549 697 4619 ipse
720 4548 867 4605 Aub.
886 4548 1220 4619 -τεθνῆξονται
1253 4548 1503 4604 emendat
1530 4547 1730 4631 Heyse.
1805 4549 2052 4606 Fortasse
2075 4549 2156 4605 ὅτι
2186 4553 2276 4607 τὸν
2300 4551 2519 4605 θάνατον
2542 4550 2625 4603 τέ-

212 4620 417 4688 ξονται.
637 4618 725 4674 26.
760 4618 1111 4691 ποιησαμένου
1139 4619 1203 4673 Β.
1235 4619 1333 4674 Ht.
1359 4619 1662 4675 emendant
1686 4620 1832 4676 Aub.
1966 4635 1970 4639 ’
2509 4632 2516 4638 ’

307 4722 454 4769 VOL.
488 4722 565 4767 11.
1388 4720 1428 4765 Ο
