3238 5158
625 335 713 399 60
1229 334 1310 399 B.
1356 330 1773 398 CYRILLI
1832 330 2410 396 ALEXANDR..
2756 329 3032 416 viii.32.

631 499 978 595 δουλείαν,
1042 499 1160 577 καὶ
1230 494 1502 599 μακρὸς
1576 498 1758 595 ὑμᾶς
1830 495 2170 596 ἀνήλωσε
2242 493 2461 579 πόνος
2523 493 2657 595 τὴν
2720 492 2861 574 ὑπὸ
2922 498 3037 599 τῷ

631 627 905 727 Φαραῷ
972 620 1257 719 θητείαν
1315 618 1836 718 εἶσδεδυκότας,
1896 620 2069 700 ἀλλ’
2128 620 2482 720 ἐβοήσατε
2548 617 2632 698 τὸ
2702 615 3038 718 τηνικάδε

628 742 813 847 πρὸς
875 742 1003 823 τὸν
1051 739 1261 840 Θεὸν,
1320 746 1434 823 καὶ
1494 741 1680 847 πρὸς
1739 742 1947 823 ’ἔλεον
2002 741 2133 825 τὸν
2190 746 2302 850 ἐφ’
2364 746 2529 844 ὑμῖν
2586 741 3030 842 κεκινήκατε,

627 875 782 951 ταῖς
851 865 1181 951 ἐνούσαις
1255 868 1421 966 ὑμῖν
1488 867 1999 970 ἐποιμώζοντες
2068 875 2481 974 συμφοραῖς
2551 867 2640 974 ἐξ
2708 867 3040 967 οὐρανῶν

626 991 922 1095 ἐζητεῖτε
977 990 1107 1070 τὸν
1157 990 1557 1093 λυτρωτήν·
1618 993 2020 1099 ἐπεφοίτων
2068 990 2144 1072 δὲ
2200 994 2365 1092 ὑμῖν
2408 996 2854 1096 παραχρῆμα
2911 992 3034 1069 καὶ
3061 1019 3097 1078 5

626 1113 810 1213 τότε,
846 1120 962 1194 καὶ
998 1118 1134 1216 γῆς
1170 1113 1301 1213 μὲν
1340 1117 1520 1212 ὑμᾶς
1563 1118 1693 1215 τῆς
1743 1117 2137 1218 ἀλλοτρίας
2183 1116 2614 1223 ἐξέπεμπον,
2654 1113 3036 1214 ὠμοτᾶτης

629 1236 703 1318 δὲ
775 1236 1073 1345 σφόδρα
1145 1240 1559 1340 τυραννίδος
1632 1238 1905 1346 ἐξελὼν
1968 1237 2152 1341 πρὸς
2224 1241 2628 1344 ἐλευθερίαν
2689 1237 3026 1319 ἐκάλουν.

627 1361 800 1440 ἀλλ’
865 1363 982 1442 ἵνα
1053 1360 1460 1463 μανθάνητε
1532 1358 1663 1443 τὸν
1725 1362 2099 1466 ἐπίκουρον
2169 1365 2285 1442 καὶ
2361 1361 2756 1465 λυτρωτὴν,
2824 1360 3032 1441 κατέ-

625 1494 917 1594 γραφον
978 1489 1143 1584 ὑμῖν
1201 1489 1278 1566 ε’ν
1334 1483 1709 1589 προβάτου
1768 1491 2035 1592 σφαγῇ
2092 1484 2178 1566 τὸ
2235 1490 2541 1586 ἐμαυτοῦ
2597 1487 3027 1589 μυστήριον,

293 1630 423 1686 586
442 1630 521 1686 Δ.
566 1645 603 1685 ει
626 1614 742 1691 καὶ
798 1610 929 1710 τὴν
975 1611 1059 1689 δι’
1102 1610 1401 1708 αἵματος
1456 1611 1827 1711 σωτηρίαν
1869 1619 2422 1713 προανατυποῦν
2466 1608 2795 1691 ε’κέλευον
2830 1609 3027 1690 τότε·
3061 1648 3129 1688 10

624 1733 1053 1835 διεσώζεσθε
1094 1731 1241 1834 γὰρ
1286 1731 1790 1835 καταχρίοντες
1835 1733 2124 1817 ἑαυτούς
2175 1768 2253 1813 τε
2305 1737 2418 1813 καὶ
2469 1732 2597 1817 τὰς
2649 1731 2874 1839 φλιάς
2927 1731 3033 1839 τῷ

625 1858 871 1954 αἵματι
924 1863 1052 1935 τοῦ
1107 1858 1356 1952 ἀμνοῦ.
1435 1858 1693 1935 οὐκοῦν
1748 1854 1892 1936 ἀπὸ
1948 1863 2093 1936 τῶν
2146 1857 2393 1937 τύπων
2448 1857 2588 1964 ἔξω
2643 1855 2727 1937 τὸ
2782 1854 3032 1962 βραχὺ

622 1979 1101 2081 πηδήσαντες,
1140 1977 1315 2058 ὅταν
1351 1978 1760 2080 μανθάνητε
1797 1978 1904 2074 τῆν
1941 1978 2274 2074 ἀλήθειαν,
2313 1982 2574 2061 ἔσεσθε
2613 1978 2700 2080 δὴ
2736 1979 3031 2066 πάντως

624 2107 743 2184 καὶ
798 2106 1091 2203 ἀληθῶς
1146 2100 1527 2204 ἐλεύθεροι.
1612 2105 1729 2182 καὶ
1786 2104 2287 2210 ἀμφιβαλέτω,
2334 2106 2587 2211 φησὶν,
2623 2106 2738 2183 ἐπὶ
2791 2106 3029 2213 τούτῳ

621 2227 893 2328 μηδείς.
974 2232 1034 2307 εὶ
1073 2223 1216 2330 γὰρ
1252 2224 1626 2306 τοσούτων
1664 2228 1829 2323 ὑμῖν
1864 2228 2160 2329 ἀγαθῶν
2196 2229 2236 2307 5
2286 2228 2510 2313 τύπος
2560 2226 2722 2308 τότε
2769 2228 3030 2331 γέγονε
3059 2259 3124 2318 15

620 2350 991 2459 πρόξενος,
1029 2357 1186 2434 πῶς
1239 2352 1397 2454 οὐχὶ
1445 2356 1739 2449 μᾶλλον
1777 2351 1822 2451 ἡ
1867 2351 2168 2451 ἀλήθεια
2210 2351 2760 2455 πλουσιωτέραν
2794 2353 3022 2433 ἐπιδί-

625 2479 812 2554 δωσι
849 2471 983 2572 τὴν
1020 2472 1275 2577 χάριν·
1254 2534 1277 2569 ,

738 2604 1057 2679 Τοιαῦτα
1093 2595 1224 2696 μὲν
1252 2596 1339 2697 δὴ
1376 2596 1461 2677 τὸ
1501 2596 1784 2678 κωλύον
1813 2595 2017 2678 οὐδὲν
2040 2597 2222 2700 πρὸς
2242 2600 2702 2686 Ἰουδαίους
2666 2604 3030 2700 wrm-ouri}-

557 2738 602 2806 b
625 2757 756 2803 σαι
792 2719 1033 2824 λέγειν
1067 2718 1195 2802 τὸν
1220 2722 1532 2820 Ἰησοῦν,
1561 2727 1658 2805 εἰς
1692 2727 2044 2802 πλατεῖαν
2079 2724 2531 2828 ἐκτρέχοντος
2569 2724 2871 2827 θεωρίαν
2895 2733 3030 2805 τοῦ

624 2843 875 2948 λόγου·
961 2844 1144 2929 εἰκὸς
1200 2843 1285 2925 δέ
1329 2880 1489 2925 τινα
1546 2847 1663 2924 καὶ
1705 2845 1965 2995 ετέραν
2020 2845 2187 2945 ἡμῖν
2234 2849 2312 2925 ἐκ
2361 2854 2505 2927 τῶν
2545 2847 3031 2951 προκειμένων
3057 2884 3130 2926 20
3217 2908 3218 2961 3

624 2969 1058 3077 ἀναλάμψαι
1093 2969 1228 3069 τὴν
1266 2967 1608 3049 διάνοιαν.
1691 2971 1732 3050 5
1772 2967 1986 3069 νόμος
2035 2971 2075 3047 5
2124 2968 2243 3049 διὰ
2283 2971 2660 3055 Μωυσέως
2696 2980 3027 3065 βαπτισ·
3217 2968 3218 3055 l

622 3093 798 3194 μοῦς
836 3094 1098 3174 ἐτύπου
1135 3096 1248 3172 καὶ
1287 3091 1860 3197 περιῤῥαντήρια,
1897 3091 2101 3172 ἀλλὰ
2142 3098 2258 3172 καὶ
2307 3092 2451 3202 ὅτῳ
2494 3091 2716 3199 τυχὸν
2750 3097 3031 3174 ἁλῶναι

624 3217 1049 3316 συμβέβηκε
1102 3217 1219 3294 καὶ
1270 3221 1373 3322 τῷ
1423 3221 1552 3313 τῆς
1600 3218 1951 3319 ἁμαρτίας
1995 3214 2244 3325 βόθρῳ
2292 3222 2794 3320 περιολισθεῖν,
2832 3217 3032 3297 θύειν

623 3337 900 3419 ἐκέλευε
937 3338 1225 3443 μόσχον
1260 3334 1306 3436 ἢ
1351 3336 1744 3441 πρόβατον,
1783 3341 1970 3420 οὕτω
2022 3374 2099 3420 τε
2150 3338 2241 3420 τὰ
2289 3343 2400 3448 ἐφ’
2442 3340 2546 3426 οἷς
2594 3339 2686 3421 ἀν
2720 3340 3033 3426 ἕκαστος

623 3467 1027 3566 πλημμελῇ
1076 3459 1530 3565 περικόπτειν
1573 3460 2020 3565 ἐγκλήματα.
2102 3465 2274 3543 ἀλλ’
2315 3464 2518 3545 οὐδὲν
2562 3468 2790 3545 ἐκεῖνα
2841 3464 3029 3568 πρὸς
3059 3490 3133 3553 25

625 3582 977 3691 ἀπόνιψιν
1018 3584 1388 3687 ἁμαρτίας.
1466 3587 1549 3664 οὐ
1586 3585 1730 3688 γὰρ
1768 3583 1861 3664 ἀν
1897 3585 2135 3692 ἐξέλοι
2179 3586 2354 3667 ποτὲ
2402 3592 2528 3687 τῆς
2583 3590 2810 3673 αἰτίας
2858 3588 3032 3672 τοὺς

625 3709 1274 3811 κατεγνωσμένους,
1319 3708 1491 3788 ἀλλ’
1534 3707 1695 3788 οὐδὲ
1749 3719 1878 3789 τοῦ
1934 3706 2368 3812 κολάζεσθαι
2423 3714 2567 3792 δεῖν
2613 3710 3031 3814 ἐλευθέρους

568 3860 606 3908 ο
626 3832 1030 3938 ἀποφαίνει,
1086 3829 1250 3916 τοὺς
1308 3830 1412 3917 οἷς
1468 3833 1508 3911 5
1569 3838 1755 3917 θεῖος
1807 3831 2212 3934 πεπάτηται
2268 3834 2502 3933 νόμος.
2597 3835 2675 3916 τί
2729 3834 2875 3939 γὰρ
2936 3834 3033 3915 ἀν

627 3957 888 4058 ὀνήσαι
941 3954 1070 4036 τὸν
1123 3955 1507 4059 ἄνθρωπον
1561 3953 1648 4036 τὸ
1703 3963 2080 4051 βουθυτεῖν
2125 3958 2782 4060 πλημμελήσαντα,
2825 3960 2902 4038 ἐν
2951 3960 3034 4041 δὲ

702 4158 751 4196 1.
782 4140 1030 4212 μακρὸς*
1003 4162 1107 4210 υμα
1081 4143 1136 4198 ’ς
1166 4140 1405 4211 ἀνήλωσε
1434 4139 1552 4213 [ἀνη
1534 4139 1701 4195 λ’ωσε
1725 4140 2022 4198 emendavi.
2045 4142 2285 4200 ἀνάλωσε
2315 4142 2452 4199 eod.
2455 4143 2480 4215 ]
2507 4146 2665 4201 πόνος
2687 4154 3036 4215 assumptum

624 4210 827 4353 gezo.
853 4211 1486 4373 ἐποιμεῖξοῦξζξεᾶἵεῗτὸς
1498 4212 1584 4338 eBrr}
1596 4212 2122 4364 ἵζ’ἰδζὶῗυξέῖὲςῌῖῗεῐ.
2150 4283 2254 4338 Ed.
2301 4234 2353 4281 4·
2387 4215 3034 4342 Ἳῗψωξῖζῗέῑξξξιῗὲἒιι

623 4353 820 4422 φλοιὸς
845 4351 949 4406 Ed.
1049 4352 1242 4407 Statim
1267 4352 1628 4423 καταχρίοντες
1651 4353 1843 4407 iterum
1867 4352 2017 4407 addit
2043 4353 2112 4408 Β.
2288 4371 2374 4409 20.
2413 4354 2532 4424 ἡμῖν
2610 4356 2765 4423 ,ὑμῖν
2794 4354 2891 4409 Ht.
2919 4355 3027 4411 Ed.

627 4437 714 4489 24.
625 4425 1039 4546 Β.έιόσχον
984 4420 1049 4475 Β.
1072 4424 1310 4492 μόσχους
1336 4422 1434 4477 Ht.
1462 4422 1566 4478 Ed.
1802 4438 1889 4491 25.
1925 4426 2206 4515 πλημμελῇ
2231 4424 2481 4480 emendat
2509 4425 2704 4498 Heyse.
2728 4428 3032 4513 πλημμελει

771 4490 826 4547 d.
934 4494 1098 4546 εκεῖνα
1126 4491 1192 4547 Β.
1220 4492 1318 4549 Ht.
1345 4492 1508 4548 ἐκεῖνο
1532 4492 1680 4549 Aub.
1912 4509 2000 4565 29.
2037 4493 2224 4564 ὀνῆσαι
2246 4495 2496 4551 emendat
2521 4497 2719 4567 Heyee.
2745 4495 2930 4565 νοῆσαι
2955 4496 3025 4553 Β.

624 4490 857 4635 ὠφελοίη
885 4560 984 4617 Ht.
1012 4560 1116 4619 Ed.
