3238 5158
132 376 267 420 xv.
292 375 355 441 9,
386 369 485 419 10.
544 353 662 418 IN
722 353 797 419 S.
838 352 1361 421 JOANNEM.
1444 355 1645 421 LIB.
1692 355 1773 423 X.
1868 356 2074 424 CAP.
2122 357 2221 422 ῙῙ.
2440 356 2562 425 571

132 549 313 604 των
365 516 881 620 ἀποτελεστὴς,
926 520 1119 620 με’νω
1173 554 1253 601 τε
1309 518 1425 600 διὰ
1469 530 1684 603 τοῦτο
1716 524 1832 603 καὶ
1870 521 2240 625 ἀραρότως
2275 521 2563 625 ἠγαπη-
2590 537 2635 603 d

132 643 396 746 μένος.
459 645 631 724 ἀλλ’
670 643 844 724 ὅταν
880 644 1191 746 γένησθε
1226 647 1344 725 καὶ
1395 646 1595 726 αὐτοὶ
1650 652 1799 727 τῶν
1843 647 2032 746 ἐμῶν
2070 646 2390 754 φύλακες
2447 648 2561 726 ἐν·

132 774 427 863 τολῶν,
465 765 650 849 κατὰ
704 766 834 850 τὸν
887 767 1055 849 ἴσον
1111 767 1380 872 τρόπον
1428 774 1678 875 μενεῖτε
1720 768 2009 855 πιίντως
2067 779 2126 850 ἐν
2181 779 2259 881 τῇ
2315 770 2569 885 ἀγάπῃ

134 898 251 997 τῇ
290 893 448 998 ἐμῇ.
537 887 1106 1001 ἀπροφάσιστον
1141 891 1216 973 δὲ
1249 889 1383 993 τὴν
1417 898 1514 978 εἷς
1551 902 1789 993 τοῦτο,
1829 897 2084 1001 φησὶν,
2117 892 2309 1000 ἕξετε
2352 896 2571 1001 ῥᾳθυ-

60 1048 104 1109 5
134 1015 361 1119 μίαν·
438 1016 521 1095 οὐ
573 1014 718 1120 γὰρ
776 1018 1036 1117 ἀμισθὶ
1094 1016 1222 1098 τὸν
1281 1018 1398 1098 ἐπὶ
1455 1016 1732 1103 τούτοις
1794 1021 2056 1121 ἱδρῶτα
2117 1015 2566 1118 διατλήσετε.

138 1136 592 1250 φανήσομαι
644 1136 788 1243 γάρ
842 1138 1210 1241 τοσαύτην
1267 1142 1432 1241 ὑμῖν
1485 1139 1767 1227 ἐπιδοὺς
1822 1138 1955 1240 τὴν
2011 1141 2326 1243 ἀγοῖπην,
2385 1175 2573 1241 οσην

139 1260 382 1348 αὐτος
454 1263 595 1369 ’ἔχω
654 1260 854 1366 παρὰ
923 1263 1234 1368 Πατρὸς,
1299 1267 1417 1345 καὶ
1481 1267 1867 1370 μονονουχὶ
1941 1273 2097 1351 ταῖς
2156 1263 2572 1369 ἶσορῤόποις

137 1393 401 1488 τιμαῖς
459 1387 587 1467 τὸν
642 1393 788 1468 τῶν
843 1390 1034 1486 ἐμῶν
1086 1387 1334 1490 λόγων
1399 1387 1701 1496 φύλακα
1756 1395 2168 1495 στεφανῶν.
2247 1388 2365 1488 ἐμὲ
2425 1384 2571 1491 γὰρ

144 1510 651 1616 υπερύψωσεν
709 1512 750 1591 ὁ
809 1510 1091 1612 Πατηρ,
1145 1510 1534 1618 ἐχαρίσατό
1607 1547 1685 1593 τε
1750 1511 1908 1593 “ro
1969 1513 2195 1612 ὄνομα
2250 1512 2335 1592 τὸ
2393 1508 2569 1614 ὑπὲρ
2595 1554 2690 1641 e9

33 1682 120 1721 10
149 1645 202 1683 “
238 1641 394 1715 πᾶν
437 1633 726 1734 ὅνομα.”
803 1634 1304 1738 ἀναδέδειγμαι
1359 1636 1504 1739 γάρ
1558 1644 1705 1718 τῶν
1742 1636 1938 1717 ολων
1978 1633 2185 1733 Θεος,
2223 1635 2395 1715 ἀλλ’
2436 1635 2571 1740 οὐχ

151 1756 555 1855 ἁλώσομαι
601 1757 970 1856 βάσκανος
1033 1759 1193 1840 οὐδὲ
1248 1767 1392 1840 τῶν
1451 1760 1790 1843 τοιούτων
1851 1762 2016 1859 ὑμῖν
2070 1754 2572 1867 διαφθονήσας

152 1888 493 1984 ἀγαθῶν·
557 1885 977 1987 ἀνθρώπους
1014 1884 1159 1988 γὰρ
1198 1884 1429 1983 ὄντας,
1468 1884 1739 1985 δούλην
1775 1919 1852 1964 τε
1889 1883 2008 1964 διὰ
2043 1892 2255 1965 τοῦτο
2292 1881 2567 1988 λαχόν·

150 2042 295 2091 τας
352 2004 486 2107 τὴν
540 2009 789 2115 φύσιν,
846 2007 1050 2093 θεοὺς
1106 2013 1222 2090 καὶ
1279 2008 1469 2096 υἱοὺς
1523 2009 1858 2116 ἀπέδειξα
1924 2013 2138 2106 Θεοῦ,
2188 2016 2337 2092 τοῖς
2394 2005 2573 2105 ὑπὲρ

149 2131 400 2239 φύσιν
435 2133 800 2239 ἀξιώμασι
857 2134 1437 2242 καταφαιδρύνας
1493 2134 1609 2215 διὰ
1647 2138 1772 2235 τῆς
1828 2133 2151 2240 χάριτος,
2196 2127 2573 2215 κοινωνοὺς

42 2293 120 2354 15
149 2295 290 2361 της
333 2261 509 2361 ἐμῆς
544 2263 929 2357 βασιλείας
974 2261 1463 2369 εἰσεδεξάμην,
1501 2263 1980 2369 συμμόρφους
2017 2260 2354 2367 ἀπεδειξα
2404 2270 2571 2368 “rm
2535 2264 2569 2283 ⁶
2661 2260 2740 2309 1b.
2768 2260 2840 2311 ¹¹¹·

149 2383 535 2483 “σώματι
570 2389 699 2485 τῆς
736 2385 1012 2538 δόξης”
1054 2391 1181 2485 τῆς
1218 2390 1413 2487 ἐμῆς,
1445 2388 1829 2541 ἀφθαρσια
1863 2420 2201 2487 τετιμηκα
2240 2387 2356 2464 καὶ
2394 2382 2565 2489 ζωῇ.
2665 2340 2743 2376 ”⁰

150 2507 365 2590 ἀλλά
420 2515 647 2590 ταῦτα
701 2506 833 2609 μὲν
868 2513 944 2591 ἐν
978 2513 1251 2610 ἐλπίσι,
1289 2514 1407 2592 καὶ
1460 2518 1556 2598 εἷς
1604 2517 1827 2592 αἰῶνα
1875 2520 2187 2616 τηρεῖται
2221 2544 2349 2591 τον
2383 2509 2563 2608 μέλ·-

153 2644 423 2714 λοντα.
503 2635 581 2715 τί
628 2632 704 2714 δὲ
761 2632 848 2734 δὴ
894 2671 1008 2716 και
1062 2641 1158 2719 εἶς
1204 2670 1289 2716 το
1325 2634 1611 2739 παρόν·
1592 2698 1612 2730 ,
1674 2632 1782 2738 ἆρ’
1824 2636 1980 2740 οὐχι
2037 2632 2414 2737 λαμπρους
2452 2635 2626 2713 :caza
2669 2654 2906 2711 884A.

156 2756 771 2866 δεδοξασμένους
797 2760 1153 2864 ἀπέφηνα,
1210 2794 1523 2844 σεπτους
1578 2757 1653 2839 δε
1709 2760 1868 2864 οὐχὶ
1922 2758 2123 2862 παρὰ
2176 2765 2367 2839 πᾶσι
2421 2752 2568 2841 τοῖς

52 2925 131 2983 20
158 2881 534 2989 φιλοθεοις
564 2882 1084 3056 ακατέστησα·
1067 2945 1086 2979 ,
1180 2886 1408 2964 καίτοι
1480 2890 1631 2968 τοῖς
1704 2885 2020 2969 ἀνοσίοις
2093 2878 2572 2982 ἐπετιμήσατε

166 3006 607 3107 δαιμοσι,“
633 3014 889 3088 πᾶσαν
946 3008 1168 3089 νόσον
1229 3012 1343 3087 καὶ
1412 3014 1664 3089 πᾶσαν
1719 3008 2143 3108 μαλακίαν”
2212 3005 2574 3113 ἐπέτρεψα
2661 2993 2924 3122 ff'gffssf‘b'·

162 3131 602 3235 θεραπεύειν,
648 3130 1188 3236 ἐπηγγειλάμην
1245 3131 1481 3234 λε’γων
1538 3142 1582 3179 “
1603 3129 1841 3231 Ἀμὴν
1892 3129 2082 3231 ἀμὴν
2139 3128 2335 3234 λέγω
2388 3131 2575 3231 υμῖν,
2663 3139 2870 3254 ῗξνῐζῑξλ

186 3255 286 3334 *ὁ
323 3253 693 3337 πιστεύων
728 3291 824 3342 εις
860 3254 1001 3357 ἐμε,
1041 3253 1134 3337 τὰ
1168 3291 1345 3360 εργα
1381 3254 1432 3334 ἃ
1473 3254 1616 3358 ἐγω
1665 3262 1849 3336 ποιῶ
1902 3257 2217 3339 κάκεῖνος
2260 3254 2573 3356 ποιήσει,

164 3383 368 3460 “etat
403 3376 691 3483 μείζονα
724 3379 998 3462 τούτων
1023 3378 1379 3480 ποιήσει.”
1439 3373 1668 3460 ταῦτά
1701 3414 1855 3463 πως
1891 3386 2038 3465 τοῖς
2077 3380 2304 3482 ἁγίοις
2340 3384 2574 3480 μαθη-

64 3529 138 3589 25
166 3510 323 3589 ταῖς
370 3504 771 3605 οἰησόμεθα
819 3505 1059 3605 λέγειν
1112 3502 1329 3584 αὑτὸν
1383 3501 1509 3584 τὸν
1544 3509 1693 3584 τῶν
1725 3498 2207 3607 προκειμένων
2242 3504 2570 3603 ἀναματ-

168 3623 452 3726 τόμενοι
492 3638 689 3710 νοῦν.
763 3637 1137 3735 πανταχοῦ
1174 3627 1251 3709 δὲ
1299 3635 1449 3714 τοῖς
1494 3632 1621 3727 τῆς
1677 3629 2014 3729 ἀληθείας
2072 3627 2390 3730 δόγμασι
2445 3629 2575 3729 τὴν
2599 3640 2642 3704 b

171 3749 491 3835 διάνοιαν
544 3752 1083 3863 ὑποζεύξαντες,
1140 3754 1256 3834 καὶ
1304 3751 1398 3835 τὰ
1451 3754 2048 3856 παρεμπίπτοντα
2103 3758 2250 3833 τῶν
2301 3758 2573 3857 θεωρη-

171 3875 441 3977 μιίτων,
482 3882 580 3963 ὡς
629 3878 751 3977 ἔνι,
792 3885 1032 3964 καλῶς
1074 3885 1226 3963 ταῖς
1276 3884 1371 3962 εἷς
1418 3876 1789 3974 εὐσέβειαν
1826 3876 2104 3982 τέχναις
2153 3882 2249 3962 εἰς
2295 3874 2379 3956 τὸ
2430 3885 2577 3962 τοῖς

174 3999 646 4102 ἀκροωμένοις
718 4001 1093 4088 λυσιτελὲς
1154 3999 1720 4108 περιτρέποντες,
1788 4001 1874 4081 τὸ
1941 4009 2120 4102 γοῦν
2181 3999 2579 4110 σκανδάλῳ

77 4156 151 4211 30
177 4127 310 4203 τινὶ
361 4135 774 4231 περιπεσεῖν
824 4127 1139 4229 ἀνοήτως
1200 4125 1754 4235 διαφευξόμεθα.
1849 4161 2249 4233 γεγραπται
2304 4127 2449 4231 γὰρ
2503 4128 2580 4206 ἐν
2670 4219 2800 4267 psal

177 4247 423 4415 βίβλῳ
482 4256 810 4357 ψαλμῶν
868 4262 911 4299 “
939 4250 1207 4354 Εἰρήνη
1257 4249 1507 4351 πολλὴ
1564 4259 1712 4337 τοῖς
1767 4253 2113 4355 ἀγαπῶσι
2170 4286 2298 4333 τον
2358 4248 2578 4355 νόμον
2666 4282 2833 4332 cxvifi.

182 4377 419 4475 “σου,
461 4380 577 4458 καὶ
612 4412 741 4458 ουκ
780 4376 981 4459 ἔστιν
1019 4378 1256 4461 αὐτοῖς
1293 4375 1776 4457 σκοῖνδαλονῗ
2673 4347 2781 4410 ¹⁶⁵

2659 1508 2871 1559 Phaia

1124 4625 1207 4679 19.
1243 4606 1542 4677 ἀπεφήνατο
1568 4607 1635 4662 Ε.

1287 4711 1331 4769 4
1361 4710 1404 4754 n
1438 4709 1475 4758 2
