3238 5158
169 334 303 401 xvi.
330 335 432 407 28.
515 337 624 403 IN
685 338 755 404 S.
802 339 1320 406 JOANNEM.
1413 340 1610 407 LIB.
1658 343 1782 407 XI.
1873 343 2081 409 OAP.
2130 342 2225 408 ΙΙ.
2443 340 2567 403 651

172 511 219 550 “
244 500 487 585 Ὅταν
549 503 682 591 τὰς
743 514 986 611 χεῖρας
1048 508 1395 607 ἐκτείνητε
1452 509 1632 612 πρός
1706 542 1815 607 με,
1882 510 2333 614 ἀποστρέψει)
2405 502 2572 589 τοὺς
2663 524 2908 588 Emi-15·

171 635 220 674 “
257 628 687 732 ὀφθαλμούς
731 665 874 729 μου
921 631 1048 738 ἀφ’
1090 632 1310 730 ὑμῶν,
1347 636 1464 712 καὶ
1499 632 1624 712 ἐὰν
1659 634 2074 734 πληθύνητε
2119 633 2252 732 τὴν
2286 631 2563 731 δέησιν,
2596 641 2643 708 d

171 760 219 798 “
257 753 384 832 οὐκ
455 751 976 852 εἶσακούσομαι
1051 757 1274 856 ὑμῶν,
1352 760 1425 836 αἱ
1498 756 1642 860 γὰρ
1715 765 1939 861 χεῖρες
2016 758 2214 858 ὑμῶν
2277 756 2573 854 αἵματος

169 884 217 923 “
252 873 621 981 πλήρεις.”

104 1140 140 1201 5
185 1142 516 1213 Ἐξιῖλθον
565 1146 641 1212 ἐκ
694 1151 809 1211 τοῦ
863 1147 1123 1237 Πατρὸο
1180 1149 1287 1213 καὶ
1336 1148 1630 1216 ἐλήλυθα
1685 1146 1780 1215 εἷο
1831 1150 1946 1216 τὸν
2001 1148 2259 1224 κόσμον·
2350 1147 2545 1211 πάλιν
2603 1149 2677 1204 28

372 1270 611 1359 ἀφίημι
664 1271 779 1341 τὸν
836 1274 1078 1350 κόσμον
1134 1274 1238 1338 καὶ
1294 1277 1659 1365 πορεύομαι
1712 1275 1878 1365 πρὸς
1930 1273 2045 1341 τὸν
2088 1272 2375 1361 Πατέρα.

280 1452 692 1563 Ἀπόδειξις
746 1459 927 1556 αὕτη
979 1455 1230 1562 σαφής
1281 1491 1355 1538 τε
1407 1460 1526 1538 καὶ
1572 1457 2078 1563 ἀναμφίλογος
2126 1461 2255 1536 τοῦ
2302 1450 2405 1554 μὴ
2453 1452 2577 1531 ἕνα

167 1583 317 1657 τῶν
350 1581 981 1687 ψευδοπροφητῶν
1019 1578 1365 1684 ὑπάρχειν
1399 1577 1530 1661 τὸν
1572 1580 1864 1682 Κύριον,
1902 1579 2081 1680 μήτε
2117 1576 2264 1679 μὴν
2300 1575 2392 1657 τὰ
2428 1571 2575 1657 ἀπὸ

164 1701 461 1804 γνώμης
504 1704 758 1787 οἰκείας
813 1705 1131 1852 ε’ροεῦντα,
1182 1706 1298 1784 καὶ
1356 1702 1869 1811 διαλεξόμενον
1923 1700 2123 1806 παρὰ
2176 1736 2261 1782 το
2318 1703 2574 1779 δοκοῦν
2600 1731 2637 1775 e

70 1864 142 1905 10
137 1829 272 1939 τῷ
340 1830 581 1932 Πατρὶ
652 1862 834 1932 προς
906 1829 1093 1928 ἡμᾶς
1163 1833 1492 1935 ἀφῖχθαι,
1556 1826 1743 1908 κατά
1808 1863 1895 1931 γε
1960 1826 2094 1927 τὴν
2151 1829 2393 1926 ἀμαθῆ
2458 1827 2576 1904 καὶ

167 1948 645 2032 ἀπόπτυστον
678 1958 824 2032 τῶν
849 1952 1287 2033 Ἰουδαίων
1252 1954 1611 2050 υπόνοιαν,
1649 1987 1734 2033 το
1770 1954 2359 2054 παλινδρομῆσαι
2393 1982 2575 2052 προς

166 2071 298 2153 τὸν
343 2074 642 2178 Πατέρα
695 2079 812 2158 καὶ
864 2078 1367 2178 ὖπονοστῆσαι
1415 2078 1566 2177 μετ’
1609 2077 1947 2185 ἐξουσίας
2003 2074 2168 2157 οθεν
2214 2072 2404 2156 οἶδεν
2447 2075 2570 2154 ἐκ·

166 2198 522 2299 βεβηκώς.
612 2205 757 2280 Ναὶ
793 2199 959 2303 γὰρ,
994 2203 1143 2304 ἐρεῖ
1180 2235 1289 2287 τις
1325 2199 1548 2308 τυχὸν
1590 2210 1746 2285 ταῖς
1793 2207 1939 2281 τῶν
1973 2200 2340 2281 Ἰουδαίων
2374 2200 2569 2298 ἀμα-

167 2323 353 2407 θίαις
390 2321 1094 2423 ἀντικαθιστάμενος,
1130 2327 1259 2406 οὒκ
1298 2325 1573 2427 ἀληθὴς
1611 2324 1701 2426 ἦν
1736 2325 1918 2409 ἴσως
1962 2326 2002 2404 ὁ
2043 2320 2368 2427 Χριστὸς
2405 2322 2569 2403 καθ’

70 2479 139 2541 15
170 2448 353 2547 ὑμᾶς
404 2442 463 2527 ὦ
506 2449 858 2546 Ἰουδαῖοι,
894 2450 1065 2528 ἀλλ’
1106 2448 1268 2529 οὐδὲ
1316 2454 1917 2532 συνευδοκοῦντος
1966 2448 2160 2555 αὐτῷ
2208 2455 2337 2527 τοῦ
2381 2450 2577 2526 Θεοῦ

167 2574 284 2652 καὶ
327 2568 622 2676 Πατρός
663 2571 797 2672 τὴν
830 2576 958 2673 τῆς
1000 2573 1469 2676 εὖαγγελικῆς
1504 2574 1871 2656 πολιτείας
1907 2568 2348 2669 εἶσκεκόμικε
2394 2570 2569 2650 παί-
2600 2604 2637 2644 a
2680 2589 2806 2645 941
2825 2587 2903 2644 Δ.

167 2698 435 2793 δευσιν,
486 2696 855 2800 ἄπρακτον
906 2696 1044 2798 ἤδη
1102 2696 1374 2781 δεικνὺς
1432 2700 1551 2777 καὶ
1605 2694 1956 2797 ἀνόνητον
2008 2701 2106 2779 εἷς
2159 2691 2576 2794 τελειότητα

166 2818 301 2919 τὴν
338 2854 476 2901 κατ
476 2820 890 2918 ἐὐσέβειαν
925 2818 1056 2920 τὴν
1096 2819 1391 2921 νομικὴν
1429 2819 1757 2921 ἐντολήν.
1827 2822 2197 2923 ἐγκαλεῖτε
2234 2815 2381 2920 γάρ
2416 2851 2575 2902 πως

168 2946 266 3030 ὦς
301 2945 642 3025 λελυκότι
684 2980 768 3025 το
813 2942 1224 3042 σάββατον,
1262 2949 1379 3025 καὶ
1418 2944 1614 3048 εἴπερ
1651 2979 1720 3024 τι
1757 2950 1902 3026 τῶν
1939 2940 2327 3042 θαυμάτων
2359 2939 2574 3045 ἐργά-

68 3113 139 3151 20
166 3103 388 3149 σαιτο
440 3067 611 3171 παρ’
665 3071 847 3166 ὑμῖν,
891 3069 1033 3147 “ε’ν
1078 3067 1526 3172 Βεελζεβουλ
1582 3102 1882 3175 αρχοντι
1936 3074 2083 3149 τῶν
2139 3057 2569 3166 δαιμονίων”
2662 3078 2859 3208 {Ilugo-

166 3194 287 3272 καὶ
342 3201 557 3274 τοῦτο
610 3198 838 3273 ποιεῖν
892 3189 1192 3272 ειωθότα
1248 3197 1783 3287 δυσσεβοῦντες
1836 3189 2177 3295 εἰρήκατε.
2270 3197 2425 3274 πῶς
2485 3189 2574 3290 δὴ

166 3318 292 3399 οὖν
354 3316 495 3419 ἄρα
559 3319 678 3396 καὶ
741 3321 839 3400 εἷς
903 3315 1121 3395 αὐτὸν
1175 3316 1397 3416 ἀνέβη
1460 3316 1588 3396 τὸν
1644 3313 1993 3420 οὐρανόν;
2073 3322 2229 3400 πῶς
2285 3312 2576 3420 ἐδέξατο

166 3442 575 3545 σύνθρονον
637 3442 679 3520 ὁ
744 3437 1025 3543 Πατὴρ,
1083 3440 1524 3542 ἐπαιρόντων
1578 3437 1921 3543 ἀγγέλων
1976 3440 2171 3546 αὐτῷ
2230 3436 2361 3522 τὰς
2425 3436 2575 3517 ἅνω

163 3565 432 3663 πύλας,
466 3561 596 3645 τὸν
632 3571 779 3649 τοῖς
835 3564 1055 3643 αὐτοῦ
1113 3562 1477 3666 δόγμασιν
1521 3562 2094 3667 ἀντιπράττοντα
2148 3564 2308 3643 καθ’
2353 3562 2566 3659 ὑμᾶς,
2599 3569 2642 3635 b

64 3720 137 3782 25
167 3691 284 3769 καὶ
353 3687 784 3790 ἀνεθέλητον
845 3692 950 3795 τῷ
1010 3692 1481 3785 παμβασιλεῖ
1535 3692 1682 3767 τῶν
1744 3685 1940 3767 ὅλων
2004 3685 2139 3786 τὴν
2201 3683 2578 3793 ὑφήγησιν

163 3811 704 3913 ποιησάμενον,
783 3810 887 3912 μὴ
944 3809 1095 3915 γὰρ
1152 3807 1572 3911 λεληθότως
1628 3809 2051 3916 ἀνελήφθη;
2134 3807 2234 3908 μὴ
2290 3806 2435 3912 γὰρ
2493 3811 2577 3889 οὐ

161 3933 402 4020 πολὺς
462 3934 554 4037 ἦν
610 3935 855 4040 ὄχλος,
914 3931 1099 4038 πρὸς
1163 3932 1287 4018 οὓς
1350 3934 1493 4040 ἔφη
1566 3934 1606 4012 ὁ
1673 3931 1859 4018 θεῖός
1924 3967 2004 4013 τε
2066 3935 2185 4011 καὶ
2250 3931 2577 4033 οὐράνιος

164 4057 482 4160 ἅγγελος
539 4067 585 4105 “
608 4054 917 4161 ’Ἄνδρες
984 4061 1391 4156 Γαλιλαῖοι,
1456 4056 1534 4136 τί
1591 4054 1943 4155 ἑστήκατε
2017 4054 2416 4150 βλέποντες
2478 4062 2575 4140 εἷς
2662 4073 2801 4189 20¹²}
2815 4071 2905 4187 Sl}-

165 4190 212 4228 “
246 4179 379 4261 τὸν
414 4177 715 4285 οὐρανόν
745 4213 767 4279 3
831 4180 1039 4265 οὗτος
1076 4181 1116 4260 ὁ
1153 4181 1439 4281 Ἰησοῦς
1491 4180 1532 4259 ὁ
1581 4181 2027 4284 ἀναληφθεὶς
2072 4178 2201 4286 ἀφ’
2244 4178 2441 4278 ὑμῶν
2477 4184 2575 4263 εἰς
2716 4154 2767 4203 P'
2800 4174 2812 4187 ⁸
2889 4172 2902 4186 ’

237 4437 294 4496 5.
331 4423 390 4479 ἐκ
413 4424 479 4480 Ε.
502 4425 646 4497 παρὰ
669 4423 775 4480 Ed.
1063 4441 1147 4480 10.
1183 4428 1257 4497 τῷ
1279 4446 1385 4480 var
1320 4425 1586 4550 αὲρὶι
1461 4442 1571 4482 om.
1596 4423 1665 4480 Ε.
1757 4423 1915 4496 πρὸς]
1947 4430 2006 4490 -1-
2034 4425 2127 4480 τὸν
2147 4421 2345 4492 πατέρα
2370 4420 2455 4485 Ε.,
2481 4419 2578 4475 sed

168 4504 358 4565 postea
378 4512 547 4550 manu
569 4493 754 4551 eadem
779 4494 990 4551 delevit.
1061 4496 1163 4567 ἆφῖ
1236 4497 1322 4550 θαι
1805 4513 1867 4551 ro
1889 4496 2009 4552 οὐδὲ
2036 4494 2103 4553 Ε.
2253 4494 2337 4549 18.
2373 4513 2481 4548 παις
2509 4490 2575 4547 Ε.

170 4568 376 4622 πάντως
401 4565 506 4621 Ed.
791 4567 876 4623 28.
911 4518 1292 4632 βλέποντεγχΕ.
1318 4561 1668 4636 ἐμβλεποντσς
1679 4495 1804 4623 Edp

1283 4667 1467 4727 402
