3238 5158
187 372 319 437 viii.
343 374 441 439 28.
541 376 656 439 IN
716 378 782 441 S.
833 378 1350 443 JOANNEM.
1441 379 1634 443 LIB.
1669 381 1751 444 V.
1843 380 2047 444 CAP.
2098 380 2219 444 IV.
2495 382 2579 442 35

186 535 459 641 ἰσχύων
495 543 611 619 καὶ
660 543 997 642 ἀκονητί;
1062 545 1315 624 οὐκοῦν
1347 551 1649 644 σημεῖον
1686 542 1986 624 ἔσεσθαι
2031 550 2180 628 τοῖς
2216 543 2583 628 Ἰουδαίοις

183 659 308 740 τὸν
362 666 618 742 οἰκεῖον
671 664 992 769 σταυρὸν
1046 666 1367 772 ἔφασκεν
1422 669 1463 747 5
1522 664 1798 769 Σωτὴρ,
1857 668 1974 745 καὶ
2029 664 2396 773 ἀπόδειξιν
2449 666 2583 768 τὴν

180 784 711 886 ἐναργεστάτην
748 798 877 869 τοῦ
916 789 1095 869 κατὰ
1135 790 1365 898 φύσιν
1403 788 1622 869 αὐτὸν
1658 787 1835 870 εἶναι
1869 789 2084 870 Θεόν.

291 911 533 987 Τοῦτο
572 909 638 989 δ’
678 910 769 991 ἂν
805 913 963 1019 ἴδῃς
995 912 1214 993 αὐτὸν
1252 917 1370 993 καὶ
1406 913 1703 1016 ἑτερωθί
1745 947 1887 993 που
1935 913 2245 1014 λε’γοντα
2285 916 2576 1020 σαφῶς·
2606 925 2652 990 d

122 1049 157 1110 5
184 1037 489 1109 πολλῶν
542 1033 673 1130 μὲν
732 1035 877 1139 γὰρ
941 1039 1059 1116 καὶ
1124 1035 1630 1138 ἀναριθμήτων
1684 1033 2368 1139 τερατουργημάτων
2421 1038 2574 1115 ἐπι-

184 1154 605 1256 δειχθέντων
650 1160 735 1236 δι’
776 1162 1015 1257 αὑτοῦ,
1052 1157 1484 1264 προσῄεσάν
1520 1194 1697 1240 ποτε
1744 1157 2185 1263 πειράζοντες
2236 1164 2301 1239 οἱ
2350 1164 2577 1260 Φαρι-

184 1284 383 1355 σαῖοι
437 1283 554 1358 καὶ
608 1282 941 1383 λέγοντες
976 1294 1019 1330 “
1042 1282 1472 1363 Διδάσκαλε
1528 1281 1841 1382 θέλομεν
1888 1281 2032 1362 ἀπὸ
2087 1290 2228 1362 σοῦ
2281 1288 2585 1381 σημεῖον
2675 1284 2923 1412 ξίἒᾶὲἓξῑῑ·

186 1409 229 1445 “
265 1400 508 1479 ἰδεῖν·”
576 1406 617 1483 5
664 1404 739 1485 δὲ
790 1408 1075 1510 ἐπείπερ
1125 1404 1294 1491 τοὺς
1343 1408 1419 1487 ἐν
1457 1407 1697 1490 αὐτοῖς
1747 1405 1982 1488 ἰόντας
2032 1408 2276 1485 ε’θεᾶτο
2326 1409 2580 1484 διαλο-

2562 1530 2581 1555 ·
2675 1527 2755 1576 Ib-
2775 1539 2855 1592 39.

183 1523 515 1624 γισμοῦς,
565 1531 681 1606 καὶ
736 1538 1007 1634 πικρῶς
1061 1529 1692 1630 διενθυμουμένους
1747 1530 1875 1608 οὐκ
1930 1526 2172 1629 ἦγνόει
2228 1538 2270 1576 “
2301 1527 2560 1626 PGW‘J‘:
2676 1606 2757 1653 40,

86 1678 158 1718 10
186 1648 394 1751 φησὶ,
434 1657 480 1693 “
513 1650 796 1755 πονηρὰ
852 1661 967 1733 καὶ
1019 1656 1356 1758 μοιχαλὶς
1404 1659 1708 1753 σημεῖον
1756 1651 2076 1756 ἐπιζητεῖ,
2121 1654 2237 1731 καὶ
2285 1659 2587 1752 σημεῖον

185 1780 227 1816 “
265 1771 347 1849 οὐ
387 1771 772 1872 δοθήσεται
809 1779 989 1883 αὐτῇ
1025 1783 1084 1857 εἰ
1120 1776 1223 1877 μὴ
1274 1775 1357 1857 τὸ
1402 1784 1706 1878 σημεῖον
1741 1779 1955 1855 Ἰωνᾶ
2002 1783 2130 1855 τοῦ
2179 1773 2582 1882 προφήτου·

185 1903 228 1940 “
264 1892 517 1998 ὥσπερ
553 1897 697 2002 γὰρ
733 1897 821 1998 ἦν
857 1904 1102 1985 Ἰωνᾶς
1141 1904 1216 1995 ἐν
1251 1907 1340 2006 τῇ
1378 1903 1617 2007 κοιλίᾳ
1652 1908 1780 1979 τοῦ
1817 1897 2073 1999 κήτους
2106 1905 2290 2002 τρεῖς
2327 1899 2590 2001 ἡμέρας

187 2025 230 2064 “
267 2024 385 2097 καὶ
426 2028 613 2124 τρεῖς
651 2021 929 2122 νύκτας,
966 2026 1189 2108 οὕτως
1229 2025 1435 2103 ἔσται
1473 2028 1589 2103 καὶ
1629 2025 1669 2101 5
1709 2021 1852 2105 υἱὸς
1902 2029 2030 2101 τοῦ
2082 2021 2463 2125 ἀνθρώπου
2511 2024 2588 2102 ἐν

188 2149 232 2186 “
267 2147 359 2248 τῇ
399 2147 656 2252 καρδίᾳ
690 2151 816 2246 τῆς
854 2153 987 2249 γῆς
1024 2155 1209 2252 τρεῖς
1247 2147 1510 2249 ἡμέρας
1548 2150 1663 2226 καὶ
1702 2153 1888 2249 τρεῖς
1928 2143 2250 2230 νύκτας.”
2315 2145 2588 2229 ἀκούεις
2615 2185 2650 2228 e

89 2288 159 2350 Ῑ5
190 2262 382 2349 ὅπως
434 2276 735 2367 σημεῖον
773 2277 1056 2351 αἰτοῦσι
1107 2277 1254 2353 τοῖς
1287 2269 1655 2352 Ἰουδαίοις
1707 2275 1805 2352 εἰς
1855 2266 2220 2375 ἀπόδειξιν
2256 2267 2366 2347 ὅτι
2404 2267 2590 2352 Θεὸς

190 2386 493 2496 ὑπάρχει
571 2393 753 2473 κατὰ
826 2393 1192 2495 ἀλήθειαν,
1267 2399 1327 2472 εἰ
1395 2395 1513 2473 καὶ
1591 2391 2036 2496 πειράζοντες
2108 2388 2382 2493 ἔλεγον,
2458 2393 2591 2496 οὐχ

187 2511 426 2614 ἕτερον
494 2517 732 2601 αὐτοῖς
801 2515 1439 2623 ἐπιδειχθήσεσθαί
1507 2522 1761 2622 φησιν,
1826 2522 1884 2596 εἰ
1958 2515 2058 2617 μὴ
2134 2513 2218 2597 τὸ
2292 2523 2591 2616 σημεῖον

187 2638 395 2717 Ἰωνᾶ
454 2650 582 2720 τοῦ
636 2639 1035 2748 προφήτου,
1090 2641 1440 2737 τουτέστι,
1495 2639 1624 2720 τὸν
1677 2639 2054 2743 τριήμερον
2112 2640 2420 2720 θάνατον
2476 2644 2595 2720 καὶ

189 2759 321 2861 τὴν
358 2766 439 2843 ἐκ
479 2773 745 2867 νεκρῶν
781 2769 1227 2860 ἀναβίωσιν;
1267 2766 1345 2843 τί
1376 2763 1519 2866 γὰρ
1557 2762 1647 2843 ἀν
1685 2765 1960 2865 γένοιτο
1993 2766 2120 2862 τῆς
2160 2769 2595 2866 θεοπρεποῦς

94 2918 168 2959 20
191 2887 526 2994 ἐξουσίας
590 2897 889 2989 σημεῖον
944 2890 1129 2969 οὕτω
1188 2887 1374 2990 με’γα
1436 2891 1552 2966 καὶ
1612 2887 2016 2994 περιφανὲς,
2074 2889 2169 2969 ὦς
2225 2885 2309 2967 τὸ
2365 2920 2590 2966 κατα-

190 3020 415 3090 λῦσαι
474 3011 806 3104 θάνατον,
866 3016 981 3092 καὶ
1037 3010 1438 3117 ἀνατρέψω
1497 3008 1804 3118 φθορὰν,
1861 3010 2089 3088 καίτοι
2153 3008 2336 3088 κατὰ
2401 3009 2596 3088 θείαν

189 3133 572 3242 ἀπόφασιν
607 3140 734 3233 τῆς
770 3137 1213 3238 ἀνθρωπείας
1249 3132 1900 3237 κατακρατήσαντα
1936 3131 2270 3239 φύσεως;
2329 3133 2595 3231 ἤκουσε

190 3257 331 3361 γὰρ
367 3259 411 3360 ἡ
457 3262 534 3339 ἐν
569 3258 809 3359 Ἀδάμ
846 3271 888 3307 “
919 3264 1024 3358 Γῆ
1078 3256 1142 3338 εἶ
1187 3261 1302 3338 καὶ
1355 3264 1454 3342 εἰς
1503 3262 1644 3360 γῆν
1679 3255 2123 3362 ἀπελεύσῃ·”
2185 3258 2352 3335 ἀλλ’
2394 3253 2484 3354 ἦν
2518 3258 2594 3335 ἐν
2618 3299 2654 3338 a
2693 3283 2934 3372 5203.

192 3383 489 3490 ἐξουσίᾳ
526 3388 629 3490 τῷ
670 3386 949 3484 Σωτῆρι
988 3386 1296 3488 Χριστῷ
1333 3385 1449 3460 καὶ
1485 3379 1697 3464 τέλος
1734 3383 2072 3461 ἐπιθεῖναι
2117 3386 2271 3465 ταῖς
2315 3379 2595 3463 οἰκείαις
2686 3359 2814 3489 {³3²
2835 3375 2906 3410 ω’

98 3523 167 3582 25
193 3508 459 3610 ὀργαῖς,
501 3510 617 3585 καὶ
653 3515 806 3590 ταῖς
844 3506 1203 3607 εὐλογίαις
1239 3503 1638 3611 ἀνατρέψω
1674 3504 1802 3584 τὸν
1839 3507 1916 3583 ἐκ
1952 3509 2080 3602 τῆς
2117 3504 2334 3584 αὐτοῦ
2368 3502 2596 3583 πάλιν

193 3630 368 3729 ἀρᾶς
408 3628 821 3733 ἰσχύσαντα
859 3627 1193 3710 θάνατον.
1277 3630 1384 3707 ὅτι
1438 3628 1511 3708 δὲ
1557 3625 1856 3735 σφόδρα
1893 3627 2368 3730 κατέφριττον
2406 3628 2588 3705 'Iov-

196 3755 374 3831 δαῖοι
429 3755 517 3832 τὸ
572 3755 650 3831 ἐκ
704 3756 831 3852 τῆς
885 3750 1358 3834 ἀναστάσεως
1413 3758 1716 3852 σημεῖον
1773 3755 1868 3836 ὡς
1926 3754 2310 3831 ἀναπεῖσαι
2366 3748 2596 3828 δεινὸν

196 3873 302 3953 ὅτι
345 3874 534 3958 Θεὸς
589 3875 897 3980 ὑπάρχοι
950 3874 1132 3955 κατὰ
1182 3873 1527 3974 ἀλήθειαν
1576 3877 1616 3954 5
1669 3874 2018 3979 Χριστὸς,
2057 3873 2139 3952 τὸ
2190 3879 2596 3954 τελευταῖον

196 3998 427 4078 αὐτῶν
466 3999 1078 4103 δραματούργημα
1116 3997 1383 4105 διδάξει
1421 4005 1706 4104 σαφῶς·
1770 4001 1865 4083 ὡς
1900 3997 2044 4101 γὰρ
2085 3996 2429 4077 ἐπύθοντο
2468 4002 2595 4075 τοῦ

100 4148 174 4204 30
199 4126 533 4226 Σωτῆρος
568 4120 699 4223 τὴν
737 4124 1166 4221 ἀνάστασιν,
1205 4126 1321 4203 καὶ
1359 4122 1469 4203 ὅτι
1505 4124 1641 4230 οὐχ
1677 4125 1964 4227 εὕρηται
2007 4125 2082 4202 ἐν
2118 4127 2222 4228 τῷ
2254 4119 2595 4226 μνημείῳ,

270 4399 322 4454 6.
359 4401 409 4453 οἰ
434 4403 709 4471 Φαρισαῖοι
732 4409 1068 4471 assumptum
1095 4419 1160 4456 ex
1187 4399 1234 4454 B
1259 4417 1372 4471 mg.
1587 4401 1642 4457 8.
1678 4398 1915 4472 ἐπείπερ]
1944 4399 2057 4455 ἐπεί
2080 4397 2226 4453 Aub.
2330 4399 2503 4455 αὐτοῖς
2529 4397 2596 4452 Β.

200 4470 336 4542 αὐτῷ
365 4469 546 4525 Holst.
577 4470 679 4527 Ed.
800 4470 1007 4544 ε’θεᾶτο]
1041 4479 1099 4537 -Ι-
1129 4472 1250 4528 τοὺς
1274 4472 1454 4526 ἑαυτὸν
1478 4470 1546 4525 Β.
1644 4476 1683 4501 “
1704 4470 1860 4525 Forte
1885 4468 2173 4542 legendum
2200 4469 2272 4526 εἰς
2296 4470 2477 4522 ἑαυτὸν
2500 4486 2598 4538 pro

200 4541 316 4597 τοὺς
341 4542 581 4596 ἑαυτὸν.”
609 4542 697 4597 He
734 4559 809 4596 se.
1094 4583 1108 4597 .
1144 4544 1329 4613 πικρὰς
1357 4542 1421 4596 Β.
1448 4542 1756 4597 emendavit
1783 4541 1965 4597 Holst.
2205 4556 2292 4612 27.
2330 4540 2496 4594 δεινὸν
2518 4538 2599 4592 ὅτι

202 4610 449 4666 emendat
476 4611 674 4684 Heyse.
733 4611 931 4682 ῆνονὸτι
958 4612 1023 4667 Β.
1113 4615 1291 4667 λονότι
1319 4612 1415 4667 Ht.
1443 4612 1546 4668 Ed.

1343 4714 1449 4762 1²2
