3238 5158
216 377 329 420 vm
352 358 454 439 48.
752 361 867 426 IN
926 362 994 427 S.
1044 362 1087 427 J
1098 360 1557 427 OANNEM.
1648 360 1840 425 LIB.
1873 359 1993 424 VI.
2271 353 2289 393 ³
2454 362 2577 425 10¹7

212 521 353 601 ἀντὶ
387 531 509 603 7·οῦ
541 526 1075 626 συγκατανεύει,
1110 527 1426 608 πειθεῒαι
1463 529 1578 605 Καὶ
1628 559 1727 609 Εις
1775 533 1944 604 νῠῦν
1978 521 2417 627 ἀπΟΚΡῑΠΓΓΕι
2450 557 2579 602 7·ον
2605 550 2641 594 θ

209 644 456 742 ἑαυτοῦ,
518 646 699 729 κατὰ
763 647 849 730 τὸ
910 647 1281 753 εἰρημένον
1343 652 1420 728 ἐν
1483 648 1731 755 βίβλῳ
1792 653 2192 752 παροιμιῶν
2259 658 2304 695 “
2333 645 2702 801 Σοφὸς8

211 772 522 878 “καρδι’ᾳ
571 772 847 879 δέξεται
896 771 1265 857 gnome?
1316 771 1451 872 τὴν
1485 770 1619 871 μὲν
1655 770 1803 877 γὰρ
1850 778 1998 853 τῶν
2032 769 2384 872 ἀνοήτων,
2423 771 2581 871 ἤτοι

207 900 771 998 καταφρονητῶν,
850 894 1174 1000 καθάπερ
1242 930 1350 980 τις
1423 895 1712 996 ἄσημος
1782 893 1926 1000 ἠχὴ
1999 897 2465 1001 περιενεχθεὶς
2539 896 2580 974 ὁ

153 1029 185 1091 5
207 1013 429 1116 λόγος,
462 1023 582 1099 καὶ
616 1016 868 1122 ὥσπερ
904 1053 1015 1103 τις
1051 1020 1317 1103 κτύπος
1352 1017 1916 1124 παρενοχλήσας
1951 1025 2102 1124 εἰκῇ
2137 1021 2583 1123 παραχρῆμα

204 1144 335 1218 τῶν
367 1140 746 1237 λαβόντων
780 1140 1347 1242 ἀπαλλάττεται,
1385 1142 1694 1223 εἶσδύνει
1731 1141 1807 1223 δὲ
1844 1143 2169 1246 καθάπερ
2210 1147 2306 1225 εἰς
2355 1141 2574 1244 ἄρου-

200 1296 325 1364 ραν
367 1266 617 1366 εὐγενῆ
672 1273 820 1346 τῶν
867 1273 1191 1346 συνετῶν
1244 1265 1379 1367 τὴν
1430 1267 1751 1370 καρδιάν.
1828 1271 2085 1373 σοφῶς
2139 1264 2229 1365 δὴ
2284 1263 2582 1371 σφόδρα

201 1384 316 1470 τὰς
361 1394 506 1469 τῶν
543 1389 910 1471 Ἰουδαίων
952 1390 1294 1474 ἀπονοίας
1340 1390 1665 1495 ἐλέγχων
1703 1390 1744 1468 ὁ
1793 1390 2081 1493 Κύριος,
2115 1393 2232 1469 καὶ
2281 1392 2574 1495 δυσφη-

198 1519 491 1606 μοῦντας
553 1513 811 1613 ἀνέδην
864 1513 1275 1612 ἐπιδεικνὺς,
1330 1513 1498 1599 τοὺς
1560 1514 1818 1593 ἑαυτοῦ
1877 1513 2144 1615 λόγους
2205 1521 2333 1592 τοῦ
2389 1517 2581 1592 Θεοῦ

2670 648 2893 697 Prota

116 1654 179 1694 10
202 1632 452 1735 λόγους
506 1633 692 1717 εἶναί
741 1642 956 1744 φησι.
1037 1637 1533 1737 μεταπαιδεύει
1586 1638 1732 1741 γάρ
1786 1671 1964 1734 πως,
2019 1644 2272 1743 φησὶν,
2329 1635 2583 1719 αὐτους
2607 1670 2643 1709 a
2679 1654 2813 1710 568
2832 1654 2915 1709 A.

199 1763 286 1841 εἷς
329 1793 411 1838 το
462 1764 835 1867 φρονεῖν’
798 1764 905 1844 επ’
946 1763 1139 1870 αὐτῷ
1191 1796 1286 1842 τα
1337 1761 1917 1865 πρεπωδέστερα,
1954 1764 2074 1840 καὶ
2126 1758 2226 1860 μὴ
2282 1758 2585 1862 νομίζειν

197 1881 486 1991 Ἰωσὴφ,
536 1884 765 1986 ἤγουν
817 1884 1060 1987 ἑτερου
1113 1884 1304 1971 τινὸς
1359 1892 1506 1966 τῶν
1555 1886 1672 1966 ἐπὶ
1726 1887 1856 1984 τῆς
1910 1887 2066 1986 γῆς,
2116 1882 2584 1986 ἐκπεφυκέναι

199 2005 366 2085 κατὰ
421 2007 788 2109 ἀλήθειαν,
837 2010 1009 2088 ἀλλ’
1059 2011 1137 2089 ἐκ
1190 2012 1319 2109 τῆς
1373 2007 1626 2091 οὐσίας
1680 2016 1810 2088 τοῦ
1865 2012 2057 2087 Θεοῦ
2115 2010 2231 2087 καὶ
2291 2003 2585 2109 Πατρος

201 2128 376 2210 Θεὸν
444 2134 522 2212 ἐκ
597 2138 790 2212 Θεοῦ
860 2131 1253 2238 πεφηνέναι
1326 2131 1714 2223 πιστεύειν,
1784 2129 1825 2211 ὃ
1898 2129 1988 2230 δὴ
2061 2134 2180 2211 καὶ
2251 2129 2585 2214 συνέντες

116 2276 176 2334 15
199 2251 680 2359 ἅσχάλλουσι,
756 2259 874 2336 καὶ
949 2254 1398 2359 θερμοτέροις
1471 2255 2022 2361 καταφλέγουσι
2104 2262 2252 2338 τοῖς
2334 2258 2585 2351 θυμοῖς

198 2377 695 2476 προστιθέντες
759 2390 804 2427 “
840 2380 1143 2478 ἀνομίαν
1214 2382 1330 2459 ἐπὶ
1401 2377 1534 2478 τὴν
1607 2379 1910 2477 ἀνομίαν
1984 2378 2257 2457 ἑαυτῶν
2263 2374 2335 2475 ,”
2397 2372 2586 2456 καθὰ

198 2498 607 2605 γέγραπται,
645 2504 734 2582 δι’
772 2500 876 2583 ὧν
910 2503 1015 2584 ἔτι
1059 2501 1394 2607 μειζόνως
1446 2501 1881 2606 ὑβρίζουσιν.

272 2719 751 2808 Ἀπεκρίθησαν
793 2715 1106 2785 Ἰουδαῖοι
1161 2720 1267 2785 καί
1320 2713 1506 2786 εἷπον
1560 2718 1742 2803 αὐτῷ
1795 2717 1888 2782 Οὐ
1944 2718 2166 2781 καλῶς
2220 2717 2489 2792 λὲΓομεν

444 2841 635 2921 ἡμεῖς
689 2843 1258 2933 ὅτιΣαμαρείτΗο
1313 2838 1394 2909 εἴ·
1426 2845 1500 2910 σὺ
1557 2843 1664 2908 καὶ
1718 2842 2055 2919 δαιμόνιον
2108 2840 2318 2927 ἔχεις,

119 3035 180 3076 20
303 3012 874 3112 Καταθρηνῆσαι
928 3006 1155 3088 πάλιν
1197 3006 1602 3087 ἀκόλουθον
1644 3003 1778 3104 τὴν
1813 3011 1961 3084 τῶν
1994 3000 2361 3084 Ἰουδαίων
2397 3003 2583 3079 ἀπο-

200 3131 533 3237 πληξίαν,
570 3135 689 3212 καὶ
736 3136 865 3231 τῆς
912 3133 1233 3231 εὐηθείας
1281 3130 1414 3232 τὴν
1453 3126 1888 3233 ὑπερβολήν.
1962 3135 2118 3212 ταῖς
2172 3125 2319 3229 γὰρ
2372 3130 2593 3231 σφῶν

203 3254 422 3334 αὐτῶν
463 3257 894 3336 ἁλίσκονται
950 3262 1244 3362 φωναῖς,
1289 3252 1613 3356 καθάπτρ
1669 3258 1737 3333 οἱ
1793 3256 2024 3355 θῆρες,
2065 3249 2183 3330 ὅτε
2238 3255 2393 3331 ταῖς
2447 3251 2595 3327 τῶν

203 3377 676 3482 σφαττόντων
724 3380 1129 3477 ἐπιπηδῶσι
1184 3380 1457 3481 χερσὶν,
1512 3377 1712 3456 αὐτοὶ
1770 3376 1935 3456 καθ’
1978 3376 2247 3454 ἑαυτῶν
2293 3370 2422 3456 τὰς
2477 3372 2595 3452 ἐπὶ

204 3502 297 3606 τῷ
365 3501 649 3609 σιδήρῳ
723 3508 1104 3606 κιχρῶντες
1173 3500 1427 3603 ὁρμάς.
1533 3498 1998 3604 ἐλεγχόμενοι
2063 3496 2208 3601 γὰρ
2274 3501 2370 3583 ὡς
2434 3496 2594 3580 ἔθος
2614 3529 2651 3578 ο

127 3647 185 3708 ²5
206 3623 428 3710 αὐτοῖς
489 3629 612 3706 καὶ
672 3626 937 3726 μελέτη
996 3624 1411 3730 σύντροφος
1474 3622 1557 3705 τὸ
1630 3628 2130 3729 ψευδομυθεῖν,
2189 3618 2454 3721 ἀληθὲς
2510 3618 2596 3700 ὂν

205 3753 637 3855 παραχρῆμα
687 3747 1111 3847 δεικνύουσι,
1155 3751 1275 3828 καὶ
1324 3747 1771 3852 διαπριόνται
1823 3746 1956 3846 μὲν
1997 3748 2095 3832 ὦς
2149 3746 2278 3825 οὐκ
2332 3740 2471 3823 εἶεν
2518 3745 2597 3828 ἐκ

208 3874 386 3952 Θεοῦ
454 3908 666 3978 παρα
735 3881 863 3954 τοῦ
925 3877 1266 3975 Σωτῆρος
1330 3871 1727 3955 ἀκούοντες.
1830 3866 2118 3952 οὐδενὸς
2184 3868 2260 3949 δὲ
2321 3863 2598 3973 μεταξυ

209 3994 693 4098 διαγεγονότος
728 3995 1014 4102 χρόνου,
1050 4000 1180 4094 τῆς
1226 4004 1356 4076 τοῦ
1393 3992 1745 4092 διαβόλου
1782 3993 2031 4077 κακίας
2066 3988 2598 4096 ἀκριβεστάτην

209 4119 276 4197 ἕν
332 4124 608 4206 ἑαυτοῖς
669 4121 1161 4228 ἀποφαίνουσι
1224 4119 1357 4219 τὴν
1412 4116 1674 4199 εικόνα.
1783 4121 2214 4225 Σαμαρείτην
2273 4112 2418 4218 γὰρ
2481 4115 2599 4193 καὶ

276 4328 321 4367 1.
354 4311 745 4386 συγκατανεύει,
768 4312 999 4368 πείθεται
1024 4312 1090 4367 Β.
1093 4330 1143 4366 a
1013 4307 1564 4453 magnas-arefacta·
1587 4309 1673 4364 καὶ
1693 4304 1968 4363 πείθεσθαι
1995 4305 2177 4362 Holst.
2203 4304 2308 4360 Ed.
2400 4304 2597 4360 Statim

212 4382 495 4510 ‘fig-33⁴⁹
518 4384 647 4510 ωὲ.
673 4382 1176 4509 ἓξαλλάῗπτίόθαι
1138 4453 1206 4508 Β.
1233 4402 1664 4507 thtggffix‘ri‘t
1682 4378 1922 4505 ξιξὴῖω
2003 4448 2088 4503 16.
2123 4373 2602 4503 ὃαῖτέἔὴΒΡόέτῖύ

214 4518 303 4577 Ht.
326 4523 432 4581 Ed.
689 4525 773 4579 18.
808 4524 1051 4581 Ἰουδαῖοι
1077 4523 1145 4580 Β.
1169 4524 1220 4577 οἱ
1239 4522 1484 4578 Ἰουδαιοι
1509 4520 1609 4575 Ht.
1639 4519 1744 4575 Ed.
1981 4534 2070 4575 20.
2106 4517 2507 4588 Καταθρηνῆσαι
2531 4515 2601 4570 Β.

213 4588 409 4665 Miglis·
434 4595 801 4665 Καταθηνῆσω
823 4595 972 4651 Aub.
1186 4607 1271 4665 25.
1310 4593 1370 4649 ὒν
1390 4589 1732 4664 παραχρῆμα]
1759 4589 1938 4647 ath-lxo
1960 4591 2023 4646 τὸ
2046 4591 2221 4661 χρῆμα
2243 4605 2293 4642 a.

354 4693 372 4728 ·'
1363 4696 1401 4740 P
1436 4695 1475 4743 2

2677 2373 2923 2489 Pgstviii.

2678 2453 2705 2489 2
2744 2475 2758 2490 .

2613 2727 2690 2796 48
