3238 5158
173 312 439 378 xiv.11.
552 312 670 378 IN
729 312 797 379 S.
845 313 1355 380 JOANNEM.
1448 314 1640 380 LIB.
1687 316 1809 383 IX.
1902 315 2107 382 CAP.
2155 315 2212 382 Ι.
2452 317 2575 380 441

178 475 453 579 Κύριος
489 476 565 557 δὲ
599 478 862 574 usn-693
923 483 983 559 εἶ
1019 478 1166 585 γὰρ
1203 483 1320 561 καὶ
1359 482 1493 561 υἱοὶ
1530 479 1938 582 κεκλήμεθα
1975 485 2192 578 Θεοῦ,
2230 478 2361 580 τὴν
2397 480 2582 559 ἰδίαν

174 598 414 707 φύσιν
469 602 674 683 οὐδὲν
730 603 949 704 ἧττον
1011 606 1624 708 ἐπιγινώσκοντες,
1684 607 1814 693 οὐκ
1884 602 2380 710 αἰσχυνόμεθα
2450 602 2584 701 τὴν

173 721 432 832 δόξαν·
494 727 708 812 αὐτὸς
757 727 833 808 δὲ
885 729 1046 810 εἶπέ
1083 764 1228 828 μοι,
1266 730 1387 810 διὰ
1419 731 1637 812 ποίαν
1671 731 1926 826 αἰτίαν,
1960 729 2157 832 εἴπερ
2205 730 2364 808 ἐστὶ
2413 729 2578 808 καθ’

175 848 388 948 ἡμᾶς,
427 853 545 930 καὶ
580 854 733 932 κατ’
775 852 979 933 οὐδὲν
1013 859 1158 934 τῶν
1192 853 1607 954 κτισμάτων
1643 858 1720 935 ἐν
1754 854 2104 951 ἀμείνοσι,
2140 851 2324 933 κατά
2366 887 2453 956 γε
2493 851 2578 933 τὸ
2605 866 2651 932 d

85 995 146 1059 5
177 968 287 1071 μὴ
349 971 528 1056 εἶναι
592 975 779 1056 κατὰ
847 977 1079 1085 φύσιν
1137 979 1348 1063 Θεός·
1435 987 1651 1059 τοῦτο
1719 977 1865 1084 γὰρ
1925 985 2077 1063 τοῖς
2138 974 2584 1061 ἀπαιδεύτοις

178 1102 399 1179 δοκεῖ·
483 1101 560 1180 τί
611 1098 714 1201 μὴ
781 1104 942 1199 μεθ’
1000 1102 1204 1202 ἡμῶν
1255 1104 1608 1206 ὁμολογεῖ
1662 1102 1797 1204 τὴν
1844 1104 2227 1199 δουλείαν;
2313 1100 2445 1202 τὴν
2508 1098 2584 1180 δὲ

177 1222 608 1325 πρέπουσαν
652 1228 768 1305 καὶ
819 1224 1280 1326 ἀνακειμένην
1323 1230 1561 1313 ὶδικῶς
1614 1232 1707 1334 τῇ
1761 1229 1917 1334 θείᾳ
1972 1226 2196 1333 φύσει
2249 1222 2463 1326 τιμήν
2504 1257 2585 1304 τε

182 1350 304 1427 καὶ
359 1346 583 1456 δόξαν
636 1351 864 1458 ἑαυτῷ
917 1354 1245 1455 περιθεὶς,
1290 1360 1438 1437 τοῖς
1493 1354 1724 1456 ἁγίοις
1776 1356 2130 1452 μαθηταῖς
2183 1348 2582 1452 εὑρίσκεται

186 1472 430 1575 λέγων
465 1483 509 1522 “
536 1477 780 1573 ’Υμεῖς
815 1477 1112 1556 καλεῖτέ
1138 1511 1228 1574 με
1265 1476 1363 1556 Ὁ
1404 1475 1643 1580 κύριος
1693 1478 1813 1556 καὶ
1864 1477 1904 1556 ὃ
1953 1474 2422 1571 διδάσκαλος,
2463 1475 2581 1552 καὶ
2671 1479 2872 1609 {gfff-3·

45 1626 160 1668 10
191 1607 237 1645 “
274 1605 515 1683 καλῶς
561 1599 827 1702 λέγετε·
887 1602 1027 1699 εἰμὶ
1077 1596 1292 1703 γάρ.”
1369 1604 1486 1679 καὶ
1536 1607 1765 1681 ταῦτα
1813 1597 1945 1699 μὲν
1982 1601 2023 1678 ὃ
2060 1596 2342 1701 Σωτήρ·
2404 1602 2471 1677 οἱ
2505 1593 2585 1676 δὲ

189 1723 413 1802 καλοί
459 1756 537 1804 τε
589 1727 706 1803 καὶ
758 1727 1017 1827 ἀγαθοὶ
1070 1730 1218 1804 τῶν
1267 1725 1420 1805 κατ’
1467 1725 1688 1804 αὐτοῦ
1743 1719 2126 1825 δογμάτων
2173 1722 2581 1821 εἰσηγηταὶ,

184 1848 559 1927 ἐπαινοῦσι
604 1846 738 1947 μὲν
774 1849 1084 1952 λέγοντα
1120 1851 1237 1928 καὶ
1273 1839 1812 1947 διατεινόμενον,
1850 1851 1946 1931 ὡς
1994 1846 2098 1946 ε’ίη
2146 1850 2584 1945 παναληθῶς
2609 1883 2646 1928 e

184 1972 626 2072 καλούμενος
694 1971 981 2077 Κύριος,
1038 1977 1165 2073 τῆς
1241 1971 1319 2053 δὲ
1382 1971 1566 2053 κατὰ
1630 1971 1862 2079 φύσιν
1925 1970 2335 2075 κυριότητος
2397 1968 2578 2076 ἔξω·

183 2101 473 2180 θοῦντες
530 2095 749 2178 αὐτὸν
802 2096 922 2177 διὰ
973 2105 1104 2176 τοῦ
1160 2094 1262 2196 μὴ
1315 2098 1724 2192 βούλεσθαι
1779 2092 1972 2176 Θεὸν
2024 2097 2104 2175 ἐκ
2159 2100 2350 2175 Θεοῦ
2401 2091 2588 2173 κατὰ

50 2246 84 2287 1
103 2239 152 2302 5
187 2218 421 2326 φύσιν
486 2221 891 2323 ὁμολογεῖν,
957 2223 1076 2301 καὶ
1138 2224 1268 2320 τῆς
1337 2222 1608 2302 ἑαυτῶν
1670 2219 2055 2324 βδελυρίας
2131 2218 2224 2299 τὰ
2295 2218 2588 2301 πάντων

184 2344 544 2450 αἴσχιστα
599 2350 1020 2447 κατηγορεῖν
1075 2346 1159 2424 οὐ
1213 2345 1704 2427 πιστεύουσιν.

286 2467 469 2549 Ὅτι
504 2466 649 2571 γᾶρ
685 2469 812 2548 οὐκ
847 2471 924 2548 ε’ν
957 2476 1107 2554 τοῖς
1138 2468 1272 2569 τὴν
1307 2467 1649 2569 δουλικὴν
1687 2467 1939 2573 ἔχουσι
1975 2466 2205 2575 τάξιν,
2243 2466 2403 2548 οὐδὲ
2439 2474 2585 2552 τοῖς

180 2600 332 2673 τῶν
367 2592 775 2697 γεγονότων
811 2591 1244 2698 καταλόγοις
1279 2595 1682 2697 ἐναρίθμιος
1716 2590 1895 2673 εἶναι
1929 2594 2292 2690 βούλεται,
2330 2592 2590 2688 βλέπει

187 2716 268 2798 δὲ
305 2724 597 2817 μᾶλλον
630 2723 728 2804 εἰς
762 2716 897 2818 τὴν
931 2720 1239 2800 ἐνοῦσαν
1275 2719 1468 2825 αὐτῷ
1511 2715 1697 2798 κατὰ
1732 2716 1963 2825 φύσιν
1996 2715 2429 2819 ἐλευθερίαν,
2471 2719 2590 2795 καὶ

57 2878 155 2919 20
187 2838 311 2921 ὅτε
348 2842 642 2943 γέγονεν
678 2845 754 2922 ἐν
788 2847 883 2948 τῇ
930 2850 1063 2923 τοῦ
1108 2843 1373 2922 δούλου
1408 2848 1682 2951 μορφῇ,
1719 2844 1838 2922 καὶ
1886 2840 2003 2922 διὰ
2049 2841 2308 2921 τούτου
2352 2832 2578 2940 συνῆ-
2608 2871 2647 2913 a
2702 2856 2928 2917 791A.

183 2999 368 3049 σεις.
449 2967 745 3073 ἀφίκετο
806 2965 940 3068 μὲν
996 2965 1141 3071 γὰρ
1205 2970 1281 3047 ἐν
1338 2964 1864 3074 Καφαρναοὺμ,
1922 2964 2246 3067 καθάπερ
2307 2967 2385 3044 ἐν
2439 2970 2589 3048 τοῖς

181 3091 632 3194 εὐαγγελίοις
693 3093 1120 3194 ἀνέγνωμεν·
1206 3096 1274 3171 οἱ
1334 3088 1411 3171 δὲ
1476 3099 1604 3171 τοῦ
1665 3088 1849 3170 κατὰ
1915 3090 2136 3190 νόμον
2194 3086 2591 3194 διδροὶχμου

179 3214 608 3320 πράκτορες,
684 3213 939 3324 Πέτρῳ
1010 3213 1437 3320 προσιόντες
1509 3215 1838 3320 ἔφασκον
1901 3224 1945 3263 “
1977 3217 2076 3295 Ὁ
2147 3213 2589 3298 διδάσκαλος
2675 3220 2928 3338 ᾗξξζῆὴ·

183 3350 234 3387 “
270 3342 472 3440 ὑμῶν
508 3341 594 3421 οὐ
642 3347 842 3421 τελεῖ
883 3337 969 3421 τὸ
1014 3341 1410 3444 δίδραχμον
1435 3340 1497 3434 ;”
1553 3341 1673 3419 καὶ
1722 3336 1964 3438 ἐπειδὴ
2012 3346 2223 3419 τοῦτο
2260 3335 2589 3441 Χριστὸς
2785 3323 2797 3337 ’
2845 3303 2894 3353 4·

70 3483 152 3544 25
183 3462 582 3563 διεπύθετο,
651 3464 731 3544 τί
798 3460 982 3567 πρὸς
1047 3463 1178 3544 τὸν
1238 3465 1522 3567 Πέτρον
1593 3460 2041 3567 ἀπεκρίνατο,
2119 3463 2388 3543 δίκαιον
2463 3463 2590 3542 οὖν

183 3592 365 3667 ἰδεῖν
408 3597 453 3634 “
482 3592 583 3668 Οἱ
634 3594 970 3683 βασιλεῖς
1031 3592 1160 3688 τῆς
1225 3592 1362 3690 γῆς
1422 3586 1567 3669 ἀπὸ
1622 3588 1838 3667 τίνων
1895 3583 2362 3685 λαμβάνουσι
2418 3590 2589 3686 κῆν-
2680 3617 2762 3673 lb.
2779 3630 2859 3683 25.

184 3721 235 3761 “
273 3746 415 3793 σον
449 3710 496 3813 ἢ
548 3711 725 3814 τέλη
756 3745 778 3810 3
842 3710 986 3793 ἀπὸ
1025 3720 1172 3794 τῶν
1208 3717 1405 3811 υἱῶν,
1447 3711 1493 3813 ἢ
1530 3710 1677 3793 ἀπὸ
1714 3719 1860 3793 τῶν
1894 3714 2306 3815 ἀλλοτρίων
2334 3711 2402 3811 ;”
2465 3721 2593 3793 τοῦ

183 3833 270 3918 δὲ
308 3834 589 3941 Πέτρου
624 3842 885 3945 σοφῶς
921 3871 997 3918 τε
1035 3839 1150 3917 καὶ
1189 3844 1537 3943 νουνεχῶς
1570 3834 1702 3918 τὸν
1738 3840 1866 3935 τῆς
1916 3839 2300 3934 βασιλείας
2349 3838 2583 3917 ἀλλό-

182 3996 410 4066 τριον,
467 3962 650 4044 ὅσον
705 3967 802 4045 εἰς
856 3960 1062 4064 γένος
1116 3966 1232 4041 καὶ
1286 3959 1421 4061 τὴν
1474 3960 1640 4043 καθ’
1693 3961 1880 4063 ἡμᾶς
1937 3961 2320 4061 νοουμένην
2374 3966 2588 4066 ἀγχι-

78 4122 159 4178 3ο
185 4089 465 4185 στείαν,
488 4089 909 4169 ὑποκεῖσθαι
946 4090 1093 4167 δεῖν
1127 4093 1272 4171 τοῖς
1310 4092 1603 4186 θεσμοῖς
1639 4084 1685 4186 ἢ
1724 4094 1874 4171 τοῖς
1907 4082 2203 4166 τέλεσιν
2229 4084 2591 4186 ὁμολογή-

184 4245 484 4309 σαντος,
543 4210 751 4296 εὐθὺς
823 4208 1185 4315 ἐπήγαγεν
1248 4213 1288 4291 ὁ
1351 4209 1678 4314 Χριστὸς
1743 4211 1969 4317 ἑαυτῷ
2030 4209 2163 4309 τὴν
2233 4213 2589 4312 θεοπρεπῆ
2612 4235 2657 4301 b

184 4336 588 4443 μαρτυρίαν
624 4339 723 4421 ὡς
772 4338 1065 4436 ἀληθῶς
1115 4337 1419 4417 ἐνοῦσαν
1453 4333 1887 4439 προσνέμων
1923 4343 1968 4381 “
1992 4332 2195 4438 Ἀρα
2243 4369 2326 4438 γε
2379 4334 2582 4414 ε’λεύ-
2680 4357 2869 4410 1b.26.

407 4570 493 4625 25.
530 4555 832 4628 ἀπεκρίνετο
857 4557 924 4614 Ε.
1734 4557 1821 4612 28.
1860 4555 2069 4628 σοφῶς]
2099 4557 2286 4627 σαφῶς
2311 4555 2377 4610 Ε.

273 4658 420 4706 vo1..
453 4659 532 4705 11.
1361 4661 1398 4725 3
1431 4660 1470 4704 1.
