3238 5158
605 346 737 408 224-
1214 345 1291 409 Β.
1341 345 1765 411 CYRILLI
1826 343 2402 409 ALEXANDR.
2680 365 2741 405 x.
2775 358 3003 424 11-13.

609 511 980 592 ἀτιθάσων
1022 514 1290 614 θηρίων
1332 512 1668 619 ξυνωρίδι
1716 508 2141 615 μαχόμενος,
2178 508 2498 613 σταυρὸν
2542 507 2859 606 ὑπέμεινε
2917 507 3006 587 δι’

611 636 798 734 ἡμᾶς
856 636 972 716 ἵνα
1033 637 1320 745 θανάτῳ
1381 635 1709 741 νεκρῶσῃ
1768 633 1897 714 τὸν
1953 633 2289 731 θάνατον,
2344 635 2721 736 κατεκρίθη
2783 667 2859 711 τε
2918 632 3004 709 δι’

613 760 799 859 ἡμᾶς
846 759 962 839 ’ἵνα
1011 764 1139 860 τῆς
1189 762 1302 841 ἐπὶ
1354 766 1458 867 τῷ
1504 765 1961 859 πλημμελεῖν
1998 761 2484 861 κατακρίσεως
2528 757 2803 839 πάντας
2845 755 2998 863 ἐξέ·

279 897 416 954 648
434 896 518 952 A·
555 910 592 950 a
617 893 853 982 ληται,
923 884 1388 987 καταργήσας·
1464 883 1580 964 διὰ
1653 888 1782 983 τῆς
1855 886 2172 967 πίστεως
2245 880 2379 982 τὴν
2448 879 3009 985 τυραννήσασαν

278 1022 524 1086 (lolii-¹4
616 1007 992 1108 ἁμαρτίαν,
1031 1011 1148 1087 καὶ
1189 1020 1232 1056 “
1257 1008 1762 1111 προσηλώσας
1806 1006 1892 1086 τὸ
1939 1008 2110 1087 καθ’
2150 1008 2352 1108 ἡμῶν
2387 1004 2872 1111 χειρόγραφον
2905 1008 3009 1110 τῷ
3036 1016 3077 1077 5

617 1140 661 1176 “
699 1131 851 1240 ἰδίῳ
888 1131 1243 1239 maumas
1267 1129 1453 1213 καθὰ
1491 1132 1914 1234 γέγραπται.
1971 1131 2225 1211 οὐκοῦν
2260 1133 2301 1211 ὁ
2334 1129 2467 1230 μὲν
2498 1134 2626 1230 τῆς
2663 1129 3009 1231 ἁμαρτίας

278 1254 526 1382 ξ’ἕζὼῇῑ·
614 1255 857 1359 πατὴρ
902 1258 1000 1340 ὡς
1036 1266 1079 1302 “
1106 1256 1444 1359 πρόβατα
1492 1258 1569 1334 ἐν
1602 1253 1790 1361 ᾄδῃ”
1831 1254 2031 1336 ἔθετο
2078 1253 2364 1363 θανάτῳ
2413 1260 2783 1352 ποιμανεῖν
2825 1253 3010 1352 ἡμᾶς

612 1381 1024 1487 ἐπιτρέψας,
1071 1379 1255 1461 κατὰ
1308 1378 1394 1460 τὸ
1448 1381 1524 1460 ἐν
1580 1384 1911 1486 ψαλμοῖς
1966 1378 2348 1483 εἰρημένον.
2427 1379 2733 1459 ἀπέθανε
2788 1376 2864 1457 δὲ
2918 1377 3005 1455 δι’

614 1505 797 1605 ἡμᾶς
836 1507 877 1585 ὁ
911 1501 1183 1607 ἀγαθὸς
1217 1503 1439 1588 ὄντως
1473 1502 1765 1602 ποιμὴν,
1803 1504 1919 1582 ἵνα
1954 1508 2081 1603 τῆς
2117 1506 2484 1609 ἀφεγγοῦς
2523 1509 2652 1582 τοῦ
2699 1499 3012 1581 θανᾶτου

613 1635 806 1734 χειᾶς
860 1629 1131 1736 ἐξελὼν
1186 1636 1333 1713 τοῖς
1392 1627 1742 1731 οὐρανίοις
1796 1625 2426 1731 συναγελάζεσθαι
2481 1623 3010 1730 παρασκευάσῃ
3045 1652 3124 1693 10

616 1761 876 1857 χοροῖς,
898 1756 1015 1833 καὶ
1042 1753 1199 1833 ἀντὶ
1227 1759 1481 1853 σηκῶν
1502 1758 1651 1831 τῶν
1677 1757 1774 1835 εἷς
1810 1749 2170 1851 πυθμένας
2207 1752 2550 1848 ἀβύσσου
2587 1754 2701 1831 καὶ
2740 1747 3010 1855 μυχοὺς

549 1885 591 1949 b
618 1877 1010 1976 θαλάσσης
1077 1877 1431 1974 κειμένων,
1487 1874 1619 1958 τὰς
1682 1874 1832 1955 ἄνω
1897 1878 2012 1955 καὶ
2070 1875 2270 1977 παρὰ
2329 1877 2565 1979 Πατρὶ
2623 1876 3012 1979 χαρίσηται

615 1998 860 2100 μονάς·
928 1999 1044 2079 διὰ
1078 2008 1291 2081 τοῦτο
1327 2003 1443 2079 καὶ
1480 1997 1664 2102 πρὸς
1713 2001 1896 2099 ἡμᾶς
1947 2035 2089 2081 που
2139 2003 2337 2107 φησί
2367 2011 2410 2048 “
2442 2000 2573 2099 Μὴ
2612 2007 2880 2106 φοβοῦ,
2923 1997 3012 2078 τὸ

617 2135 663 2171 “
694 2123 951 2227 μικρὸν
996 2125 1346 2222 ποίμνιον,
1384 2121 1740 2223 ηὐδόκησε
1767 2122 1935 2227 ’γὰρ
1989 2125 2030 2203 ὁ
2068 2124 2329 2225 Πατὴρ
2377 2128 2620 2205 δοῦναι
2671 2126 2834 2222 ὑμῖν
2876 2121 3013 2223 τὴν

615 2259 660 2296 “
694 2249 1169 2345 βασιλείαν.”’
1215 2250 1386 2328 ἀλλ’
1427 2249 1503 2328 ἐν
1539 2247 1816 2332 τούτοις
1866 2247 1998 2346 μὲν
2041 2246 2133 2328 τὰ
2182 2248 2299 2329 διὰ
2334 2252 2691 2352 Χριστοῦ·
2752 2247 3012 2344 ἴδωμεν
3047 2275 3122 2336 15

615 2371 691 2453 δὲ
755 2371 848 2451 τὰ
911 2373 1191 2452 ἐκείνων
1257 2376 1332 2453 ἐν
1395 2373 1611 2453 τίσιν.
1716 2372 1971 2451 οὐκοῦν
2038 2372 2276 2473 ἕτερον
2339 2372 2469 2471 μὲν
2532 2369 2733 2452 οὐδὲν
2788 2369 3012 2454 ὄντως

614 2495 1029 2576 ἁλώσονται
1075 2503 1179 2606 τῷ
1214 2531 1295 2600 γε
1349 2495 1674 2598 ὄμμασιν
1710 2496 1952 2601 ὀρθοῖς
2003 2494 2094 2581 τὰ
2142 2498 2250 2577 ἐπ’
2292 2498 2528 2581 αὐτοῖς
2578 2499 3004 2598 διευκρινου·

613 2621 804 2730 μένῳ
839 2620 885 2722 ἢ
920 2625 1276 2722 μισθωτοὶ
1316 2624 1432 2701 καὶ
1469 2621 2025 2728 ψευδοποιμένες
2063 2624 2178 2701 καὶ
2229 2624 2447 2702 δειλοὶ
2505 2622 2620 2700 καὶ
2667 2617 3011 2723 προδόται

616 2748 732 2826 καὶ
789 2747 1095 2847 ὀκνηροὶ,
1132 2745 1359 2848 λόγον
1400 2743 1532 2845 μὲν
1576 2743 1829 2824 οὐδένα
1877 2749 2004 2845 τῆς
2052 2752 2199 2824 τῶν
2233 2743 2625 2847 προβάτων
2660 2745 3012 2850 ὠφελείας

615 2870 1069 2971 πεποιημένοι
1131 2869 1444 2966 πώποτε,
1509 2866 1593 2949 τὸ
1659 2867 1735 2948 δὲ
1799 2867 1933 2970 ἡδύ
1993 2904 2148 2954 πως
2212 2871 2329 2950 καὶ
2401 2866 2684 2977 ἑκάστῳ
2756 2872 3011 2948 δοκοῦν
3040 2902 3129 2944 20

556 3025 595 3069 o
618 2993 1070 3099 πανταχόθεν
1127 2991 1511 3096 ἐκπορίζειν
1566 2990 2117 3097 σπουδάζοντες.
2215 2991 2532 3098 μισθωτοὶ
2585 2991 2730 3093 γὰρ
2782 2990 3005 3092 ἦσαν,

620 3118 802 3198 κατὰ
873 3118 1006 3218 τὴν
1078 3126 1207 3197 τοῦ
1284 3121 1616 3218 Σωτῆρος
1695 3113 1965 3221 φωνὴν,
2042 3119 2171 3197 οὐκ
2239 3115 2327 3217 ἦν
2396 3118 2630 3197 αὐτῶν
2702 3114 2845 3197 ἴδιαι
2919 3114 3014 3196 re).

619 3245 963 3351 πρόβατα,
1019 3249 1310 3341 μᾶλλον
1365 3239 1440 3321 δὲ
1498 3248 1628 3320 τοῦ
1687 3244 2020 3344 Χριστοῦ
2084 3248 2213 3321 τοῦ
2267 3241 2777 3339 μισθώσαντος
2830 3237 3013 3318 κατὰ

617 3364 751 3465 τὴν
803 3363 1055 3470 ἀρχὴν,
1112 3368 1229 3446 καὶ
1294 3366 1408 3445 ἐπὶ
1465 3372 1703 3463 τιμαῖς
1761 3371 1917 3448 ταῖς
1979 3363 2321 3445 ἀνωτάτω
2379 3364 3014 3470 χειροτονήσαντος

616 3490 1010 3574 ἐπιστάτας
1063 3496 1210 3573 τοῖς
1243 3491 1608 3569 Ἰουδαίων
1653 3494 1858 3571 λαοῖς
1918 3484 2083 3571 τοῦς
2137 3485 2568 3591 ἱερουργούς·
2632 3485 2831 3567 ἀλλὰ
2880 3485 3013 3587 τὴν
3042 3512 3125 3573 25

616 3614 800 3693 οὕτω
849 3611 1194 3717 λαμπρὰν
1229 3616 1348 3692 καὶ
1387 3675 1650 3695 .....
1691 3616 1818 3712 τῆς
1868 3618 2013 3691 τῶν
2047 3612 2478 3713 θρεμμάτων
2522 3614 2749 3710 αὐλῆς
2795 3614 3004 3718 ἀφει-

616 3735 964 3838 δήσαντες
1019 3742 1415 3833 παντελῶς,
1460 3738 1885 3840 προῦδωκαν
1935 3738 2039 3843 τῷ
2096 3734 2292 3844 λύκῳ
2350 3734 2443 3816 τὰ
2495 3734 2855 3840 πρόβατα,
2899 3738 3012 3814 καὶ

276 1995 471 2075 Salano.

278 2078 365 2111 ιιι.
379 2076 458 2124 3²·

686 4042 736 4081 2.
773 4048 830 4080 τε
855 4044 884 4081 e
911 4024 1029 4081 Cat.
1059 4024 1212 4079 Harl.
1238 4025 1531 4095 assumpsit
1554 4025 1700 4080 Aub.
1729 4034 1782 4080 et
1807 4026 1879 4080 ita
1903 4044 1950 4080 a.
2279 4043 2332 4097 9.
2369 4028 2399 4078 ὀ
2422 4024 2617 4095 ἀγαθὸς
2641 4024 2801 4081 ὅντως
2823 4047 2950 4093 ποιμ.
2985 4049 3014 4081 ν

614 4096 775 4151 edidi.
797 4095 957 4153 ὅντως
979 4099 1009 4151 ὁ
1031 4095 1224 4167 ἀγαθὸς
1246 4094 1408 4152 ὅντως
1427 4117 1519 4150 ποι
1558 4096 1621 4165 ὴν
1646 4095 1712 4150 Β.
1744 4095 1923 4152 Holst.
1950 4095 2108 4154 ὅντως
2133 4095 2179 4151 δ’
2204 4096 2401 4168 ἀγαθὸς
2423 4094 2583 4152 ὅντως
2606 4098 2636 4149 ὁ
2660 4096 2850 4165 ποιμὴν
2870 4096 2954 4150 Au
2997 4136 3013 4151 .

613 4171 643 4221 ό
667 4168 699 4222 ἂ
769 4169 859 4224 θὸς
881 4189 971 4222 ποι
1011 4167 1072 4236 ἦν
1094 4167 1409 4221 abbrevians
1437 4166 1508 4220 Ni
1553 4206 1567 4221 .
1743 4183 1826 4222 ιο.
1865 4170 2009 4239 xeniis·
2033 4186 2080 4222 a.
2106 4168 2257 4222 etita
2279 4167 2418 4220 inter
2441 4165 2644 4221 scholia
2670 4164 2729 4220 S.
2745 4166 2929 4237 Cyriui
2955 4166 3010 4220 in

617 4239 697 4293 Co
740 4280 751 4292 .
782 4237 939 4292 Bodl.
1030 4239 1124 4291 isc.
1157 4254 1177 4291 1
1222 4255 1274 4308 9.
1311 4254 1416 4291 sec.
1444 4237 1571 4291 xvii.
1596 4238 1919 4308 transcripto
1943 4257 1973 4293 a
2001 4238 2268 4292 Frontone
2295 4237 2516 4292 Duoaeo
2543 4246 2604 4291 ιιι
2633 4236 2843 4291 videtur
2892 4235 3014 4291 vide

615 4311 934 4380 catalogum
970 4307 1146 4364 codd.
1227 4325 1362 4362 mec.
1393 4307 1486 4361 fol.
1516 4320 1638 4379 724.
1665 4306 1749 4362 ed.
1781 4307 1992 4379 Coxe.).
2069 4308 2283 4362 Scholia
2315 4306 2622 4378 supradicta
2654 4325 2683 4362 e
2714 4306 2849 4362 Cod.
2999 4348 3014 4362 .

617 4379 764 4434 Paris
789 4389 852 4434 ut
877 4381 1071 4451 opinor
1096 4395 1218 4442 212,
1247 4377 1365 4432 vide
1389 4377 1526 4432 infra
1550 4377 1644 4433 lib.
1662 4378 1752 4434 vii.
1768 4379 2087 4449 fragmenta,
2103 4380 2257 4433 initio
2281 4377 2349 4432 ad
2374 4377 2599 4449 paginae
2623 4379 2839 4432 calcem.
2867 4379 3016 4434 σκιᾶς

613 4451 716 4507 Ed.
1009 4468 1029 4505 1
1045 4467 1090 4505 1.
1115 4448 1388 4512 ἀβύσσους
1415 4448 1480 4503 Β.
1506 4448 1601 4504 Ηι.
1629 4449 1931 4505 emendavit
1957 4451 2099 4505 Aub.
2204 4447 2426 4521 μυχοὺς]
2453 4448 2687 4519 μοχλοὺς
2712 4448 2832 4502 Cat.
2855 4448 3011 4503 Harl.

615 4540 700 4577 21.
737 4522 1114 4577 ἐσπουδακότες
1136 4538 1185 4574 a.
1425 4536 1469 4587 2,
1497 4560 1511 4574 .
1547 4519 1691 4574 ἀλλὰ
1714 4520 1808 4589 τὴν
1830 4520 1964 4576 οὕτω
1987 4520 2234 4592 λαμπρὰν
2256 4521 2339 4574 καὶ
2367 4519 2432 4574 Β.
2456 4521 2507 4573 οἱ
2531 4519 2589 4574 δὲ
2614 4537 2643 4574 e
2669 4518 2789 4573 Cat.
2814 4528 2876 4574 ut
2900 4517 3010 4574 vid.

612 4594 758 4649 Aah.
784 4595 831 4648 οἱ
858 4611 905 4648 a.
982 4592 1261 4647 Excidisse
1286 4591 1448 4661 aliqui
1514 4590 1743 4644 videtur.
