<?xml version="1.0" encoding="UTF-8"?>
<!DOCTYPE html PUBLIC "-//W3C//DTD XHTML 1.0 Transitional//EN"
    "http://www.w3.org/TR/xhtml1/DTD/xhtml1-transitional.dtd">
<html xmlns="http://www.w3.org/1999/xhtml" xml:lang="en" lang="en">
 <head>
  <title>
</title>
<meta http-equiv="Content-Type" content="text/html;charset=utf-8" />
  <meta name='ocr-system' content='tesseract 3.04.00' />
  <meta name='ocr-capabilities' content='ocr_page ocr_carea ocr_par ocr_line ocrx_word'/>
</head>
<body>
  <div class='ocr_page' id='page_1' title='image "./sanctipatrisnos03pusegoog_0033.png"; bbox 0 0 3238 5158; ppageno 0'>
   <div class='ocr_carea' id='block_1_1' title="bbox 209 334 2622 426">
    <p class='ocr_par' dir='ltr' id='par_1_1' title="bbox 209 334 2622 426">
     <span class='ocr_line' id='line_1_1' title="bbox 209 334 2622 426; baseline -0.002 -22"><span class='ocrx_word' id='word_1_1' title='bbox 209 338 336 406; x_wconf 82' lang='lat' dir='ltr'><strong>viii.</strong></span> <span class='ocrx_word' id='word_1_2' title='bbox 362 346 463 426; x_wconf 79' lang='lat'>25.</span> <span class='ocrx_word' id='word_1_3' title='bbox 571 340 690 406; x_wconf 91' lang='lat' dir='ltr'>IN</span> <span class='ocrx_word' id='word_1_4' title='bbox 751 340 1376 407; x_wconf 81' lang='lat' dir='ltr'><strong>S..JOANNEM.</strong></span> <span class='ocrx_word' id='word_1_5' title='bbox 1468 341 1661 407; x_wconf 89' lang='lat' dir='ltr'><strong>LIB.</strong></span> <span class='ocrx_word' id='word_1_6' title='bbox 1693 340 1778 405; x_wconf 88' lang='lat' dir='ltr'>V.</span> <span class='ocrx_word' id='word_1_7' title='bbox 1869 334 2073 406; x_wconf 69' lang='lat' dir='ltr'>CAR</span> <span class='ocrx_word' id='word_1_8' title='bbox 2121 340 2240 405; x_wconf 89' lang='lat' dir='ltr'>IV.</span> <span class='ocrx_word' id='word_1_9' title='bbox 2523 340 2622 402; x_wconf 81' lang='lat'>21.</span> 
     </span>
    </p>
   </div>
   <div class='ocr_carea' id='block_1_2' title="bbox 108 502 2955 3588">
    <p class='ocr_par' dir='ltr' id='par_1_2' title="bbox 210 502 2617 983">
     <span class='ocr_line' id='line_1_2' title="bbox 210 502 2608 611; baseline -0.001 -27"><span class='ocrx_word' id='word_1_10' title='bbox 210 514 253 557; x_wconf 78' lang='lat'>‘⁴</span> <span class='ocrx_word' id='word_1_11' title='bbox 286 502 441 611; x_wconf 82' lang='grc' dir='ltr'>ἥξει</span> <span class='ocrx_word' id='word_1_12' title='bbox 493 509 591 590; x_wconf 79' lang='grc' dir='ltr'>εἰς</span> <span class='ocrx_word' id='word_1_13' title='bbox 644 504 772 585; x_wconf 80' lang='grc' dir='ltr'>τὸν</span> <span class='ocrx_word' id='word_1_14' title='bbox 827 504 1002 585; x_wconf 84' lang='grc' dir='ltr'>ναὸν</span> <span class='ocrx_word' id='word_1_15' title='bbox 1055 506 1274 586; x_wconf 84' lang='grc' dir='ltr'>αὑτοῦ</span> <span class='ocrx_word' id='word_1_16' title='bbox 1334 505 1598 610; x_wconf 90' lang='grc' dir='ltr'>Κύριος</span> <span class='ocrx_word' id='word_1_17' title='bbox 1659 541 1743 586; x_wconf 92' lang='grc' dir='ltr'>ον</span> <span class='ocrx_word' id='word_1_18' title='bbox 1799 507 1996 606; x_wconf 97' lang='grc' dir='ltr'>ὑμεῖς</span> <span class='ocrx_word' id='word_1_19' title='bbox 2051 505 2335 609; x_wconf 78' lang='grc' dir='ltr'>ζητεῖτε,</span> <span class='ocrx_word' id='word_1_20' title='bbox 2391 504 2509 583; x_wconf 74' lang='grc' dir='ltr'>καὶ</span> <span class='ocrx_word' id='word_1_21' title='bbox 2568 503 2608 581; x_wconf 84' lang='grc' dir='ltr'><em>ὃ</em></span> 
     </span>
     <span class='ocr_line' id='line_1_3' title="bbox 208 626 2615 778; baseline -0.003 -68.796"><span class='ocrx_word' id='word_1_22' title='bbox 208 629 599 730; x_wconf 80' lang='grc' dir='ltr'>“ἀ’γγελος</span> <span class='ocrx_word' id='word_1_23' title='bbox 632 633 761 729; x_wconf 75' lang='grc' dir='ltr'>τῆς</span> <span class='ocrx_word' id='word_1_24' title='bbox 799 626 1208 730; x_wconf 85' lang='grc' dir='ltr'>διαθήκης</span> <span class='ocrx_word' id='word_1_25' title='bbox 1176 665 1260 710; x_wconf 92' lang='grc' dir='ltr'>ον</span> <span class='ocrx_word' id='word_1_26' title='bbox 1299 631 1494 729; x_wconf 88' lang='grc' dir='ltr'>ὑμεῖς</span> <span class='ocrx_word' id='word_1_27' title='bbox 1538 627 1809 711; x_wconf 77' lang='grc' dir='ltr'>θέλετε·</span> <span class='ocrx_word' id='word_1_28' title='bbox 1871 627 2022 710; x_wconf 79' lang='grc' dir='ltr'>ἔδοὺ</span> <span class='ocrx_word' id='word_1_29' title='bbox 2071 629 2373 778; x_wconf 80' lang='grc' dir='ltr'>ἔρχεται,</span> <span class='ocrx_word' id='word_1_30' title='bbox 2410 627 2615 726; x_wconf 82' lang='grc' dir='ltr'>λέγει</span> 
     </span>
     <span class='ocr_line' id='line_1_4' title="bbox 207 747 2617 857; baseline 0.001 -26.071"><span class='ocrx_word' id='word_1_31' title='bbox 207 751 577 856; x_wconf 84' lang='grc' dir='ltr'>“Κύριος,</span> <span class='ocrx_word' id='word_1_32' title='bbox 641 756 759 833; x_wconf 83' lang='grc' dir='ltr'>καὶ</span> <span class='ocrx_word' id='word_1_33' title='bbox 812 754 919 838; x_wconf 92' lang='grc' dir='ltr'>τίς</span> <span class='ocrx_word' id='word_1_34' title='bbox 976 754 1316 854; x_wconf 88' lang='grc' dir='ltr'>ὑπομενεῖ</span> <span class='ocrx_word' id='word_1_35' title='bbox 1367 754 1639 857; x_wconf 78' lang='grc' dir='ltr'>ἡμέραν</span> <span class='ocrx_word' id='word_1_36' title='bbox 1695 753 1982 834; x_wconf 76' lang='grc' dir='ltr'>εἰσόδου</span> <span class='ocrx_word' id='word_1_37' title='bbox 2039 755 2304 832; x_wconf 88' lang='grc' dir='ltr'>αὑτοῦ·</span> <span class='ocrx_word' id='word_1_38' title='bbox 2284 813 2305 848; x_wconf 93' lang='grc'>,</span> <span class='ocrx_word' id='word_1_39' title='bbox 2391 747 2439 850; x_wconf 86' lang='grc' dir='ltr'>ἢ</span> <span class='ocrx_word' id='word_1_40' title='bbox 2505 750 2617 833; x_wconf 80' lang='grc' dir='ltr'>τίς</span> 
     </span>
     <span class='ocr_line' id='line_1_5' title="bbox 207 873 2605 985; baseline 0 -30"><span class='ocrx_word' id='word_1_41' title='bbox 207 873 780 977; x_wconf 85' lang='grc' dir='ltr'>“ὑποστήσεται</span> <span class='ocrx_word' id='word_1_42' title='bbox 825 880 901 956; x_wconf 87' lang='grc' dir='ltr'>ἐν</span> <span class='ocrx_word' id='word_1_43' title='bbox 944 882 1035 983; x_wconf 81' lang='grc' dir='ltr'>τῇ</span> <span class='ocrx_word' id='word_1_44' title='bbox 1083 879 1404 985; x_wconf 80' lang='grc' dir='ltr'>ὀπτασία</span> <span class='ocrx_word' id='word_1_45' title='bbox 1455 880 1721 960; x_wconf 82' lang='grc' dir='ltr'>αὑτοῦ·</span> <span class='ocrx_word' id='word_1_46' title='bbox 1699 939 1723 976; x_wconf 96' lang='grc'>,</span> <span class='ocrx_word' id='word_1_47' title='bbox 1791 877 1902 958; x_wconf 79' lang='grc' dir='ltr'>ὅτι</span> <span class='ocrx_word' id='word_1_48' title='bbox 1953 874 2167 961; x_wconf 79' lang='grc' dir='ltr'>αὐτος</span> <span class='ocrx_word' id='word_1_49' title='bbox 2221 875 2605 977; x_wconf 84' lang='grc' dir='ltr'>εἶσπορεύ·</span> 
     </span>
    </p>

    <p class='ocr_par' dir='ltr' id='par_1_3' title="bbox 146 997 2609 1110">
     <span class='ocr_line' id='line_1_6' title="bbox 146 997 2609 1110; baseline 0.002 -36"><span class='ocrx_word' id='word_1_50' title='bbox 146 1011 181 1074; x_wconf 77' lang='grc'><strong>6</strong></span> <span class='ocrx_word' id='word_1_51' title='bbox 207 1008 250 1047; x_wconf 87' lang='grc'><strong>“</strong></span> <span class='ocrx_word' id='word_1_52' title='bbox 284 1033 494 1080; x_wconf 84' lang='grc' dir='ltr'>σεται</span> <span class='ocrx_word' id='word_1_53' title='bbox 550 1004 648 1086; x_wconf 85' lang='grc' dir='ltr'>ὡς</span> <span class='ocrx_word' id='word_1_54' title='bbox 700 1009 848 1104; x_wconf 87' lang='grc' dir='ltr'>πῦρ</span> <span class='ocrx_word' id='word_1_55' title='bbox 901 1003 978 1081; x_wconf 88' lang='grc' dir='ltr'>ε’ν</span> <span class='ocrx_word' id='word_1_56' title='bbox 1033 1003 1483 1110; x_wconf 70' lang='grc' dir='ltr'>χωνευτηρίῳ</span> <span class='ocrx_word' id='word_1_57' title='bbox 1547 1005 1667 1084; x_wconf 83' lang='grc' dir='ltr'>καὶ</span> <span class='ocrx_word' id='word_1_58' title='bbox 1732 1005 1830 1087; x_wconf 84' lang='grc' dir='ltr'>ὡς</span> <span class='ocrx_word' id='word_1_59' title='bbox 1888 1002 2062 1083; x_wconf 90' lang='grc' dir='ltr'>ποία</span> <span class='ocrx_word' id='word_1_60' title='bbox 2118 997 2609 1082; x_wconf 48' lang='grc' dir='ltr'>πλυνόντωνῗ</span> 
     </span>
    </p>

    <p class='ocr_par' dir='ltr' id='par_1_4' title="bbox 205 1122 2619 1231">
     <span class='ocr_line' id='line_1_7' title="bbox 205 1122 2619 1231; baseline -0 -26"><span class='ocrx_word' id='word_1_61' title='bbox 205 1125 344 1228; x_wconf 79' lang='grc' dir='ltr'>ἔγω</span> <span class='ocrx_word' id='word_1_62' title='bbox 399 1125 632 1231; x_wconf 88' lang='grc' dir='ltr'>φησίν</span> <span class='ocrx_word' id='word_1_63' title='bbox 687 1133 824 1230; x_wconf 80' lang='grc' dir='ltr'>εἰμι</span> <span class='ocrx_word' id='word_1_64' title='bbox 882 1127 922 1205; x_wconf 85' lang='grc' dir='ltr'><em>ὃ</em></span> <span class='ocrx_word' id='word_1_65' title='bbox 979 1124 1154 1230; x_wconf 79' lang='grc' dir='ltr'>ὑπὲρ</span> <span class='ocrx_word' id='word_1_66' title='bbox 1208 1129 1337 1226; x_wconf 82' lang='grc' dir='ltr'>τῆς</span> <span class='ocrx_word' id='word_1_67' title='bbox 1392 1125 1734 1207; x_wconf 83' lang='grc' dir='ltr'>ἁπάντων</span> <span class='ocrx_word' id='word_1_68' title='bbox 1788 1125 2151 1229; x_wconf 76' lang='grc' dir='ltr'>σωτηρίας</span> <span class='ocrx_word' id='word_1_69' title='bbox 2207 1122 2619 1227; x_wconf 67' lang='grc' dir='ltr'>προσάγειν.</span> 
     </span>
    </p>

    <p class='ocr_par' dir='ltr' id='par_1_5' title="bbox 204 1247 2674 1358">
     <span class='ocr_line' id='line_1_8' title="bbox 204 1247 2674 1358; baseline -0.001 -29"><span class='ocrx_word' id='word_1_70' title='bbox 204 1249 511 1350; x_wconf 80' lang='grc' dir='ltr'>ἐμαυτὸν</span> <span class='ocrx_word' id='word_1_71' title='bbox 545 1254 644 1333; x_wconf 80' lang='grc' dir='ltr'>εἰς</span> <span class='ocrx_word' id='word_1_72' title='bbox 681 1250 944 1330; x_wconf 79' lang='grc' dir='ltr'>θυσίαν</span> <span class='ocrx_word' id='word_1_73' title='bbox 982 1251 1176 1358; x_wconf 75' lang='grc' dir='ltr'>αὐτῷ</span> <span class='ocrx_word' id='word_1_74' title='bbox 1210 1256 1315 1358; x_wconf 74' lang='grc' dir='ltr'>τῷ</span> <span class='ocrx_word' id='word_1_75' title='bbox 1352 1255 1520 1358; x_wconf 78' lang='grc' dir='ltr'>Θεῷ</span> <span class='ocrx_word' id='word_1_76' title='bbox 1564 1255 1681 1330; x_wconf 80' lang='grc' dir='ltr'>καὶ</span> <span class='ocrx_word' id='word_1_77' title='bbox 1724 1254 1963 1354; x_wconf 88' lang='grc' dir='ltr'>Πατρὶ</span> <span class='ocrx_word' id='word_1_78' title='bbox 2013 1247 2131 1329; x_wconf 78' lang='grc' dir='ltr'>διὰ</span> <span class='ocrx_word' id='word_1_79' title='bbox 2187 1251 2435 1356; x_wconf 84' lang='grc' dir='ltr'>φωνῆς</span> <span class='ocrx_word' id='word_1_80' title='bbox 2483 1256 2612 1328; x_wconf 92' lang='grc' dir='ltr'>τοῦ</span> <span class='ocrx_word' id='word_1_81' title='bbox 2638 1276 2674 1319; x_wconf 80' lang='grc' dir='ltr'>θ</span> 
     </span>
    </p>

    <p class='ocr_par' dir='ltr' id='par_1_6' title="bbox 202 1366 2880 1481">
     <span class='ocr_line' id='line_1_9' title="bbox 202 1366 2880 1481; baseline -0.001 -28"><span class='ocrx_word' id='word_1_82' title='bbox 202 1376 538 1481; x_wconf 74' lang='grc' dir='ltr'>μελῳδοῦ</span> <span class='ocrx_word' id='word_1_83' title='bbox 593 1372 1302 1478; x_wconf 73' lang='grc' dir='ltr'>καθυπισχνούμενος</span> <span class='ocrx_word' id='word_1_84' title='bbox 1357 1376 1475 1453; x_wconf 83' lang='grc' dir='ltr'>καὶ</span> <span class='ocrx_word' id='word_1_85' title='bbox 1528 1379 1728 1469; x_wconf 85' lang='grc' dir='ltr'>βοῶν</span> <span class='ocrx_word' id='word_1_86' title='bbox 1771 1384 1816 1420; x_wconf 87' lang='grc'><strong>“</strong></span> <span class='ocrx_word' id='word_1_87' title='bbox 1846 1372 2147 1455; x_wconf 81' lang='grc' dir='ltr'>Θυσίαν·</span> <span class='ocrx_word' id='word_1_88' title='bbox 2190 1374 2310 1452; x_wconf 83' lang='grc' dir='ltr'>καὶ</span> <span class='ocrx_word' id='word_1_89' title='bbox 2364 1403 2605 1475; x_wconf 85' lang='grc' dir='ltr'>προσ·</span> <span class='ocrx_word' id='word_1_90' title='bbox 2704 1366 2880 1481; x_wconf 44' lang='grc' dir='ltr'><strong>Ξξὶὶι.</strong></span> 
     </span>
    </p>

    <p class='ocr_par' dir='ltr' id='par_1_7' title="bbox 206 1493 2822 1604">
     <span class='ocr_line' id='line_1_10' title="bbox 206 1493 2822 1604; baseline -0.001 -29"><span class='ocrx_word' id='word_1_91' title='bbox 206 1506 250 1544; x_wconf 82' lang='grc'><strong>“</strong></span> <span class='ocrx_word' id='word_1_92' title='bbox 285 1496 528 1604; x_wconf 80' lang='grc' dir='ltr'>φορὰν</span> <span class='ocrx_word' id='word_1_93' title='bbox 564 1498 693 1575; x_wconf 86' lang='grc' dir='ltr'>οὑκ</span> <span class='ocrx_word' id='word_1_94' title='bbox 731 1495 1122 1598; x_wconf 80' lang='grc' dir='ltr'>ἠθέλησας,</span> <span class='ocrx_word' id='word_1_95' title='bbox 1162 1503 1382 1597; x_wconf 79' lang='grc' dir='ltr'>σῶμα</span> <span class='ocrx_word' id='word_1_96' title='bbox 1419 1494 1494 1578; x_wconf 78' lang='grc' dir='ltr'>δὲ</span> <span class='ocrx_word' id='word_1_97' title='bbox 1530 1497 1941 1602; x_wconf 80' lang='grc' dir='ltr'>κατηρτίσω</span> <span class='ocrx_word' id='word_1_98' title='bbox 1977 1525 2124 1596; x_wconf 84' lang='grc' dir='ltr'>μοι·</span> <span class='ocrx_word' id='word_1_99' title='bbox 2194 1493 2610 1576; x_wconf 81' lang='grc' dir='ltr'>ὃλοκαυτῶ·</span> <span class='ocrx_word' id='word_1_100' title='bbox 2648 1564 2655 1567; x_wconf 94' lang='grc'><strong>.</strong></span> <span class='ocrx_word' id='word_1_101' title='bbox 2711 1507 2822 1562; x_wconf 76' lang='grc'><strong><em>7-9·</em></strong></span> 
     </span>
    </p>

    <p class='ocr_par' dir='ltr' id='par_1_8' title="bbox 108 1612 2618 1724">
     <span class='ocr_line' id='line_1_11' title="bbox 108 1612 2618 1724; baseline -0.002 -24"><span class='ocrx_word' id='word_1_102' title='bbox 108 1652 180 1693; x_wconf 82' lang='lat'>10</span> <span class='ocrx_word' id='word_1_103' title='bbox 206 1631 249 1668; x_wconf 88' lang='lat'>“</span> <span class='ocrx_word' id='word_1_104' title='bbox 280 1654 479 1722; x_wconf 87' lang='grc' dir='ltr'>ματα</span> <span class='ocrx_word' id='word_1_105' title='bbox 534 1624 652 1701; x_wconf 85' lang='grc' dir='ltr'>καὶ</span> <span class='ocrx_word' id='word_1_106' title='bbox 704 1623 866 1723; x_wconf 79' lang='grc' dir='ltr'>περὶ</span> <span class='ocrx_word' id='word_1_107' title='bbox 912 1621 1261 1724; x_wconf 79' lang='grc' dir='ltr'>ἁμαρτίας</span> <span class='ocrx_word' id='word_1_108' title='bbox 1311 1622 1439 1700; x_wconf 85' lang='grc' dir='ltr'>οὐκ</span> <span class='ocrx_word' id='word_1_109' title='bbox 1488 1621 1919 1722; x_wconf 83' lang='grc' dir='ltr'>ηὑδόκησας’</span> <span class='ocrx_word' id='word_1_110' title='bbox 1979 1618 2141 1702; x_wconf 92' lang='grc' dir='ltr'>τότε</span> <span class='ocrx_word' id='word_1_111' title='bbox 2190 1616 2391 1700; x_wconf 82' lang='grc' dir='ltr'>εἷπον</span> <span class='ocrx_word' id='word_1_112' title='bbox 2426 1612 2618 1696; x_wconf 86' lang='grc' dir='ltr'>Ἰδοὺ</span> 
     </span>
    </p>

    <p class='ocr_par' dir='ltr' id='par_1_9' title="bbox 203 1743 2620 1850">
     <span class='ocr_line' id='line_1_12' title="bbox 203 1743 2620 1850; baseline -0.003 -25"><span class='ocrx_word' id='word_1_113' title='bbox 203 1755 249 1793; x_wconf 84' lang='grc'><strong>“</strong></span> <span class='ocrx_word' id='word_1_114' title='bbox 280 1746 455 1846; x_wconf 84' lang='grc' dir='ltr'>ἥκω,</span> <span class='ocrx_word' id='word_1_115' title='bbox 486 1746 562 1824; x_wconf 84' lang='grc' dir='ltr'>ἐν</span> <span class='ocrx_word' id='word_1_116' title='bbox 591 1745 929 1849; x_wconf 87' lang='grc' dir='ltr'>κεφαλίδι</span> <span class='ocrx_word' id='word_1_117' title='bbox 964 1745 1263 1839; x_wconf 85' lang='grc' dir='ltr'>βιβλίου</span> <span class='ocrx_word' id='word_1_118' title='bbox 1297 1743 1698 1850; x_wconf 77' lang='grc' dir='ltr'>γέγραπται</span> <span class='ocrx_word' id='word_1_119' title='bbox 1734 1748 1897 1850; x_wconf 79' lang='grc' dir='ltr'>περὶ</span> <span class='ocrx_word' id='word_1_120' title='bbox 1931 1747 2124 1843; x_wconf 83' lang='grc' dir='ltr'>ἐμοῦ,</span> <span class='ocrx_word' id='word_1_121' title='bbox 2150 1752 2281 1825; x_wconf 96' lang='grc' dir='ltr'>τοῦ</span> <span class='ocrx_word' id='word_1_122' title='bbox 2316 1745 2620 1841; x_wconf 82' lang='grc' dir='ltr'>ποιῆσαι</span> 
     </span>
    </p>

    <p class='ocr_par' dir='ltr' id='par_1_10' title="bbox 204 1861 2623 1977">
     <span class='ocr_line' id='line_1_13' title="bbox 204 1861 2623 1977; baseline -0.003 -27"><span class='ocrx_word' id='word_1_123' title='bbox 204 1881 248 1925; x_wconf 82' lang='grc'><strong>“</strong></span> <span class='ocrx_word' id='word_1_124' title='bbox 283 1870 369 1950; x_wconf 83' lang='grc' dir='ltr'>τὸ</span> <span class='ocrx_word' id='word_1_125' title='bbox 409 1866 700 1970; x_wconf 84' lang='grc' dir='ltr'>θελημά</span> <span class='ocrx_word' id='word_1_126' title='bbox 734 1904 879 1949; x_wconf 90' lang='grc' dir='ltr'>σου</span> <span class='ocrx_word' id='word_1_127' title='bbox 916 1870 956 1948; x_wconf 83' lang='grc' dir='ltr'><strong><em>ὁ</em></strong></span> <span class='ocrx_word' id='word_1_128' title='bbox 995 1867 1255 1954; x_wconf 87' lang='grc' dir='ltr'>Θεός.”</span> <span class='ocrx_word' id='word_1_129' title='bbox 1325 1906 1462 1972; x_wconf 82' lang='grc' dir='ltr'>εγω</span> <span class='ocrx_word' id='word_1_130' title='bbox 1501 1870 1737 1977; x_wconf 91' lang='grc' dir='ltr'>φησίν</span> <span class='ocrx_word' id='word_1_131' title='bbox 1776 1877 1938 1975; x_wconf 80' lang='grc' dir='ltr'>εἰμι,</span> <span class='ocrx_word' id='word_1_132' title='bbox 1979 1872 2095 1949; x_wconf 80' lang='grc' dir='ltr'>καὶ</span> <span class='ocrx_word' id='word_1_133' title='bbox 2143 1866 2357 1953; x_wconf 82' lang='grc' dir='ltr'>αὐτος</span> <span class='ocrx_word' id='word_1_134' title='bbox 2408 1900 2449 1946; x_wconf 96' lang='grc' dir='ltr'>ο</span> <span class='ocrx_word' id='word_1_135' title='bbox 2502 1861 2623 1945; x_wconf 76' lang='grc' dir='ltr'>διὰ</span> 
     </span>
    </p>

    <p class='ocr_par' dir='ltr' id='par_1_11' title="bbox 208 1991 2955 2099">
     <span class='ocr_line' id='line_1_14' title="bbox 208 1991 2955 2099; baseline -0.003 -24"><span class='ocrx_word' id='word_1_136' title='bbox 208 1993 592 2078; x_wconf 89' lang='grc' dir='ltr'>Μωυσεως</span> <span class='ocrx_word' id='word_1_137' title='bbox 646 1991 978 2096; x_wconf 84' lang='grc' dir='ltr'>ἐκήρυττε</span> <span class='ocrx_word' id='word_1_138' title='bbox 1038 1991 1254 2094; x_wconf 89' lang='grc' dir='ltr'>νόμος</span> <span class='ocrx_word' id='word_1_139' title='bbox 1310 1995 1498 2074; x_wconf 78' lang='grc' dir='ltr'>οὕτω</span> <span class='ocrx_word' id='word_1_140' title='bbox 1554 1993 1795 2096; x_wconf 80' lang='grc' dir='ltr'>λέγων</span> <span class='ocrx_word' id='word_1_141' title='bbox 1833 2004 1875 2041; x_wconf 89' lang='grc'><strong>“</strong></span> <span class='ocrx_word' id='word_1_142' title='bbox 1906 1991 2311 2099; x_wconf 86' lang='grc' dir='ltr'>Προφήτην</span> <span class='ocrx_word' id='word_1_143' title='bbox 2349 1994 2425 2071; x_wconf 89' lang='grc' dir='ltr'>ε’κ</span> <span class='ocrx_word' id='word_1_144' title='bbox 2473 1995 2622 2069; x_wconf 82' lang='grc' dir='ltr'>τῶν</span> <span class='ocrx_word' id='word_1_145' title='bbox 2646 2020 2682 2061; x_wconf 80' lang='lat' dir='ltr'><strong>a</strong></span> <span class='ocrx_word' id='word_1_146' title='bbox 2732 2006 2858 2061; x_wconf 81' lang='grc'>510</span> <span class='ocrx_word' id='word_1_147' title='bbox 2876 2004 2955 2059; x_wconf 81' lang='grc' dir='ltr'>Δ.</span> 
     </span>
    </p>

    <p class='ocr_par' dir='ltr' id='par_1_12' title="bbox 207 2082 2955 2267">
     <span class='ocr_line' id='line_1_15' title="bbox 207 2082 2955 2267; baseline -0.001 -69"><span class='ocrx_word' id='word_1_148' title='bbox 207 2127 252 2165; x_wconf 87' lang='grc'><strong>“</strong></span> <span class='ocrx_word' id='word_1_149' title='bbox 287 2121 636 2266; x_wconf 77' lang='grc' dir='ltr'>ἀδελφῶν</span> <span class='ocrx_word' id='word_1_150' title='bbox 673 2150 817 2197; x_wconf 94' lang='grc' dir='ltr'>σου</span> <span class='ocrx_word' id='word_1_151' title='bbox 867 2121 963 2201; x_wconf 84' lang='grc' dir='ltr'>ὡς</span> <span class='ocrx_word' id='word_1_152' title='bbox 1012 2116 1134 2215; x_wconf 80' lang='grc' dir='ltr'>ἐμὲ</span> <span class='ocrx_word' id='word_1_153' title='bbox 1182 2114 1586 2218; x_wconf 82' lang='grc' dir='ltr'>ἀναστήσει</span> <span class='ocrx_word' id='word_1_154' title='bbox 1630 2151 1754 2197; x_wconf 94' lang='grc' dir='ltr'>σοι</span> <span class='ocrx_word' id='word_1_155' title='bbox 1796 2116 2064 2267; x_wconf 83' lang='grc' dir='ltr'>Κύριος</span> <span class='ocrx_word' id='word_1_156' title='bbox 2116 2119 2156 2197; x_wconf 85' lang='grc' dir='ltr'>ὁ</span> <span class='ocrx_word' id='word_1_157' title='bbox 2205 2113 2393 2199; x_wconf 93' lang='grc' dir='ltr'>Θεός</span> <span class='ocrx_word' id='word_1_158' title='bbox 2442 2146 2614 2211; x_wconf 94' lang='grc' dir='ltr'>σου,</span> <span class='ocrx_word' id='word_1_159' title='bbox 2711 2082 2870 2197; x_wconf 47' lang='lat'>2³3?</span> <span class='ocrx_word' id='word_1_160' title='bbox 2878 2156 2955 2208; x_wconf 68' lang='grc' dir='ltr'>ιε,</span> 
     </span>
    </p>

    <p class='ocr_par' dir='ltr' id='par_1_13' title="bbox 109 2211 2797 2346">
     <span class='ocr_line' id='line_1_16' title="bbox 109 2211 2797 2346; baseline -0.003 -22"><span class='ocrx_word' id='word_1_161' title='bbox 109 2263 183 2324; x_wconf 86' lang='lat'>15</span> <span class='ocrx_word' id='word_1_162' title='bbox 208 2250 254 2287; x_wconf 88' lang='lat'><strong>“</strong></span> <span class='ocrx_word' id='word_1_163' title='bbox 289 2242 512 2321; x_wconf 84' lang='grc' dir='ltr'>αὑτοῦ</span> <span class='ocrx_word' id='word_1_164' title='bbox 563 2241 992 2321; x_wconf 82' lang='grc' dir='ltr'>ἀκούσεσθε</span> <span class='ocrx_word' id='word_1_165' title='bbox 1056 2238 1240 2321; x_wconf 79' lang='grc' dir='ltr'>κατὰ</span> <span class='ocrx_word' id='word_1_166' title='bbox 1293 2238 1534 2321; x_wconf 86' lang='grc' dir='ltr'>πάντα</span> <span class='ocrx_word' id='word_1_167' title='bbox 1589 2275 1738 2321; x_wconf 89' lang='grc' dir='ltr'>οσα</span> <span class='ocrx_word' id='word_1_168' title='bbox 1792 2239 2048 2346; x_wconf 84' lang='grc' dir='ltr'>ᾐτήσω</span> <span class='ocrx_word' id='word_1_169' title='bbox 2102 2238 2303 2344; x_wconf 78' lang='grc' dir='ltr'>παρὰ</span> <span class='ocrx_word' id='word_1_170' title='bbox 2352 2235 2624 2342; x_wconf 89' lang='grc' dir='ltr'>Κυρίου</span> <span class='ocrx_word' id='word_1_171' title='bbox 2720 2211 2797 2263; x_wconf 60' lang='grc' dir='ltr'>’δ’</span> 
     </span>
    </p>

    <p class='ocr_par' dir='ltr' id='par_1_14' title="bbox 207 2362 2620 2472">
     <span class='ocr_line' id='line_1_17' title="bbox 207 2362 2620 2472; baseline -0.001 -28"><span class='ocrx_word' id='word_1_172' title='bbox 207 2375 253 2413; x_wconf 87' lang='grc'><strong>“</strong></span> <span class='ocrx_word' id='word_1_173' title='bbox 286 2372 420 2444; x_wconf 94' lang='grc' dir='ltr'>τοῦ</span> <span class='ocrx_word' id='word_1_174' title='bbox 458 2369 653 2445; x_wconf 83' lang='grc' dir='ltr'>Θεοῦ</span> <span class='ocrx_word' id='word_1_175' title='bbox 685 2398 828 2446; x_wconf 87' lang='grc' dir='ltr'>σου</span> <span class='ocrx_word' id='word_1_176' title='bbox 864 2367 941 2444; x_wconf 85' lang='grc' dir='ltr'>ἐν</span> <span class='ocrx_word' id='word_1_177' title='bbox 976 2362 1124 2468; x_wconf 80' lang='grc' dir='ltr'>ὄρει</span> <span class='ocrx_word' id='word_1_178' title='bbox 1159 2367 1236 2444; x_wconf 86' lang='grc' dir='ltr'>ἐν</span> <span class='ocrx_word' id='word_1_179' title='bbox 1271 2363 1555 2468; x_wconf 85' lang='grc' dir='ltr'>Χωρὴβ</span> <span class='ocrx_word' id='word_1_180' title='bbox 1590 2367 1668 2445; x_wconf 86' lang='grc' dir='ltr'>ἐν</span> <span class='ocrx_word' id='word_1_181' title='bbox 1706 2363 1931 2472; x_wconf 76' lang='grc' dir='ltr'>ἡμέρᾳ</span> <span class='ocrx_word' id='word_1_182' title='bbox 1976 2370 2105 2466; x_wconf 83' lang='grc' dir='ltr'>τῆς</span> <span class='ocrx_word' id='word_1_183' title='bbox 2156 2363 2620 2464; x_wconf 86' lang='grc' dir='ltr'>ἐκκλησίας.”</span> 
     </span>
    </p>

    <p class='ocr_par' dir='ltr' id='par_1_15' title="bbox 208 2486 2681 2597">
     <span class='ocr_line' id='line_1_18' title="bbox 208 2486 2681 2597; baseline -0.001 -28"><span class='ocrx_word' id='word_1_184' title='bbox 208 2490 471 2569; x_wconf 75' lang='grc' dir='ltr'>οὐκοῦν</span> <span class='ocrx_word' id='word_1_185' title='bbox 507 2486 827 2592; x_wconf 87' lang='grc' dir='ltr'>εὑλόγως</span> <span class='ocrx_word' id='word_1_186' title='bbox 875 2491 1294 2587; x_wconf 86' lang='grc' dir='ltr'>ἀπολεῖσθε,</span> <span class='ocrx_word' id='word_1_187' title='bbox 1333 2491 1543 2597; x_wconf 81' lang='grc' dir='ltr'>φησὶ,</span> <span class='ocrx_word' id='word_1_188' title='bbox 1582 2491 1701 2569; x_wconf 86' lang='grc' dir='ltr'>καὶ</span> <span class='ocrx_word' id='word_1_189' title='bbox 1751 2488 2202 2590; x_wconf 82' lang='grc' dir='ltr'>δικαιοτάτην</span> <span class='ocrx_word' id='word_1_190' title='bbox 2240 2488 2622 2569; x_wconf 85' lang='grc' dir='ltr'>ἀποτίσετε</span> <span class='ocrx_word' id='word_1_191' title='bbox 2660 2526 2681 2559; x_wconf 53' lang='lat'><em>2</em></span> 
     </span>
    </p>

    <p class='ocr_par' dir='ltr' id='par_1_16' title="bbox 208 2612 2624 2719">
     <span class='ocr_line' id='line_1_19' title="bbox 208 2612 2624 2719; baseline -0.001 -24"><span class='ocrx_word' id='word_1_192' title='bbox 208 2616 314 2719; x_wconf 74' lang='grc' dir='ltr'>τῷ</span> <span class='ocrx_word' id='word_1_193' title='bbox 350 2614 663 2718; x_wconf 86' lang='grc' dir='ltr'>κρίνοντι</span> <span class='ocrx_word' id='word_1_194' title='bbox 698 2615 900 2714; x_wconf 88' lang='grc' dir='ltr'>δίκην</span> <span class='ocrx_word' id='word_1_195' title='bbox 936 2613 1065 2693; x_wconf 82' lang='grc' dir='ltr'>τὸν</span> <span class='ocrx_word' id='word_1_196' title='bbox 1098 2612 1216 2693; x_wconf 81' lang='grc' dir='ltr'>διὰ</span> <span class='ocrx_word' id='word_1_197' title='bbox 1250 2620 1559 2694; x_wconf 84' lang='grc' dir='ltr'>πολλῶν</span> <span class='ocrx_word' id='word_1_198' title='bbox 1595 2612 1728 2713; x_wconf 81' lang='grc' dir='ltr'>μὲν</span> <span class='ocrx_word' id='word_1_199' title='bbox 1760 2615 1924 2715; x_wconf 89' lang='grc' dir='ltr'>ὑμῖν</span> <span class='ocrx_word' id='word_1_200' title='bbox 1952 2614 2624 2719; x_wconf 81' lang='grc' dir='ltr'>προκεκηρυγμένον</span> 
     </span>
    </p>

    <p class='ocr_par' dir='ltr' id='par_1_17' title="bbox 214 2733 2625 2842">
     <span class='ocr_line' id='line_1_20' title="bbox 214 2733 2625 2842; baseline -0 -26"><span class='ocrx_word' id='word_1_201' title='bbox 214 2737 466 2840; x_wconf 81' lang='grc' dir='ltr'>ἁγίων,</span> <span class='ocrx_word' id='word_1_202' title='bbox 517 2737 1058 2841; x_wconf 79' lang='grc' dir='ltr'>μαρτυρηθέντα</span> <span class='ocrx_word' id='word_1_203' title='bbox 1113 2737 1189 2817; x_wconf 83' lang='grc' dir='ltr'>δὲ</span> <span class='ocrx_word' id='word_1_204' title='bbox 1244 2741 1361 2817; x_wconf 88' lang='grc' dir='ltr'>καὶ</span> <span class='ocrx_word' id='word_1_205' title='bbox 1417 2736 1504 2816; x_wconf 84' lang='grc' dir='ltr'>δι’</span> <span class='ocrx_word' id='word_1_206' title='bbox 1562 2734 1664 2817; x_wconf 78' lang='grc' dir='ltr'>ὧν</span> <span class='ocrx_word' id='word_1_207' title='bbox 1717 2738 2100 2842; x_wconf 78' lang='grc' dir='ltr'>ἐργάζομαι</span> <span class='ocrx_word' id='word_1_208' title='bbox 2157 2734 2275 2819; x_wconf 81' lang='grc' dir='ltr'>διὰ</span> <span class='ocrx_word' id='word_1_209' title='bbox 2326 2733 2625 2835; x_wconf 87' lang='grc' dir='ltr'>πολλὴν</span> 
     </span>
    </p>

    <p class='ocr_par' dir='ltr' id='par_1_18' title="bbox 113 2857 2624 3094">
     <span class='ocr_line' id='line_1_21' title="bbox 113 2857 2624 2966; baseline -0.002 -23"><span class='ocrx_word' id='word_1_210' title='bbox 113 2895 187 2936; x_wconf 76' lang='lat'>20</span> <span class='ocrx_word' id='word_1_211' title='bbox 215 2861 656 2963; x_wconf 84' lang='grc' dir='ltr'>ἀνοσιότητα</span> <span class='ocrx_word' id='word_1_212' title='bbox 690 2859 981 2965; x_wconf 90' lang='grc' dir='ltr'>τρόπων</span> <span class='ocrx_word' id='word_1_213' title='bbox 1018 2863 1103 2941; x_wconf 84' lang='grc' dir='ltr'>οὑ</span> <span class='ocrx_word' id='word_1_214' title='bbox 1137 2860 1701 2964; x_wconf 89' lang='grc' dir='ltr'>προσηκάμενοι.</span> <span class='ocrx_word' id='word_1_215' title='bbox 1783 2868 1901 2941; x_wconf 86' lang='grc' dir='ltr'>καὶ</span> <span class='ocrx_word' id='word_1_216' title='bbox 1938 2861 2083 2966; x_wconf 80' lang='grc' dir='ltr'>γὰρ</span> <span class='ocrx_word' id='word_1_217' title='bbox 2133 2859 2220 2962; x_wconf 86' lang='grc' dir='ltr'>δὴ</span> <span class='ocrx_word' id='word_1_218' title='bbox 2270 2864 2388 2941; x_wconf 81' lang='grc' dir='ltr'>καὶ</span> <span class='ocrx_word' id='word_1_219' title='bbox 2436 2857 2624 2939; x_wconf 77' lang='grc' dir='ltr'>κατὰ</span> 
     </span>
     <span class='ocr_line' id='line_1_22' title="bbox 216 2980 2624 3094; baseline 0 -28"><span class='ocrx_word' id='word_1_220' title='bbox 216 2985 562 3088; x_wconf 88' lang='grc' dir='ltr'>ἀλήθειαν</span> <span class='ocrx_word' id='word_1_221' title='bbox 606 2987 831 3069; x_wconf 82' lang='grc' dir='ltr'>οὐδεὶς</span> <span class='ocrx_word' id='word_1_222' title='bbox 885 2985 1246 3094; x_wconf 82' lang='grc' dir='ltr'>ἐξαλεῖται</span> <span class='ocrx_word' id='word_1_223' title='bbox 1300 2982 1523 3088; x_wconf 86' lang='grc' dir='ltr'>λόγος</span> <span class='ocrx_word' id='word_1_224' title='bbox 1575 2992 1707 3064; x_wconf 92' lang='grc' dir='ltr'>τοῦ</span> <span class='ocrx_word' id='word_1_225' title='bbox 1763 2984 2201 3089; x_wconf 77' lang='grc' dir='ltr'>κολάζεσθαι</span> <span class='ocrx_word' id='word_1_226' title='bbox 2256 2987 2402 3065; x_wconf 85' lang='grc' dir='ltr'>δεῖν</span> <span class='ocrx_word' id='word_1_227' title='bbox 2457 2980 2624 3067; x_wconf 79' lang='grc' dir='ltr'>τοῦς</span> 
     </span>
    </p>

    <p class='ocr_par' dir='ltr' id='par_1_19' title="bbox 212 3106 2690 3218">
     <span class='ocr_line' id='line_1_23' title="bbox 212 3106 2690 3218; baseline -0.001 -30"><span class='ocrx_word' id='word_1_228' title='bbox 212 3112 686 3195; x_wconf 88' lang='grc' dir='ltr'>ἀπειθοῦντας</span> <span class='ocrx_word' id='word_1_229' title='bbox 771 3111 992 3218; x_wconf 78' lang='grc' dir='ltr'>αὐτῷ,</span> <span class='ocrx_word' id='word_1_230' title='bbox 1072 3108 1644 3213; x_wconf 78' lang='grc' dir='ltr'>πεπληρωμένης</span> <span class='ocrx_word' id='word_1_231' title='bbox 1725 3107 1858 3209; x_wconf 77' lang='grc' dir='ltr'>μὲν</span> <span class='ocrx_word' id='word_1_232' title='bbox 1929 3114 2058 3210; x_wconf 83' lang='grc' dir='ltr'>τῆς</span> <span class='ocrx_word' id='word_1_233' title='bbox 2140 3106 2623 3189; x_wconf 89' lang='grc' dir='ltr'>θεοπνεύστου</span> <span class='ocrx_word' id='word_1_234' title='bbox 2649 3122 2690 3186; x_wconf 92' lang='lat' dir='ltr'>b</span> 
     </span>
    </p>

    <p class='ocr_par' dir='ltr' id='par_1_20' title="bbox 210 3232 2624 3342">
     <span class='ocr_line' id='line_1_24' title="bbox 210 3232 2624 3342; baseline -0.003 -24"><span class='ocrx_word' id='word_1_235' title='bbox 210 3239 508 3342; x_wconf 83' lang='grc' dir='ltr'>γραφῆς</span> <span class='ocrx_word' id='word_1_236' title='bbox 544 3241 690 3314; x_wconf 83' lang='grc' dir='ltr'>τῶν</span> <span class='ocrx_word' id='word_1_237' title='bbox 725 3237 887 3336; x_wconf 81' lang='grc' dir='ltr'>περὶ</span> <span class='ocrx_word' id='word_1_238' title='bbox 937 3234 1156 3313; x_wconf 83' lang='grc' dir='ltr'>αὑτοῦ</span> <span class='ocrx_word' id='word_1_239' title='bbox 1202 3238 1615 3335; x_wconf 80' lang='grc' dir='ltr'>μαρτυριῶν</span> <span class='ocrx_word' id='word_1_240' title='bbox 1647 3265 1726 3312; x_wconf 91' lang='grc' dir='ltr'>τε</span> <span class='ocrx_word' id='word_1_241' title='bbox 1774 3237 1891 3312; x_wconf 86' lang='grc' dir='ltr'>καὶ</span> <span class='ocrx_word' id='word_1_242' title='bbox 1942 3232 2211 3334; x_wconf 88' lang='grc' dir='ltr'>λόγων,</span> <span class='ocrx_word' id='word_1_243' title='bbox 2251 3235 2369 3312; x_wconf 85' lang='grc' dir='ltr'>καὶ</span> <span class='ocrx_word' id='word_1_244' title='bbox 2405 3233 2624 3311; x_wconf 84' lang='grc' dir='ltr'>αὑτοῦ</span> 
     </span>
    </p>

    <p class='ocr_par' dir='ltr' id='par_1_21' title="bbox 214 3355 2625 3467">
     <span class='ocr_line' id='line_1_25' title="bbox 214 3355 2625 3467; baseline -0 -30"><span class='ocrx_word' id='word_1_245' title='bbox 214 3356 291 3437; x_wconf 79' lang='grc' dir='ltr'>δὲ</span> <span class='ocrx_word' id='word_1_246' title='bbox 327 3358 664 3467; x_wconf 77' lang='grc' dir='ltr'>συνῳδὸν</span> <span class='ocrx_word' id='word_1_247' title='bbox 697 3365 845 3443; x_wconf 94' lang='grc' dir='ltr'>τοῖς</span> <span class='ocrx_word' id='word_1_248' title='bbox 879 3357 1111 3438; x_wconf 86' lang='grc' dir='ltr'>πάλαι</span> <span class='ocrx_word' id='word_1_249' title='bbox 1149 3357 1826 3465; x_wconf 77' lang='grc' dir='ltr'>χρησμῳδουμένοις</span> <span class='ocrx_word' id='word_1_250' title='bbox 1862 3355 1995 3457; x_wconf 87' lang='grc' dir='ltr'>τὴν</span> <span class='ocrx_word' id='word_1_251' title='bbox 2032 3356 2179 3438; x_wconf 81' lang='grc' dir='ltr'>ἀπὸ</span> <span class='ocrx_word' id='word_1_252' title='bbox 2215 3363 2361 3438; x_wconf 81' lang='grc' dir='ltr'>τῶν</span> <span class='ocrx_word' id='word_1_253' title='bbox 2395 3356 2625 3460; x_wconf 80' lang='grc' dir='ltr'>ἔργων</span> 
     </span>
    </p>

    <p class='ocr_par' dir='ltr' id='par_1_22' title="bbox 115 3478 1249 3588">
     <span class='ocr_line' id='line_1_26' title="bbox 115 3478 1249 3588; baseline 0.004 -30"><span class='ocrx_word' id='word_1_254' title='bbox 115 3498 188 3558; x_wconf 82' lang='lat'>25</span> <span class='ocrx_word' id='word_1_255' title='bbox 212 3484 712 3588; x_wconf 74' lang='grc' dir='ltr'>παρεχομένου</span> <span class='ocrx_word' id='word_1_256' title='bbox 748 3478 1249 3585; x_wconf 87' lang='grc' dir='ltr'>λαμπρότητα.</span> 
     </span>
    </p>
   </div>
   <div class='ocr_carea' id='block_1_3' title="bbox 847 3656 2733 3748">
    <p class='ocr_par' dir='ltr' id='par_1_23' title="bbox 847 3656 2733 3748">
     <span class='ocr_line' id='line_1_27' title="bbox 847 3656 2733 3748; baseline 0.002 -20"><span class='ocrx_word' id='word_1_257' title='bbox 847 3662 1123 3738; x_wconf 78' lang='grc' dir='ltr'>Ἐλει-ον</span> <span class='ocrx_word' id='word_1_258' title='bbox 1178 3658 1291 3729; x_wconf 82' lang='grc' dir='ltr'>οὖν</span> <span class='ocrx_word' id='word_1_259' title='bbox 1346 3663 1526 3748; x_wconf 81' lang='grc' dir='ltr'>αὐτῷ</span> <span class='ocrx_word' id='word_1_260' title='bbox 1578 3663 1671 3728; x_wconf 84' lang='grc' dir='ltr'>Σὺ</span> <span class='ocrx_word' id='word_1_261' title='bbox 1726 3662 1824 3730; x_wconf 70' lang='grc' dir='ltr'>τίς</span> <span class='ocrx_word' id='word_1_262' title='bbox 1879 3656 1978 3745; x_wconf 67' lang='grc' dir='ltr'>εἷς</span> <span class='ocrx_word' id='word_1_263' title='bbox 2657 3685 2733 3747; x_wconf 78' lang='lat'>25</span> 
     </span>
    </p>
   </div>
   <div class='ocr_carea' id='block_1_4' title="bbox 218 3807 2630 4168">
    <p class='ocr_par' dir='ltr' id='par_1_24' title="bbox 218 3807 2630 4168">
     <span class='ocr_line' id='line_1_28' title="bbox 332 3807 2628 3917; baseline -0.001 -26"><span class='ocrx_word' id='word_1_264' title='bbox 332 3809 643 3914; x_wconf 86' lang='grc' dir='ltr'>Πρόεισι</span> <span class='ocrx_word' id='word_1_265' title='bbox 671 3809 919 3893; x_wconf 85' lang='grc' dir='ltr'>,πάλιν</span> <span class='ocrx_word' id='word_1_266' title='bbox 963 3811 1201 3893; x_wconf 87' lang='grc' dir='ltr'>αὑτοῖς</span> <span class='ocrx_word' id='word_1_267' title='bbox 1251 3810 1340 3917; x_wconf 79' lang='grc' dir='ltr'>ἐξ</span> <span class='ocrx_word' id='word_1_268' title='bbox 1384 3809 1800 3910; x_wconf 74' lang='grc' dir='ltr'>ἀλαζονείας</span> <span class='ocrx_word' id='word_1_269' title='bbox 1851 3812 1891 3890; x_wconf 86' lang='grc' dir='ltr'>ὁ</span> <span class='ocrx_word' id='word_1_270' title='bbox 1944 3807 2167 3912; x_wconf 86' lang='grc' dir='ltr'>λόγος</span> <span class='ocrx_word' id='word_1_271' title='bbox 2218 3808 2628 3915; x_wconf 75' lang='grc' dir='ltr'>ἀγριωτάτη</span> 
     </span>
     <span class='ocr_line' id='line_1_29' title="bbox 218 3930 2630 4039; baseline 0.002 -26"><span class='ocrx_word' id='word_1_272' title='bbox 218 3934 808 4039; x_wconf 79' lang='grc' dir='ltr'>συγκεκραμένον</span> <span class='ocrx_word' id='word_1_273' title='bbox 844 3936 1052 4039; x_wconf 84' lang='grc' dir='ltr'>ὀργῇ.</span> <span class='ocrx_word' id='word_1_274' title='bbox 1136 3941 1724 4038; x_wconf 91' lang='grc' dir='ltr'>φιλοπευστοῦσι</span> <span class='ocrx_word' id='word_1_275' title='bbox 1758 3932 1905 4038; x_wconf 79' lang='grc' dir='ltr'>γὰρ</span> <span class='ocrx_word' id='word_1_276' title='bbox 1943 3935 2078 4039; x_wconf 86' lang='grc' dir='ltr'>οὑχ</span> <span class='ocrx_word' id='word_1_277' title='bbox 2125 3935 2242 4014; x_wconf 86' lang='grc' dir='ltr'>ἵνα</span> <span class='ocrx_word' id='word_1_278' title='bbox 2277 3930 2630 4034; x_wconf 79' lang='grc' dir='ltr'>μαθόντες</span> 
     </span>
     <span class='ocr_line' id='line_1_30' title="bbox 218 4056 2625 4168; baseline -0 -31"><span class='ocrx_word' id='word_1_279' title='bbox 218 4057 719 4150; x_wconf 85' lang='grc' dir='ltr'>πιστεύσειαν,</span> <span class='ocrx_word' id='word_1_280' title='bbox 758 4056 932 4138; x_wconf 84' lang='grc' dir='ltr'>ἀλλ’</span> <span class='ocrx_word' id='word_1_281' title='bbox 971 4062 1050 4137; x_wconf 84' lang='grc' dir='ltr'>ἐκ</span> <span class='ocrx_word' id='word_1_282' title='bbox 1085 4061 1376 4158; x_wconf 84' lang='grc' dir='ltr'>πολλῆς</span> <span class='ocrx_word' id='word_1_283' title='bbox 1412 4059 1755 4141; x_wconf 86' lang='grc' dir='ltr'>ἀπονοίας</span> <span class='ocrx_word' id='word_1_284' title='bbox 1789 4061 2172 4162; x_wconf 86' lang='grc' dir='ltr'>μονονουχὶ</span> <span class='ocrx_word' id='word_1_285' title='bbox 2210 4062 2327 4138; x_wconf 80' lang='grc' dir='ltr'>καὶ</span> <span class='ocrx_word' id='word_1_286' title='bbox 2364 4060 2625 4168; x_wconf 76' lang='grc' dir='ltr'>Ιἐπιπη-</span> 
     </span>
    </p>
   </div>
   <div class='ocr_carea' id='block_1_5' title="bbox 217 4233 2630 4536">
    <p class='ocr_par' dir='ltr' id='par_1_25' title="bbox 217 4233 2630 4518">
     <span class='ocr_line' id='line_1_31' title="bbox 294 4233 2630 4309; baseline 0.001 -21"><span class='ocrx_word' id='word_1_287' title='bbox 294 4252 348 4301; x_wconf 84' lang='grc'><strong>4.</strong></span> <span class='ocrx_word' id='word_1_288' title='bbox 385 4233 750 4304; x_wconf 73' lang='grc' dir='ltr'>εῑσπορεῦεται</span> <span class='ocrx_word' id='word_1_289' title='bbox 772 4235 918 4292; x_wconf 89' lang='lat' dir='ltr'><strong>Aub.</strong></span> <span class='ocrx_word' id='word_1_290' title='bbox 1106 4248 1159 4308; x_wconf 89' lang='lat'>7.</span> <span class='ocrx_word' id='word_1_291' title='bbox 1195 4238 1373 4309; x_wconf 72' lang='grc' dir='ltr'>σαυτῷ</span> <span class='ocrx_word' id='word_1_292' title='bbox 1402 4236 1467 4291; x_wconf 91' lang='grc' dir='ltr'>Β.</span> <span class='ocrx_word' id='word_1_293' title='bbox 1491 4236 1631 4308; x_wconf 71' lang='grc' dir='ltr'>αὐτῷ</span> <span class='ocrx_word' id='word_1_294' title='bbox 1656 4234 1958 4290; x_wconf 80' lang='lat' dir='ltr'><strong>emendavit</strong></span> <span class='ocrx_word' id='word_1_295' title='bbox 1984 4235 2167 4289; x_wconf 82' lang='lat' dir='ltr'><strong>Holst.</strong></span> <span class='ocrx_word' id='word_1_296' title='bbox 2359 4251 2441 4290; x_wconf 88' lang='lat'>10.</span> <span class='ocrx_word' id='word_1_297' title='bbox 2476 4235 2630 4303; x_wconf 76' lang='grc' dir='ltr'>ηὐδό-</span> 
     </span>
     <span class='ocr_line' id='line_1_32' title="bbox 221 4303 2630 4445; baseline 0 -16"><span class='ocrx_word' id='word_1_298' title='bbox 221 4325 389 4430; x_wconf 51' lang='lat'>5¹3⁹</span> <span class='ocrx_word' id='word_1_299' title='bbox 403 4304 484 4430; x_wconf 60' lang='grc' dir='ltr'><strong>ἓ.</strong></span> <span class='ocrx_word' id='word_1_300' title='bbox 501 4304 685 4432; x_wconf 48' lang='grc' dir='ltr'>ἑξῐῗῖν</span> <span class='ocrx_word' id='word_1_301' title='bbox 709 4328 856 4433; x_wconf 57' lang='grc' dir='ltr'><strong>Αιῗῖ).</strong></span> <span class='ocrx_word' id='word_1_302' title='bbox 853 4305 951 4362; x_wconf 66' lang='lat' dir='ltr'>Ht</span> <span class='ocrx_word' id='word_1_303' title='bbox 978 4304 1084 4364; x_wconf 75' lang='lat' dir='ltr'>Ed</span> <span class='ocrx_word' id='word_1_304' title='bbox 1125 4376 1207 4433; x_wconf 86' lang='lat'>16.</span> <span class='ocrx_word' id='word_1_305' title='bbox 1243 4377 1300 4431; x_wconf 68' lang='grc' dir='ltr'>ὅν</span> <span class='ocrx_word' id='word_1_306' title='bbox 1322 4376 1354 4430; x_wconf 80' lang='grc' dir='ltr'><strong><em>ὅ</em></strong></span> <span class='ocrx_word' id='word_1_307' title='bbox 1379 4323 1441 4431; x_wconf 66' lang='grc' dir='ltr'>Ιεῖ</span> <span class='ocrx_word' id='word_1_308' title='bbox 1448 4307 1682 4433; x_wconf 56' lang='grc' dir='ltr'>ενὸὶέξιὸς</span> <span class='ocrx_word' id='word_1_309' title='bbox 1660 4305 1981 4445; x_wconf 43' lang='lat' dir='ltr'>ngat-23:73⁶</span> <span class='ocrx_word' id='word_1_310' title='bbox 1991 4327 2108 4429; x_wconf 58' lang='grc' dir='ltr'>ε’ῗιυῖ</span> <span class='ocrx_word' id='word_1_311' title='bbox 2129 4305 2345 4429; x_wconf 58' lang='lat' dir='ltr'>i‘ltwlgnso</span> <span class='ocrx_word' id='word_1_312' title='bbox 2328 4303 2557 4445; x_wconf 52' lang='grc' dir='ltr'>ὴὲτξίιῗθ</span> <span class='ocrx_word' id='word_1_313' title='bbox 2581 4323 2630 4430; x_wconf 64' lang='grc' dir='ltr'><strong>ἒ.</strong></span> 
     </span>
     <span class='ocr_line' id='line_1_33' title="bbox 217 4376 2630 4536; baseline -0.002 -32"><span class='ocrx_word' id='word_1_314' title='bbox 217 4461 316 4516; x_wconf 59' lang='grc'>19.</span> <span class='ocrx_word' id='word_1_315' title='bbox 352 4445 411 4500; x_wconf 74' lang='grc' dir='ltr'>δε</span> <span class='ocrx_word' id='word_1_316' title='bbox 436 4457 778 4534; x_wconf 72' lang='lat' dir='ltr'><strong>assumptum</strong></span> <span class='ocrx_word' id='word_1_317' title='bbox 802 4466 867 4502; x_wconf 75' lang='lat' dir='ltr'>ox</span> <span class='ocrx_word' id='word_1_318' title='bbox 892 4445 1300 4518; x_wconf 53' lang='lat' dir='ltr'>&amp;zo-031]</span> <span class='ocrx_word' id='word_1_319' title='bbox 1325 4399 1397 4517; x_wconf 79' lang='grc' dir='ltr'>μρ</span> <span class='ocrx_word' id='word_1_320' title='bbox 1366 4449 1470 4517; x_wconf 83' lang='grc' dir='ltr'><strong>ὴ.8</strong></span> <span class='ocrx_word' id='word_1_321' title='bbox 1617 4398 1705 4536; x_wconf 61' lang='grc' dir='ltr'>ξι.</span> <span class='ocrx_word' id='word_1_322' title='bbox 1743 4447 2003 4515; x_wconf 75' lang='grc' dir='ltr'>ἐξαλεῖται</span> <span class='ocrx_word' id='word_1_323' title='bbox 2030 4446 2095 4501; x_wconf 90' lang='grc' dir='ltr'>Β.</span> <span class='ocrx_word' id='word_1_324' title='bbox 2100 4376 2372 4514; x_wconf 52' lang='grc' dir='ltr'>ρι’ξελειῖἀι</span> <span class='ocrx_word' id='word_1_325' title='bbox 2402 4446 2498 4500; x_wconf 81' lang='lat' dir='ltr'>Ht.</span> <span class='ocrx_word' id='word_1_326' title='bbox 2507 4394 2630 4501; x_wconf 54' lang='grc' dir='ltr'><strong>Ἕᾶ.</strong></span> 
     </span>
    </p>
   </div>
   <div class='ocr_carea' id='block_1_6' title="bbox 221 4514 2629 4645">
    <p class='ocr_par' dir='ltr' id='par_1_26' title="bbox 221 4514 2629 4644">
     <span class='ocr_line' id='line_1_34' title="bbox 223 4514 2629 4591; baseline -0 -21"><span class='ocrx_word' id='word_1_327' title='bbox 223 4531 313 4586; x_wconf 78' lang='lat'>29.</span> <span class='ocrx_word' id='word_1_328' title='bbox 349 4516 693 4574; x_wconf 78' lang='grc' dir='ltr'>πιστεύσειαν</span> <span class='ocrx_word' id='word_1_329' title='bbox 731 4518 777 4572; x_wconf 91' lang='grc' dir='ltr'>Β</span> <span class='ocrx_word' id='word_1_330' title='bbox 781 4536 845 4574; x_wconf 91' lang='grc'>.8.</span> <span class='ocrx_word' id='word_1_331' title='bbox 887 4516 1137 4591; x_wconf 77' lang='grc' dir='ltr'>[πιστεύ.</span> <span class='ocrx_word' id='word_1_332' title='bbox 1157 4541 1217 4575; x_wconf 90' lang='grc' dir='ltr'>σι</span> <span class='ocrx_word' id='word_1_333' title='bbox 1251 4518 1316 4574; x_wconf 70' lang='grc' dir='ltr'>ἂν</span> <span class='ocrx_word' id='word_1_334' title='bbox 1341 4519 1362 4589; x_wconf 95' lang='grc'><strong>(</strong></span> <span class='ocrx_word' id='word_1_335' title='bbox 1377 4542 1424 4563; x_wconf 80' lang='lat'>==</span> <span class='ocrx_word' id='word_1_336' title='bbox 1451 4517 1746 4575; x_wconf 73' lang='grc' dir='ltr'>πιστεύωσι</span> <span class='ocrx_word' id='word_1_337' title='bbox 1781 4518 1844 4572; x_wconf 75' lang='grc' dir='ltr'>ἂν</span> <span class='ocrx_word' id='word_1_338' title='bbox 1878 4518 1934 4572; x_wconf 90' lang='lat' dir='ltr'>in</span> <span class='ocrx_word' id='word_1_339' title='bbox 1970 4515 2310 4574; x_wconf 76' lang='grc' dir='ltr'>πιστεύσειαν</span> <span class='ocrx_word' id='word_1_340' title='bbox 2338 4515 2503 4585; x_wconf 85' lang='lat' dir='ltr'>corr.)</span> <span class='ocrx_word' id='word_1_341' title='bbox 2535 4514 2629 4588; x_wconf 85' lang='lat' dir='ltr'>B.]</span> 
     </span>
     <span class='ocr_line' id='line_1_35' title="bbox 221 4585 839 4645; baseline 0.003 -3"><span class='ocrx_word' id='word_1_342' title='bbox 221 4585 587 4644; x_wconf 72' lang='grc' dir='ltr'>πιστεύσωσιν</span> <span class='ocrx_word' id='word_1_343' title='bbox 613 4588 709 4644; x_wconf 85' lang='lat' dir='ltr'>Ht.</span> <span class='ocrx_word' id='word_1_344' title='bbox 737 4589 839 4645; x_wconf 84' lang='lat' dir='ltr'>Ed.</span> 
     </span>
    </p>
   </div>
  </div>
 </body>
</html>
