3238 5158
627 345 714 407 32
1237 344 1315 411 Β.
1363 344 1783 411 CYRILLI
1843 344 2452 411 ALEXANDR.-
2771 364 2905 406 vm
2932 338 3044 408 28.

630 513 777 587 τῶν
821 508 1281 591 ἐνοικούντων
1331 508 1556 611 αὐτὴν
1600 509 1768 594 τούς
1822 544 1901 590 τε
1957 506 2695 618 ἐξανδραποδισμοῦς,
2738 508 2856 586 καὶ
2903 502 3048 604 τὴν

571 663 609 707 c
632 630 1010 732 ὠμοτάτην
1047 632 1376 739 σφαγὴν,
1416 636 1535 714 καὶ
1572 632 1738 719 τοῦς
1774 635 1849 714 ἐν
1886 632 2164 740 ἑκάστῃ
2216 632 2431 715 πόλει
2480 627 2758 731 λιμοῦς,
2793 627 2925 712 τάς
2958 662 3048 708 τε

629 757 706 834 ἐν
743 757 986 840 αὐταῖς
1023 759 1520 865 τεκνοφαγίας,
1559 762 1839 862 ἱστορεῖ
1867 762 1985 839 καὶ
2021 759 2380 859 Ἰώσηπος
2416 760 2493 836 ἐν
2526 757 2801 839 οἰκείοις
2841 786 3041 855 συγ-

629 880 1038 982 γράμμασι.
1118 881 1273 962 ’έταν
1319 881 1466 977 οὖν,
1508 886 1719 986 φησὶ,
1757 887 2054 990 σταυρῷ
2106 879 2547 986 παραδόντες
2602 881 2708 959 τὶν
2754 877 2880 958 υἱὶν
2923 878 3046 956 τοῦ

629 1001 963 1110 ἀνθρώπου
1017 1002 1150 1103 τὴν
1204 1005 1635 1108 ἀντίῤῥοπον
1689 1007 2109 1106 ὑπομείνητε
2167 1005 2508 1102 κόλασιν,
2564 1005 2681 1083 καὶ
2734 1007 2882 1081 τῶν
2937 1005 3041 1084 εἷς
3073 1027 3114 1085 5

631 1124 752 1225 ε’μὲ
788 1126 1276 1227 τολμημάτων
1313 1127 1809 1227 ἶσοστάθμους
1858 1129 2320 1228 ἀντεκτίσητε
2371 1130 2598 1225 δίκας,
2640 1127 2782 1206 τότε
2817 1126 3036 1205 κλαί-

632 1284 831 1335 οντες
866 1250 1197 1353 γνῶσεσ-θε
1234 1250 1328 1331 ’ὅτι
1368 1253 1507 1354 ἐγώ
1545 1260 1683 1357 εἰμι
1735 1254 1776 1333 5
1826 1252 2066 1333 πάντα
2104 1251 2399 1358 ἰσχύων,
2439 1248 2775 1350 δηλονότι
2816 1247 3031 1333 Θεός.

633 1380 691 1452 εἰ
738 1372 880 1478 γὰρ
925 1376 1312 1478 στρουθίον
1349 1375 1424 1455 ἓν
1461 1378 1652 1456 ἀθεεὶ
1698 1374 1883 1479 πρὸς
1932 1376 2204 1478 παγίδα
2250 1384 2377 1456 τοῦ
2431 1374 2852 1476 θηρεύοντος
2907 1373 3046 1453 οὐκ

631 1497 1074 1600 εἶσβήσεται,
1110 1505 1267 1583 πῶς
1305 1500 1376 1577 δ’
1419 1496 1510 1580 ἂν
1547 1497 1689 1600 ὅλη
1725 1498 1953 1605 χώρα,
1991 1502 2202 1606 φησὶ,
2240 1501 2358 1579 καὶ
2395 1499 2596 1583 ἔθνος
2631 1495 2718 1578 τὸ
2750 1497 3046 1598 ἠγαπη-

628 1622 867 1721 μένον,
937 1621 1123 1724 πρὸς
1197 1621 1503 1725 ὄλεθρον
1573 1624 1800 1707 οὕτως
1875 1628 2223 1720 βαδιεῖται
2293 1625 2637 1721 παντελῆ,
2700 1618 2802 1720 μὴ
2876 1621 3043 1725 οὐχὶ
3077 1653 3148 1693 10

629 1745 918 1829 πάντως
982 1753 1197 1826 τοῦτο
1262 1745 1602 1849 γενέσθαι
1669 1746 2244 1831 κατανεύσαντος
2307 1753 2436 1827 τοῦ
2498 1744 2791 1826 πάντων
2855 1777 3042 1844 κρα-

563 1876 608 1941 d
629 1878 924 1954 τοῦντος
961 1876 1200 1969 Θεοῦ,
1263 1868 1483 1951 κακὸν
1520 1871 1646 1950 οὖν
1682 1869 1824 1976 ἄρα
1873 1873 1989 1951 καὶ
2038 1869 2417 1952 πάνδεινον
2461 1869 2506 1969 ἡ
2559 1875 2752 1948 Θεοῦ
2803 1901 3035 1947 κατα-

633 1991 990 2101 φρόνησις
1064 1998 1160 2078 εἶς
1233 1994 1455 2096 πέρας
1528 1995 1818 2096 ἄγουσα
1887 2000 2034 2074 τῶν
2107 1994 2501 2074 ἀπεύκτων.
2619 1991 2728 2071 διὸ
2802 1992 2922 2071 καὶ
2996 1994 3044 2071 5

295 2104 447 2232 {⁰3⁰⁰
472 2102 529 2153 ἤ·
635 2115 935 2201 Παῦλός
992 2151 1190 2198 τισιν
1247 2116 1667 2218 ἐπιπλήττει
1729 2117 1970 2219 λέγων
2025 2119 2121 2202 ὡς
2183 2119 2347 2220 περὶ
2411 2123 2602 2196 Θεοῦ
2658 2127 2700 2164 “
2725 2111 2837 2195 Ἢ
2906 2122 3044 2194 τοῦ

336 2269 347 2276 ·
633 2249 678 2287 “
711 2240 1035 2321 πλούτου
1089 2245 1216 2342 τῆς
1266 2238 1763 2346 χρηστότητος
1812 2242 2030 2321 αὐτοῦ
2073 2244 2191 2321 καὶ
2242 2244 2368 2340 τῆς
2423 2244 2686 2344 ἀνοχῆς
2736 2242 2854 2320 καὶ
2909 2240 3043 2338 τῆς
3071 2265 3139 2325 ¹5

633 2374 676 2410 “
715 2366 1202 2468 μακροθυμίας
1259 2366 1478 2445 αὐτοῦ
1533 2369 2025 2471 καταφρονεῖς,
2071 2366 2356 2466 ἀγνοῶν
2405 2363 2516 2444 ὅτι
2568 2361 2653 2443 τὸ
2707 2359 3044 2467 χρηστὸν

634 2497 679 2534 “
717 2497 845 2567 τοῦ
882 2493 1074 2569 Θεοῦ
1119 2492 1217 2573 εἰς
1266 2486 1650 2588 μετάνοιάν
1667 2522 1775 2569 ’σε
1822 2487 2003 2591 ἄγει,
2042 2487 2226 2568 κατὰ
2276 2487 2351 2568 δὲ
2399 2486 2533 2588 τὴν
2567 2482 3048 2589 σκληρότητά

636 2620 680 2660 “
715 2644 859 2693 σου
908 2614 1025 2693 καὶ
1075 2611 1559 2714 ἀμετανόητον
1610 2614 1932 2718 καρδίαν,
1969 2611 2419 2718 θησαυρίζεις
2473 2615 2757 2717 σεαυτῷ
2812 2608 3047 2714 ὀργὴν

633 2745 679 2784 ‘⁴
714 2738 791 2815 ἐν
825 2735 1052 2844 ἡμέρᾳ
1088 2737 1380 2841 ὄργῆε-”

1465 2963 1746 3012 ΑΛΛΩΣ
1804 2964 1905 3012 ‘ro
1967 2963 2204 3012 Αγτο.
3067 2972 3134 3015 20

575 3051 611 3096 θ
3027 3060 3036 3067 .

752 3121 1099 3230 Μακροῦς
1171 3122 1532 3205 διετέλεσε
1602 3120 1908 3230 χρόνους
1979 3130 2127 3209 τοῖς
2187 3120 2553 3207 Ἰουδαίοις
2614 3121 3045 3201 συνδιαιτώ-

635 3283 848 3347 μενος
888 3251 929 3328 ὁ
968 3248 1313 3352 Χριστὸς,
1353 3251 1470 3328 καὶ
1521 3245 1707 3328 κατὰ
1751 3254 2023 3346 πᾶσαν,
2061 3251 2158 3333 ὡς
2201 3246 2369 3331 ἔπος
2413 3251 2650 3343 εἰπεῖν,
2687 3279 3038 3348 συναγω-

635 3369 778 3473 γὴν
812 3377 1287 3474 προσλαλῶν,
1327 3374 1445 3451 καὶ
1493 3375 1570 3452 ἐν
1613 3375 1833 3454 παντὶ
1882 3373 2247 3480 σαββάτῳ
2295 3369 3041 3476 προσδιαλεγόμενος,

637 3498 756 3574 καὶ
809 3493 1109 3594 μάθημα
1164 3492 1525 3580 πολλάκις
1580 3497 1820 3581 αὐτοῖς
1873 3495 2210 3602 ἀφθόνως
2267 3498 2609 3599 παραθεὶς
2667 3493 2752 3573 τὸ
2818 3503 3044 3575 λυσι-

636 3625 920 3712 τελοῦν,
979 3616 1216 3699 ἐκάλει
1272 3624 1564 3723 συχνῶς
1616 3618 1800 3724 πρὸς
1854 3617 1983 3700 τὸν
2038 3619 2156 3699 διὰ
2214 3627 2344 3699 τοῦ
2401 3617 2822 3716 Πνεύματος
2883 3624 3044 3725 φω-
3069 3640 3134 3703 ²5

635 3740 927 3843 τισμόν·
1020 3747 1137 3824 καὶ
1204 3739 1292 3843 δὴ
1362 3745 1481 3822 καὶ
1544 3742 1885 3848 ἔφασκεν,
1942 3740 2067 3824 ἅτε
2129 3740 2217 3844 δὴ
2275 3750 2394 3824 καὶ
2450 3741 2637 3826 Θεὸς
2696 3741 3046 3847 ὑπάρχων
3201 3726 3202 3739 ¹

301 3894 425 3950 518
444 3890 528 3948 Δ.
575 3905 613 3946 ο,
638 3866 822 3947 κατὰ
858 3869 1087 3975 φύσιν
1123 3871 1239 3948 καὶ
1275 3866 1618 3969 ἀληθινός
1657 3877 1701 3915 “
1727 3867 1925 3971 Ἐγώ
1977 3873 2119 3966 εἶμι
2166 3866 2252 3948 τὸ
2304 3874 2462 3974 φῶς
2509 3875 2638 3948 τοῦ
2683 3865 3043 3965 κόσμου·”

299 3969 503 4084 ῗὲἕῗ,,
635 3990 1124 4096 ἀντέπραττον
1180 3990 1254 4072 δὲ
1317 3999 1546 4071 ταῦτα
1608 3991 1897 4095 λε’γοντι
1958 3997 2391 4098 φρονοῦντες
2453 3990 3047 4094 παραλογώτατα

300 4134 480 4199 Ib·1³·
636 4126 682 4163 “
722 4114 829 4195 Σὺ
876 4115 1041 4221 γὰρ,
1081 4118 1299 4225 φησὶ,
1338 4118 1504 4218 περὶ
1556 4122 1870 4195 σεαυτοῦ
1917 4121 2320 4219 μαρτυρεῖς·
2389 4114 2435 4215 ἡ
2488 4114 2842 4218 μαρτυρία
2896 4148 3046 4195 σου

637 4250 681 4288 “
717 4240 846 4320 οὐκ
900 4239 1102 4320 ἔστιν
1143 4236 1492 4339 ἀληθής.”
1571 4243 1690 4320 καὶ
1745 4240 1829 4320 ού
1882 4240 2092 4344 μέχρι
2142 4245 2288 4319 τῶν
2341 4240 2417 4319 ἐν
2464 4238 2786 4344 ῥήμασιν
2832 4240 3038 4319 ἀντι-
3066 4255 3133 4315 30
3197 4254 3198 4325 ἢ

706 4459 760 4515 3.
794 4444 969 4500 αὐτοῖς
994 4443 1072 4497 Μ’
1154 4459 1202 4498 ο.
1337 4442 1700 4515 τεκνοφαγίας
1727 4443 1792 4499 Β.
1817 4442 2122 4498 emendavit
2148 4442 2331 4497 Holet.
2605 4440 2658 4495 6.
2697 4440 2970 4500 κλαίοντες
2996 4440 3043 4496 B

637 4512 902 4586 [κλέοντες
928 4513 1063 4569 Cod.
1098 4554 1111 4567 .
1136 4530 1185 4570 a.
1207 4512 1493 4579 βλέποντες
1520 4514 1618 4569 Ht.
1647 4513 1751 4569 Ed.
1922 4515 1974 4569 8.
2012 4513 2154 4569 ἀθεεὶ
2180 4512 2247 4567 Β.
2271 4512 2404 4569 ὦθὲν
2431 4511 2529 4568 Ht.
2549 4510 2653 4568 Ed.
2825 4528 2913 4585 13.
2949 4512 3044 4569 πέ-

634 4583 757 4658 ρας]
789 4593 849 4650 -Ι-
880 4588 1017 4640 Θεοῦ
1095 4626 1109 4642 .
1330 4600 1411 4652 14.
1449 4585 1518 4642 ὣς
1538 4585 1660 4655 περὶ
1687 4587 1821 4640 Θεοῦ
1845 4603 1954 4640 om.
1978 4584 2123 4641 Aub.
