3238 5158
216 297 479 367 xiv.11.
586 302 695 367 IN
756 302 824 368 S.
872 304 1411 421 JOANNEM3
1482 305 1679 371 LIB.
1726 305 1849 373 IX.
1939 306 2144 373 OAP.
2193 306 2251 371 Ι.
2489 301 2620 365 437

231 464 261 493 Α

220 501 270 546 α
342 471 461 548 καὶ
532 468 918 554 ἀκινδύνως
989 505 1068 552 τε
1140 474 1259 551 καὶ
1341 473 1634 571 ἀληθῶς
1722 471 2180 576 περιέχεσθαι
2258 469 2615 569 δώσομεν*
2649 478 2693 542 d

219 589 530 687 σώματα
567 592 732 696 γὰρ,
771 601 831 674 εἶ
867 599 984 675 καὶ
1018 593 1122 696 μὴ
1160 602 1454 676 τοιαῦτα
1489 594 1711 700 τυχὸν
1745 597 1961 677 ὁποῖα
1995 594 2089 676 τὰ
2121 593 2453 697 ἡμέτερα.

320 712 625 797 ’Έπεισι
660 717 750 797 δέ
773 753 896 817 μοι
934 723 1212 800 κάκεῖνο
1243 719 1428 825 πρὸς
1465 719 1746 805 τούτοις
1780 722 2066 800 ἐννοεῖν.
2127 724 2186 798 εἰ
2223 715 2368 821 γὰρ
2404 717 2627 818 ἀναγ-

222 845 427 919 καῖον
497 836 682 922 εἷναί
748 849 988 948 φαμεν
1051 841 1137 924 τὸ
1212 843 1352 925 ὑπό
1425 879 1554 926 του
1626 841 2216 948 περιειλημμένον
2288 840 2463 921 εἵσω
2538 837 2630 938 δὴ

150 979 197 1042 5
225 971 505 1046 κεῖσθαι
539 966 828 1052 πάντως
865 975 993 1048 τοῦ
1029 966 1379 1072 περιέχειν
1407 966 1583 1047 αὐτὸ
1618 966 2028 1071 λεγομένου,
2049 974 2206 1051 πῶς
2237 967 2367 1045 ούκ
2404 967 2632 1061 ἀναμ-

222 1089 554 1195 φιλόγως
604 1091 858 1196 ’ἕψεται
900 1090 987 1170 τὸ
1031 1093 1105 1170 ἐν
1142 1088 1527 1171 ἐλάττοσιν
1561 1088 1740 1172 εἶναι
1786 1099 1972 1171 νοεῖν
2009 1101 2138 1171 τοῦ
2181 1088 2632 1194 περιέχοντος

225 1209 311 1293 τὸ
360 1213 883 1318 περιεχόμενον,
922 1217 1040 1295 καὶ
1079 1222 1635 1318 πεπερατῶσθαι
1677 1216 1917 1319 λέγειν
1963 1213 2159 1313 αὐτὸ,
2205 1209 2622 1294 κατακλειό-

226 1371 441 1436 μενον
485 1334 738 1441 ὥσπερ
791 1346 884 1444 τῇ
931 1347 1063 1419 τοῦ
1108 1338 1423 1441 μείζονος
1471 1345 1822 1444 περιοχῇ;
1887 1340 1966 1420 τί
2008 1340 2134 1418 οὖν
2176 1335 2235 1418 ὦ
2285 1336 2632 1433 βέλτιστε

227 1460 456 1541 πάλιν
492 1464 716 1566 ἐρεΐς;
779 1462 935 1543 ἰδοῦ
985 1462 1132 1567 γὰρ
1180 1464 1416 1544 εἰκόνα
1470 1471 1599 1543 τοῦ
1638 1468 1832 1543 Θεοῦ
1875 1467 1993 1543 καὶ
2032 1460 2325 1563 Πατρός
2380 1458 2633 1541 ἑαυτὸν
2657 1485 2692 1529 θ

119 1612 205 1656 10
231 1589 572 1686 παραθεὶς
619 1591 737 1669 καὶ
786 1589 1172 1693 διαῤῥήδην
1209 1587 1428 1669 εἰπών
1465 1599 1508 1636 “
1535 1590 1632 1667 ‘O
1672 1587 1999 1692 ἑωρακὼς
2036 1586 2156 1686 ἐμὲ
2192 1587 2457 1689 ἑώρακε
2503 1582 2633 1665 τὸν
2723 1574 2906 1707 ἓξὲξ.

235 1718 279 1755 “
320 1709 672 1812 Πατερα,”
715 1715 831 1792 καὶ
877 1711 1105 1792 πάλιν
1142 1713 1526 1813 ἐπήνεγκεν
1569 1710 1774 1795 εὐθύς
1811 1721 1855 1758 “
1884 1709 2087 1812 Ἐγὼ
2134 1712 2211 1789 ἐν
2247 1714 2351 1817 τῷ
2396 1711 2635 1812 Πατρὶ
2724 1723 2805 1774 Ib-
2828 1737 2907 1775 ¹0·

234 1843 280 1881 ‘⁶
314 1836 432 1912 καὶ
482 1835 523 1912 5
562 1834 821 1938 Πατὴρ
873 1835 949 1915 δέ
994 1837 1071 1916 ἐν
1106 1834 1269 1935 ἐμοί
1308 1836 1579 1916 ἐστιν·”
1650 1840 1711 1914 εὶ
1763 1834 1910 1937 γὰρ
1960 1830 2171 1914 τοῦτό
2224 1842 2413 1939 φησι
2468 1833 2631 1913 καθ’

233 1958 433 2057 ὑμᾶς,
473 1957 585 2038 ὅτι
635 1960 864 2040 καίτοι
913 1957 1283 2064 χαρακτὴρ
1336 1961 1455 2040 καὶ
1502 1959 1707 2039 εἰκὼν
1744 1959 2088 2064 ὑπάρχων
2125 1966 2256 2038 τοῦ
2291 1991 2631 2061 γεγεννη-

231 2080 461 2181 κότος,
527 2084 893 2168 οὐσιωδῶς
970 2086 1086 2165 ὑπ’
1152 2084 1372 2163 αὐτοῦ
1433 2083 1872 2188 περιέχομαι,
1931 2089 2084 2166 πῶς
2160 2082 2293 2186 οὐχ
2363 2081 2640 2162 ἅπασιν

122 2221 207 2285 15
236 2208 765 2311 ἀναμφίλογον,
831 2207 941 2288 ὅτι
1017 2209 1349 2292 τοιαύτας
1423 2206 1608 2306 ἡμᾶς
1682 2208 1951 2290 ἐννοίας
2026 2205 2212 2311 ἔχειν
2277 2209 2436 2308 περὶ
2509 2214 2640 2285 τοῦ

238 2328 531 2432 Πατρὸς
584 2331 949 2430 βούλεται,
1006 2332 1262 2413 ὁποίαν
1314 2366 1451 2433 περ
1507 2328 1598 2410 ἂν
1654 2329 2008 2430 λάβοιμεν
2063 2330 2181 2408 καὶ
2236 2330 2343 2410 ἐπ’
2398 2330 2636 2436 αὑτῷς

233 2460 791 2557 πεπερατῶσθαι
843 2463 1222 2559 τοιγαροῦν
1267 2454 1544 2557 ἀνάγκη
1600 2457 1717 2534 καὶ
1769 2454 1895 2534 τὸν
1936 2452 2251 2557 Πατέρα,
2290 2452 2448 2532 ἔστι
2495 2451 2640 2556 γὰρ
2664 2482 2700 2523 a
2734 2467 2870 2526 ’188
2891 2464 2971 2520 A·

234 2578 312 2657 ἐν
345 2583 525 2687 Υὶῷ·
588 2584 704 2661 καὶ
742 2577 1029 2683 ζητείτω
1068 2581 1326 2661 λοιπὸν
1364 2583 1404 2660 5
1441 2578 1811 2684 αὶρετικὸς,
1850 2581 1956 2663 τίς
2006 2579 2047 2658 5
2099 2576 2357 2680 μείζων
2395 2578 2636 2658 αὐτοῦ·

238 2703 390 2800 ἐμοὶ
447 2703 595 2807 γὰρ
650 2706 733 2784 οὐ
789 2706 988 2806 θέμις
1043 2711 1261 2785 εἰπεῖν
1307 2702 1352 2805 ἢ
1410 2712 1619 2785 νοεῖν.
1708 2705 1793 2784 ού
1847 2702 1995 2807 γὰρ
2050 2703 2187 2782 ἀνὰ
2242 2703 2458 2805 μέρος
2511 2700 2643 2800 μὲν

126 2848 215 2889 20
244 2825 451 2906 εἰκὼν
485 2826 693 2907 ἔσται
729 2837 858 2908 τοῦ
899 2827 1189 2931 Πατρός
1227 2830 1268 2908 5
1304 2827 1502 2922 Υἱὸς,
1543 2827 1681 2908 ἀνὰ
1715 2829 1930 2931 μέρος
1967 2826 2043 2907 δὲ
2081 2826 2329 2906 οὐκετι.
2408 2832 2468 2906 εἰ
2500 2824 2645 2928 γὰρ

244 2949 435 3034 ὅλως
484 2950 628 3056 ἔχει
677 2987 747 3032 τι
799 2951 885 3032 τὸ
933 2952 1456 3056 παραλλάττον
1491 2958 1609 3033 καὶ
1657 2959 2130 3052 μεσολαβοῦν
2165 2951 2297 3050 τὴν
2333 2950 2645 3031 εἱσάπαν

245 3075 615 3173 ὁμοίωσιν,
653 3078 868 3178 μέρος
905 3074 995 3157 ἂν
1030 3077 1134 3176 εἴη
1179 3075 1462 3174 λοιπὸν,
1502 3078 1637 3181 οὐχ
1688 3075 2093 3178 ὁλόκληρος
2144 3074 2369 3157 εἰκών.
2446 3072 2647 3154 ἀλλά

243 3207 387 3279 ποῦ
438 3209 652 3280 τοῦτο
704 3201 968 3308 δείξαις
1019 3201 1109 3281 ἀν
1144 3200 1277 3300 τὴν
1314 3201 1526 3303 ἁγίαν
1563 3201 1932 3302 λέγουσαν
1967 3199 2307 3305 γραφήν;
2371 3200 2455 3279 οὐ
2503 3197 2649 3301 γὰρ

246 3323 476 3423 δήπου
550 3333 698 3409 τοῖς
772 3333 933 3410 σοῖς
1005 3324 1607 3422 ἀναπεπεισμένοι
1684 3321 1956 3425 λόγοις,
2021 3323 2154 3422 τὴν
2224 3330 2371 3403 τῶν
2446 3329 2651 3426 ἱερῶν

131 3456 219 3519 ²5
248 3446 628 3549 δογμάτων
688 3448 1047 3553 ὀρθότητα
1116 3446 1633 3553 παρωσόμεθα.
1740 3448 2077 3551 θαυμάζω
2153 3446 2231 3527 δὲ
2300 3446 2496 3531 ὅπως
2568 3447 2652 3526 οὐ
2673 3458 2718 3524 b

248 3574 667 3653 κατέδεισαν
739 3577 853 3655 ἐπὶ
927 3572 1203 3656 τούτοις
1276 3580 1494 3653 εἰπεῖν
1550 3634 1593 3670 ,,
1629 3572 1981 3675 Καθάπερ
2048 3573 2090 3652 5
2161 3577 2460 3655 Παῦλος
2525 3569 2653 3652 τὸν

246 3755 292 3793 ,,
328 3695 659 3797 Χριστὸν
716 3695 904 3802 εἶχεν
963 3699 1040 3777 ἐν
1099 3699 1327 3803 ἑαυτῷ
1399 3705 1774 3778 λαλοῦντα
1840 3702 1956 3776 καὶ
2031 3698 2458 3799 ἐνεργοῦντα
2524 3693 2654 3778 τὰς
2743 3685 2914 3812 {23⁰}

249 3879 293 3917 ,,
331 3819 680 3919 δυνάμεις,
735 3821 865 3902 τὸν
920 3818 1138 3901 αὐτὸν
1194 3816 1282 3919 δὴ
1337 3818 1610 3922 τρόπον
1666 3822 1786 3900 καὶ
1844 3821 1885 3899 5
1940 3818 2118 3903 Υἱὸς
2176 3817 2305 3897 τὸν
2362 3817 2656 3921 Πατέρα

249 4003 296 4038 ,,
334 3953 703 4024 λαλοῦντα
739 3948 856 4024 καὶ
891 3943 983 4025 τὰ
1016 3952 1286 4044 σημεῖα
1321 3952 1665 4025 ποιοῦντα
1702 3940 1887 4048 εἶχεν
1914 3946 1989 4023 ἐν
2020 3944 2273 4049 ἐαυτῷ·
2318 3940 2428 4021 διό
2468 3949 2659 4046 φησι

140 4103 224 4164 30
251 4126 296 4167 ,,
336 4068 746 4164 Πιστεύετε,
786 4068 895 4147 ὅτι
945 4068 1087 4171 ἐγὼ
1137 4071 1215 4147 ἐν
1250 4072 1354 4175 τῷ
1394 4070 1632 4170 Πατρὶ
1683 4071 1800 4147 καὶ
1849 4069 1889 4147 5
1929 4064 2186 4169 Πατὴρ
2238 4065 2313 4145 δὲ
2364 4069 2441 4145 ἐν
2475 4064 2653 4164 ἐμοί·

251 4253 297 4291 ,,
336 4198 388 4271 εἰ
464 4187 535 4271 δὲ
602 4189 721 4297 μὴ,
799 4187 916 4272 ὃιέι
990 4190 1084 4273 re}
1159 4193 1331 4298 ἔργα
1405 4191 1588 4272 abre}
1652 4188 2074 4271 meredm‘ss‘
2170 4187 2321 4269 εἶτα
2383 4193 2493 4272 τίς
2558 4189 2661 4268 ἔτι

335 4482 420 4522 12.
459 4464 516 4519 δι’
542 4481 651 4518 om.
679 4462 746 4519 E.
936 4464 1019 4517 16.
1055 4464 1216 4525 λάβοι
1238 4463 1334 4533 μέν
1360 4461 1426 4517 Ε.
1608 4477 1696 4532 23.
1733 4459 1954 4532 λέγουσι
1981 4460 2046 4514 Ε.
2240 4476 2326 4529 31.
2363 4455 2660 4528 πιστεύετε]

262 4544 321 4602 4-
350 4559 439 4606 μοι
466 4533 570 4590 Ed.
597 4534 766 4589 invito
791 4532 856 4587 E.
882 4532 954 4588 cf.
979 4550 1159 4604 supra.
