3238 5158
251 349 386 419 xiii.
419 347 520 419 18.
833 350 948 420 IN
1007 355 1075 422 S.
1123 353 1638 421 JOANNEM.
1731 355 1919 422 LIB.
1968 350 2090 423 IX.
2528 356 2660 422 85⁷

251 515 492 625 γραφη
555 517 861 637 πληρωθῇ
912 519 1002 601 Ὁ
1061 518 1280 601 ἐσθίων
1334 557 1467 626 μου
1525 523 1632 602 τὶν
1686 520 1875 630 ἄρτον
1930 519 2151 630 ἐπῆρεν
2205 523 2313 602 ἐπ’
2367 517 2489 624 ἐμὲ
2553 516 2662 613 riv
2686 550 2724 596 e

252 638 525 746 πτέρναν
588 647 807 742 αὐτοῦ’,
868 643 1025 744 ἤτοι
1089 643 1483 747 ἐμεγάλυνε
1555 644 2026 752 πτερνισμὸν,
2088 642 2272 725 κατὰ
2335 641 2468 744 τὴν
2531 650 2662 723 τοῦ

252 765 681 869 ψάλλοντος
719 765 994 873 φωνήν·
1060 764 1267 868 οἶμαί
1292 802 1362 849 τι
1397 778 1724 851 τοιοῦτον
1759 771 2190 871 ὑποδηλοῦν.
2248 767 2662 867 ἐκδοθείσης·

253 888 424 986 ἡμῖν
471 898 856 995 τοιγαροῦν
905 893 980 971 ἐν
1030 891 1312 977 τούτοις
1366 895 1662 997 θεωρίας
1717 897 2004 994 διπλῆς,
2040 889 2474 994 δοκιμαζέτω
2528 888 2662 990 τὴν

183 1023 228 1085 5
254 1013 518 1111 ἀμείνω
556 1017 675 1095 καὶ
709 1017 1002 1116 ἀληθῶς
1040 1014 1357 1122 ἔχουσαν
1394 1019 1435 1097 ὁ
1474 1017 1911 1124 φιλομαθὴς,
1948 1016 2152 1119 πλὴν
2188 1022 2287 1103 εἰς
2319 1013 2406 1097 τὸ
2440 1013 2662 1120 ῥητὸν

253 1135 357 1217 ἔτι
393 1136 743 1239 λέγωμεν,
779 1138 908 1220 τὸν
942 1146 1092 1220 τῶν
1128 1141 1659 1247 ἁπλουστέρων
1695 1139 2263 1251 ἁσφαλιζόμενοι
2301 1149 2490 1222 νοῦν.

363 1262 904 1368 Ἐπαπορήσειε
960 1263 1105 1367 γὰρ
1153 1263 1244 1343 ἄν
1288 1299 1397 1349 τις
1446 1268 1523 1346 ἐν
1566 1267 1847 1352 τούτοις
1902 1264 2088 1347 κατὰ
2143 1267 2272 1347 δύο
2321 1264 2655 1369 τρόπους.

253 1389 372 1466 καὶ
427 1394 718 1492 πρῶτον
772 1386 903 1487 μὲν
958 1388 1128 1489 ἡμῖν
1183 1387 1586 1490 ὑπαντήσει
1646 1390 1888 1493 λέγων
1946 1395 2038 1471 Εἰ
2099 1390 2343 1471 πάντα
2409 1387 2662 1469 εἰδέναι

252 1511 585 1615 Χριστὸν
638 1509 1095 1611 πιστεύομεν,
1137 1512 1217 1593 τί
1264 1512 1391 1593 τὸν
1426 1513 1710 1595 Ἰούδαν
1758 1511 2167 1623 ἐξελέξατο,
2211 1518 2332 1594 καὶ
2386 1513 2465 1593 τί
2511 1519 2660 1596 τοῖς
2686 1545 2723 1588 a
2762 1534 2896 1593 ’130
2915 1533 3001 1589 Δ.

145 1653 229 1697 10
254 1634 515 1738 ἑτέροις
580 1635 868 1744 ἀνέμιξε
931 1642 1304 1737 μαθηταῖς,
1360 1638 1489 1718 οὐκ
1551 1638 1944 1742 ἀγνοήσας,
1999 1637 2112 1719 ὅτι
2171 1641 2289 1719 καὶ
2348 1634 2662 1741 προδοὺς

254 1758 644 1858 ἁλώσεται,
683 1762 801 1840 καὶ
850 1766 997 1840 τῶν
1031 1764 1159 1860 τῆς
1198 1761 1698 1867 φιλοκερδείας
1733 1761 1910 1843 εἵσω
1947 1769 2275 1843 πεσεῖται
2305 1760 2651 1866 βρόχων·
2630 1821 2652 1857 ,

251 1884 398 1986 ἐρεῖ
437 1881 515 1964 δὲ
564 1917 748 1987 προς
796 1883 1072 1968 τούτοις
1111 1889 1206 1965 Ει
1249 1883 1327 1965 δε
1369 1885 1488 1966 δια
1534 1894 1749 1967 τοῦτο
1784 1924 1892 1981 την
1928 1885 2211 1994 πτέρναν
2245 1884 2440 1993 ἐπῆρε
2475 1882 2662 1966 κατὰ

252 2012 607 2113 Χριστοῦ,
661 2006 986 2111 καθάπερ
1040 2012 1275 2116 φησὶν
1329 2009 1562 2109 αὐτὸς,
1606 2011 1722 2094 ἵνα
1772 2009 2073 2125 πληρωθῇ
2128 2015 2164 2105 ἦ
2216 2008 2477 2119 γραφη,
2531 2009 2661 2090 οὐκ

254 2132 468 2217 αὐτος
505 2130 597 2212 ἂν
631 2140 868 2213 νοοῖτο
902 2139 1034 2213 τοῦ
1069 2132 1454 2236 γεγονότος
1491 2135 1831 2234 υπαίτιος,
1860 2133 2031 2215 ἀλλ’
2068 2136 2114 2236 ἡ
2150 2133 2660 2238 ἀναγκάῷυσα

151 2270 227 2332 15
255 2254 552 2356 δύναμις
584 2263 1054 2360 πληροῦσθαι
1089 2255 1223 2358 τὴν
1257 2258 1574 2367 γραφήν.

368 2387 512 2462 Δεῖ
552 2380 629 2462 δὲ
683 2382 868 2482 ἡμᾶς
914 2379 1101 2532 πρὸς
1150 2382 1427 2463 ἕκαστα
1476 2390 1624 2464 τῶν
1661 2385 2046 2487 εἰρημένων
2083 2383 2660 2465 ἀντανίστασθαι

255 2511 563 2610 γοργῶς,
610 2508 728 2587 καὶ
782 2504 916 2606 τὴν
970 2506 1279 2617 ἑκατέρω
1333 2508 1760 2611 πρέπουσαν
1813 2507 2217 2613 ἀπολογίαν
2270 2512 2420 2592 τοῖς
2474 2505 2661 2587 κατὰ

256 2632 555 2729 δύναμιν
619 2629 971 2738 ἐξυφᾶναι
1046 2639 1455 2734 λογισμοῖς,
1517 2666 1701 2734 προς
1775 2631 2157 2733 οἰκοδομὴν
2221 2633 2339 2713 καὶ
2411 2630 2645 2731 παρά·
2681 2636 2727 2702 b

257 2764 529 2855 κλησιν
564 2761 710 2836 τῶν
752 2788 882 2835 ουκ
935 2744 1437 2859 ἐπαρκούντων
1481 2754 1758 2836 οἴκοθεν
1806 2759 2078 2863 σφίσιν
2127 2755 2367 2838 αὐτοῖς
2420 2759 2519 2839 εἷς
2573 2753 2659 2834 τὸ

150 2892 233 2935 ⁰⁰
258 2876 617 2960 δύνασθαι
682 2886 869 2960 νοεῖν
930 2878 1025 2959 τὰ
1089 2881 1165 2959 ἐν
1228 2885 1318 2984 τῇ
1382 2880 1539 2987 θεία
1601 2884 1880 2988 γραφῇ.
1993 2879 2111 2959 καὶ
2173 2885 2466 2983 πρῶτον
2528 2877 2662 2977 μὲν

256 3001 477 3082 ἐκεῖνό
531 3010 795 3111 φαμεν,
845 3006 942 3088 ὡς
997 3036 1057 3082 ει
1113 3001 1510 3104 μέλλοιμεν
1552 3006 1664 3112 ἐφ’
1714 3002 2003 3113 ἑκάστῳ
2058 3010 2204 3085 τῶν
2254 2999 2660 3106 γεγονότων

254 3159 458 3229 παρα
482 3131 676 3208 Θεοῦ
709 3134 858 3211 τοῖς
893 3126 1240 3212 τοιούτοις
1276 3130 1821 3234 ἀποκεχρῆσθαι
1857 3127 2127 3233 λόγοις,
2155 3125 2660 3233 καταλήξομεν

255 3250 585 3351 οὐδαμῶς
653 3253 1111 3352 ἐπιτιμῶντες
1174 3257 1278 3360 τῷ
1343 3258 1631 3359 ποιητῇ,
1693 3250 2355 3357 διαλοιδορούμενοί
2413 3283 2491 3330 τε
2557 3255 2660 3359 τῷ

254 3371 440 3476 πρὸς
489 3408 575 3455 το
625 3371 802 3455 εἶναι
854 3409 949 3456 τα
1004 3408 1132 3455 ουκ
1180 3373 1355 3456 ὄντα
1404 3384 1748 3457 καλοῦντι
1783 3382 1971 3484 Θεῷ,
2009 3410 2128 3456 και
2178 3374 2312 3475 τὴν
2346 3375 2658 3478 ἄμετρον

150 3511 231 3576 ²5
257 3498 476 3578 αὐτοῦ
512 3498 1070 3606 φιλανθρωπίαν
1105 3498 1565 3605 διασύροντες
1602 3504 1922 3599 ἀμαθῶς.
2000 3500 2077 3581 τί
2118 3497 2285 3602 γὰρ,
2321 3498 2482 3579 εἶπέ
2507 3532 2654 3598 μοι,

256 3625 377 3701 καὶ
439 3621 713 3727 ἑτέρους
776 3622 1155 3704 διακωλύει
1214 3623 1439 3730 τυχὸν
1499 3624 1894 3727 ἐγκαλέσαι
1960 3624 2309 3728 λέγοντας
2370 3622 2475 3703 Τί
2529 3620 2658 3703 τὸν
2680 3655 2719 3701 ο

259 3743 510 3828 Σαοὺλ
545 3746 899 3855 ἀπελέξω,
933 3749 1052 3828 καὶ
1098 3752 1196 3832 εἷς
1242 3748 1563 3845 βασιλέα
1612 3748 1942 3854 κέχρικας
1990 3750 2107 3829 ἐπὶ
2157 3746 2287 3829 τὸν
2320 3744 2657 3851 Ἰσραὴλ,

255 3868 459 3955 εἰδὼς
496 3868 606 3952 ὅτι
657 3869 948 3958 πάντως
997 3870 1333 3974 ἀθετήσει
1369 3871 1502 3973 τὴν
1536 3871 1793 3978 χάρινς
1854 3877 1968 3953 καὶ
2022 3873 2100 3953 τί
2138 3880 2353 3952 τοῦτο
2401 3870 2597 3973 λέγω
2630 3902 2653 3967 ;

255 3994 706 4096 ἀναβήσεται
748 3993 895 4099 γὰρ
942 4000 1070 4096 τῆς
1123 3998 1351 4081 αἶτίας
1399 3997 1445 4097 ἡ
1493 3998 1869 4106 πρόφασις
1920 3998 2038 4077 ἐπὶ
2086 3992 2214 4076 τὸν
2248 4002 2376 4075 τοῦ
2413 3994 2662 4097 γένους

147 4149 232 4211 3ο
257 4120 696 4223 καθηγητὴν,
730 4121 1125 4217 τουτέστιν,
1161 4117 1429 4221 Ἀδάμ.
1505 4123 1652 4224 ἐρεῖ
1698 4119 1783 4200 δέ
1825 4155 1933 4205 τις
1985 4117 2209 4225 τυχὸν
2250 4125 2396 4199 τῶν
2431 4119 2661 4199 ἐκεῖνα

335 4425 420 4480 13.
455 4429 558 4490 περ
593 4418 931 4481 ammptum
968 4426 1035 4464 ex
1071 4427 1120 4464 a.
1122 4408 1177 4464 b.
1181 4427 1229 4465 c.
1263 4407 1428 4465 Cord.
1539 4406 1732 4463 Statim
1762 4408 1917 4466 αὐτός
1950 4409 2120 4480 φησιν
2141 4407 2356 4464 inverso
2389 4406 2578 4464 ordine
2613 4425 2659 4461 c.

389 4530 635 4600 νοητοΕ.
660 4532 831 4586 νοοῖτο
856 4529 1057 4585 habent
1081 4528 1224 4585 Catt.
1317 4528 1479 4587 αἴτιος
1502 4529 1650 4585 Catt.
1836 4544 1921 4584 22.
1957 4527 2313 4598 καταλήξομεν
2337 4527 2482 4584 Gutt.
2509 4548 2661 4583 κατα-

259 4552 543 4671 λέξομεν
509 4600 612 4655 Ed.
832 4614 918 4671 27.
954 4601 1191 4669 ἅπελέξω
1217 4601 1283 4657 Ε.
1307 4601 1538 4670 ἐπελέξω
1563 4601 1689 4666 Ed„
1714 4599 2020 4656 faventibus
2044 4599 2281 4655 Catenis.
