3238 5158
1489 1212 1976 1289 ΚΕΦΑΛΗ
2066 1212 2152 1287 Γ.

563 1488 759 1558 οὍτι
804 1494 908 1572 τῆς
951 1494 1310 1572 θεοπρεποῦς
1353 1489 1526 1571 δόξης
1568 1491 1676 1556 οὐκ
1723 1492 1929 1556 ἐπιδεᾶ
1977 1490 2274 1572 θεωρῆσαι
2293 1514 2399 1570 ,τις
2442 1488 2519 1553 ἂν
2561 1488 2674 1551 τὸν
2717 1488 2896 1564 Τὶὂν,
2939 1486 3047 1550 κᾶν

995 1612 1332 1693 εὑρίσκηται
1374 1610 1582 1694 λέγειν
1628 1610 1831 1692 Πάτερ
1857 1610 2138 1691 ·ὂόξασον
2180 1609 2285 1676 τὸν
2323 1610 2474 1675 ’Υῑόν
2517 1633 2655 1674 σου.

289 1882 574 1966 Κεφ,ιζ’,
620 1869 837 1938 Ταῦτα
890 1871 1217 1939 ἐλάλησεν
1270 1874 1306 1939 ὁ
1352 1873 1633 1953 Ἰησοῦς,
1689 1872 1793 1938 καὶ
1850 1873 2106 1961 ἐπάρας
2160 1877 2316 1937 τοῦο
2375 1868 2774 1957 ὀφθαλμοὺς
2839 1870 3043 1933 αὑτοῦ

721 1994 815 2060 εἷο
868 1995 983 2064 τὸν
1038 1998 1319 2087 οὐρανὸν
1372 1991 1516 2065 εἶπε
1570 1998 1809 2088 Πάτερ,
1859 1999 2179 2065 ἐλήλυθεν
2231 1998 2271 2062 ἡ
2326 1997 2494 2085 ὧροι·
2573 1994 2869 2064 δόξασόν
2927 2016 3042 2061 σου
3069 2023 3102 2081 5

722 2121 837 2187 τὸν
890 2118 1063 2202 Υἶόν,
1118 2122 1225 2187 ἵνα
1282 2124 1389 2188 καὶ
1443 2126 1479 2190 ὁ
1534 2123 1681 2190 Υἱός
1735 2147 1851 2190 σου
1907 2123 2153 2214 δοξάσῃ
2207 2146 2297 2192 σε.

728 2358 1477 2445 ἈΠΟΧΡΩΝΤΩΣ
1531 2370 1680 2450 τοῖς
1719 2369 2071 2465 μαθηταῖς
2106 2363 2200 2444 τὰ
2235 2367 2332 2448 εἷς
2368 2360 2740 2464 σωτηρίαν
2777 2357 3044 2465 ἐφόδια

622 2484 1152 2590 δωρησάμενος,
1210 2491 1327 2567 καὶ
1383 2495 1529 2572 τοῖς
1585 2485 1984 2591 καθήκουσι
2039 2494 2427 2591 λογισμοῖς
2481 2519 2561 2565 τε
2608 2488 2729 2564 καὶ
2789 2481 3046 2586 λόγοις

288 2636 423 2692 948
446 2632 527 2692 Δ.
563 2646 599 2691 a
619 2616 714 2694 εἰς
789 2611 1306 2716 ἀκριβεστέραν
1380 2619 1526 2693 τῶν
1588 2612 1973 2716 δογμάτων
2035 2612 2401 2713 ἀκονήσας
2474 2608 2858 2715 διάληψιν,
2927 2610 3046 2687 καὶ

621 2734 1091 2836 καταστήσας
1183 2734 1294 2816 ὅτι
1365 2735 1696 2835 μάλιστα
1769 2734 2317 2843 μαχιμωτάτους
2389 2742 2488 2818 εἶς
2557 2736 3042 2835 πειρασμούς,
3075 2769 3140 2812 ιο
3197 2770 3198 2837 3

622 2855 960 2965 φρόνημά
1014 2894 1091 2939 τε
1145 2856 1230 2940 τὸ
1282 2859 1601 2940 νεανικὸν
1645 2861 1722 2940 εὖ
1766 2857 1973 2960 μάλα
2019 2859 2329 2965 ῥιζώσας
2372 2861 2449 2939 ἐν
2489 2855 2803 2965 ἑκάστῳ,
2850 2889 3036 2961 χρη·

621 2984 856 3082 σίμως
908 2983 1340 3083 μεθίστησιν
1395 2980 1599 3067 εὐθὺς
1637 2992 1767 3064 τοῦ
1803 2982 2033 3086 λόγου
2067 2982 2151 3064 τὸ
2189 2987 2466 3090 σχῆμα,
2504 2984 2621 3063 καὶ
2657 2987 2755 3065 εἷς
2793 3014 3040 3083 προσ-

619 3110 832 3211 ευχῆς
883 3107 1304 3189 διαπλάττει
1359 3105 1651 3211 τρόπον·
1732 3107 1981 3188 οὐδένα
2035 3105 2280 3210 καιρὸν
2324 3105 2444 3188 διὰ
2496 3103 2722 3203 μέσου
2779 3112 3048 3210 χωρεῖν

620 3231 1011 3338 ἐπιτρέψας
1058 3235 1188 3330 τῆς
1239 3264 1316 3310 τε
1352 3230 1535 3335 πρὸς
1573 3231 1831 3317 αὐτοὺς
1868 3233 2251 3342 διαλέξεως
2287 3236 2406 3313 καὶ
2449 3235 2577 3332 τῆς
2618 3226 2808 3332 πρὸς
2845 3228 3044 3308 Θεὸν

621 3358 738 3437 καὶ
799 3354 1117 3458 Πατέρα·
1190 3353 1420 3435 τύπον
1478 3355 1648 3454 ἡμῖν
1712 3357 2076 3442 πολιτείας
2135 3355 2393 3465 ἐξόχου
2459 3358 2593 3436 κάν
2654 3353 2896 3461 τούτῳ
2957 3350 3046 3452 δὴ
3074 3390 3132 3431 ι
3104 3408 3134 3446 ³

621 3478 847 3560 πάλιν
903 3479 999 3560 τὰ
1068 3477 1235 3559 καθ’
1303 3513 1557 3559 εαυτον
1627 3481 2069 3586 ὑποφαίνων.
2157 3485 2415 3586 χρῆναι
2476 3478 2619 3583 γὰρ
2683 3474 2886 3575 οἶμαι
2943 3476 3046 3578 μὴ

554 3623 598 3688 b
623 3605 905 3704 ἀγνοεῖν
961 3638 1089 3684 τον
1140 3638 1334 3712 ωπερ
1377 3605 1538 3684 ἐστι
1583 3639 1764 3708 προς
1801 3604 2246 3699 εὐσέβειαν
2215 3638 2255 3683 ο
2303 3638 2600 3699 σκοπος,
2634 3600 2743 3682 ὅτι
2791 3636 3035 3703 προσ·

622 3726 780 3827 ήκοι
817 3725 906 3827 δὴ
939 3726 1229 3811 πάντως
1265 3725 1310 3827 ἢ
1346 3762 1529 3832 προς
1565 3724 1929 3834 ἀδελφους
1977 3728 2072 3809 τὰ
2108 3732 2462 3828 λυσιτελῆ
2511 3762 2589 3807 τε
2624 3727 2742 3806 καὶ
2798 3727 3033 3829 ἀναγ-

623 3856 790 3930 καῖα
844 3848 1310 3952 διαλέγεσθαι
1364 3858 1628 3959 φιλεῖν,
1691 3851 1918 3955 ἤγουν
1978 3858 2038 3932 εἰ
2100 3851 2203 3954 μὴ
2265 3860 2476 3934 τοῦτο
2536 3847 2731 3958 δρῴη
2793 3850 3040 3956 τυχὸν,

622 3981 776 4057 ταῖς
841 3980 939 4059 εἰς
992 3971 1191 4055 Θεὸν
1257 3976 1570 4060 ἱκετείαις
1635 3972 1770 4075 τὴν
1827 3984 1957 4057 τοῦ
2017 3975 2247 4080 λόγου
2310 3977 2554 4083 χρείαν
2619 3974 3042 4077 ἐπείγεσθαι
3067 4015 3130 4055 20

624 4104 969 4196 δαπανᾶν,
1035 4103 1132 4183 ὡς
1205 4099 1556 4200 μηδεμίαν
1621 4100 1699 4179 ἐκ
1760 4099 2016 4181 τούτου
2083 4100 2657 4203 περισσολογίας
2720 4098 3040 4201 ὁρᾶσθαι

624 4224 1122 4327 παρείσδυσιν·
1207 4226 1394 4303 οὕτω
1450 4221 1593 4329 γὰρ
1647 4220 1740 4303 ἂν
1796 4224 1891 4304 ’ίοι
1950 4223 2137 4306 κατὰ
2194 4224 2425 4327 λόγον
2479 4221 2608 4303 τὸν
2665 4222 3042 4326 πρέποντα

705 4495 837 4569 1-3
861 4495 970 4533 om.
996 4476 1062 4531 E.
1471 4476 1552 4532 18.
1588 4475 1655 4530 τὰ
1677 4485 2017 4547 assumptum
2044 4491 2112 4530 ex
2138 4475 2205 4531 E.
2234 4474 2376 4530 cm.
2813 4491 2906 4530 20.
2943 4478 3040 4531 lnt-

626 4550 823 4619 τηρίαις
847 4547 990 4604 Catt.
