3238 5158
232 344 386 427 i1.6,
413 363 468 430 7.
582 347 697 412 IN
757 348 825 412 S.
875 346 1391 413 JOANNEM.
1482 349 1678 414 LIB.
1710 349 1831 414 VI.
1923 350 2129 415 CAP.
2178 350 2235 414 Ι.
2486 351 2613 414 15⁷

227 545 453 617 ματος,
501 512 947 616 καταχρίσας
1003 509 1079 592 δὲ
1135 519 1264 593 τοῦ
1316 512 1759 598 πεπονθότος
1815 511 1964 600 τοὶς
2021 510 2437 619 ὄφθαλμοῖις,
2495 515 2613 591 καὶ

229 633 736 738 ε’ργωδέστερόν
784 670 856 715 τι
909 635 1509 737 προσεπιτάττων
1557 638 1835 741 ὁρᾶται.
1912 637 2149 740 ὕπαγε
2206 629 2412 744 νίψαι
2468 633 2611 738 γάρ

227 763 443 865 φησιν
498 767 590 845 εἰς
645 757 751 852 τὴν
811 758 1279 866 κολυμβήθραν
1333 762 1446 839 τοῧ
1502 761 1821 867 Σιλωάμ.
1911 763 2079 840 ἀλλ’
2132 757 2328 860 οἶμαι
2379 758 2610 856 βαθύς
2633 769 2677 835 b

228 915 324 965 τις
367 890 513 967 τοῖς
562 882 947 985 εἰρημένοις
994 883 1440 988 ἐγκέχωσται
1491 882 1740 986 λόγος·
1799 886 2116 965 ε’πιτελεῖ
2158 884 2302 987 γὰρ
2352 890 2613 964 εἰκαῖον

172 1024 205 1084 5
228 1006 412 1087 οὐδὲν
471 1008 512 1087 ὃ
574 1006 857 1110 Σωτήρ.
957 1007 1321 1112 καταχριέι
1381 1005 1511 1105 μὲν
1568 1006 1715 1111 γὰρ
1773 1014 1878 1116 τῷ
1940 1013 2161 1115 πηλῷ
2219 1006 2303 1090 τὸ
2363 1013 2615 1088 λεῖπον

224 1126 463 1234 ὥσπερ
507 1135 624 1213 καὶ
669 1130 1166 1233 ἡμαρτημένον
1201 1138 1293 1238 τῇ
1342 1140 1472 1212 τοῦ
1521 1129 1845 1231 ὄμματος
1896 1132 2116 1236 φύσει
2161 1135 2608 1236 προστιθεὶς,

223 1257 333 1333 καὶ
366 1253 641 1340 δεικνὺς
675 1254 794 1336 διὰ
827 1255 1107 1353 τούτου,
1145 1257 1242 1340 ὡς
1277 1254 1493 1338 αὐτὸς
1527 1253 1616 1355 ἦν
1656 1257 1698 1336 ὃ
1732 1254 2032 1340 πλάσας
2067 1256 2255 1356 ἡμᾶς
2290 1258 2367 1336 ἐν
2401 1257 2614 1361 ἀρχῇ,

222 1378 508 1481 κτίστης
562 1415 640 1460 τε
695 1383 812 1460 καὶ
867 1378 1299 1484 δημιουργὸς
1357 1388 1487 1460 τοῦ
1545 1378 1842 1465 παντός.
1924 1380 2069 1486 ἔχει
2131 1379 2218 1459 δέ
2272 1414 2433 1460 τινα
2495 1382 2615 1460 καὶ

220 1500 440 1605 λόγον
475 1501 830 1605 μυστικὸν
865 1505 909 1604 ἡ
950 1512 1077 1584 τοῦ
1113 1504 1542 1607 πράγματος
1581 1502 1901 1603 δύναμις·
1983 1506 2060 1584 τί
2102 1503 2247 1607 γὰρ
2294 1501 2383 1604 δὴ
2430 1501 2615 1607 πρὸς

132 1650 199 1691 10
219 1628 420 1708 τοῦτό
499 1637 755 1736 φαμεν,
830 1626 879 1729 ἢ
961 1629 1040 1708 τί
1115 1635 1301 1709 νοεῖν
1374 1629 1481 1709 ἐπ’
1558 1630 1754 1735 αὐτῷ
1820 1627 2313 1728 διεσκέμμεθα,
2386 1627 2613 1709 πάλιν
2634 1656 2672 1702 0

218 1752 528 1855 ἐροῦμεν.
610 1755 739 1832 οὐκ
774 1748 865 1851 ἦν
902 1750 1156 1853 ἑτέρως
1189 1751 1283 1832 τὰ
1320 1751 1489 1852 ἔθνη
1525 1750 1881 1832 δύνασθαι
1918 1750 2050 1852 τὴν
2084 1751 2614 1860 ἐπισκήψασαν

218 1875 448 1961 αὐτοῖς
486 1876 1088 1980 ἀποκρούσασθαι
1124 1877 1568 1983 τυφλότητα,
1608 1881 1726 1957 καὶ
1762 1873 1848 1957 τὸ
1885 1876 2074 1957 θεῖόν
2109 1911 2187 1957 τε
2239 1881 2357 1958 καὶ
2406 1876 2615 1980 ἅγιον

218 2000 619 2103 ἑπαθρῆσαι
694 2006 878 2107 φῶς,
939 1998 1290 2099 τουτέστι,
1355 2000 1488 2101 τὴν
1550 2005 1679 2100 τῆς
1754 2001 1967 2102 ἁγίας
2037 2003 2155 2082 καὶ
2228 2003 2615 2100 ὁμοουσίου

218 2123 524 2225 Τριάδος
572 2130 855 2226 γνῶσιν
889 2126 1303 2222 ἀναλαβεῖν,
1340 2129 1400 2206 εἶ
1453 2123 1555 2224 μὴ
1609 2123 1861 2227 γέγονε
1908 2126 2181 2230 μέτοχα
2225 2130 2354 2225 τῆς
2405 2126 2616 2228 ἁγίας

126 2259 194 2321 ¹5
216 2247 430 2328 αὐτοῦ
484 2245 778 2351 σαρκὸς,
815 2250 933 2327 καὶ
981 2246 1445 2329 ἀπελούσατο
1494 2246 1626 2348 τὴν
1664 2250 2336 2347 καταμελαίνουσαν
2372 2251 2611 2352 ἁμαρ-

214 2370 390 2470 τίαν,
428 2371 844 2453 ἀπεδύσατο
883 2370 956 2452 δὲ
994 2379 1122 2451 τοῦ
1158 2371 1504 2468 διαβόλου
1545 2370 1678 2473 τὴν
1714 2372 2052 2479 ἐξουσίαν
2091 2370 2210 2454 διὰ
2245 2381 2373 2453 τοῦ
2411 2374 2619 2476 ἁγίου

213 2494 549 2596 δηλονότι
602 2497 1134 2592 βαπτίσματος.
1219 2494 1455 2597 ἐπειδὴ
1512 2496 1589 2577 δὲ
1644 2496 1977 2600 πρόωρον
2030 2505 2160 2579 τοῦ
2214 2499 2617 2602 μυστηρίου

209 2617 335 2701 τὸν
368 2621 603 2702 τύπον
638 2626 742 2729 τῷ
777 2625 1040 2727 τυφλῷ
1074 2619 1537 2726 ἐνεχάραττεν
1574 2623 1615 2701 ὃ
1655 2621 1938 2725 Σωτὴρ,
1979 2622 2402 2726 ἀπεπλήρου
2438 2623 2615 2707 τέως
2669 2650 2680 2655 ’

210 2748 333 2844 τῆς
369 2748 684 2850 μετοχῆς
721 2740 854 2844 τὴν
891 2745 1192 2843 δύναμιν
1218 2743 1337 2824 διὰ
1373 2749 1499 2845 τῆς
1537 2745 1962 2849 ἐπιχρίσεως
1995 2754 2125 2826 τοῦ
2159 2744 2608 2844 πτύσματος.
2641 2766 2687 2832 d

121 2893 191 2934 ²0
210 2873 304 2954 εἶς
351 2867 595 2950 εἰκόνα
643 2866 874 2972 γεμὴν
908 2876 1037 2949 τοῦ
1085 2868 1295 2971 ἁγίου
1341 2869 1853 2966 βαπτίσματος
1903 2865 1987 2948 τὸ
2041 2871 2115 2949 ἐν
2161 2874 2265 2976 τῷ
2311 2867 2619 2969 Σιλωὰμ

208 2993 737 3075 ἀπονίπτεσθαι
789 2989 1153 3097 δραμόντα
1205 2994 1497 3091 κελεύει,
1549 2991 1635 3071 οὗ
1689 2995 1806 3073 καὶ
1862 2993 2264 3094 ἀναγκαίως
2320 2996 2609 3096 διερμη-

208 3117 381 3197 νεύει
418 3119 739 3216 τοῦνομα
777 3114 1016 3223 σοφὸς
1052 3116 1240 3217 ἄγαν
1275 3114 1375 3195 ὧν
1412 3119 1529 3196 καὶ
1573 3116 2163 3223 πνευματοφόρος
2201 3117 2242 3196 ὁ
2281 3117 2612 3219 Εὖαγγε-

205 3239 497 3342 λιστῆς.
593 3226 1022 3344 λογιζόμεθα
1079 3237 1224 3344 γὰρ
1280 3240 1520 3344 ἕτερον
1574 3239 1828 3320 οὐδένα
1881 3237 2009 3321 τὸν
2065 3239 2618 3340 ἀπεσταλμένον

206 3364 575 3472 ὑπάρχειν,
639 3362 687 3466 ἢ
751 3367 880 3445 τὸν
945 3365 1051 3444 ἐπ’
1121 3362 1399 3473 ὀλέθρῳ
1472 3367 1601 3463 τῆς
1674 3364 2025 3467 ἁμαρτίας
2096 3365 2213 3444 καὶ
2285 3367 2414 3463 τῆς
2487 3371 2618 3444 τοῦ

115 3496 182 3557 ²5
205 3490 562 3584 διαβόλου
613 3487 1036 3597 πλεονεξίας
1087 3488 1360 3569 ἀνωθεν
1395 3488 1563 3587 ἡμῖν
1600 3490 1717 3568 καὶ
1753 3486 1953 3592 παρὰ
1994 3485 2287 3591 Πατρὸς
2325 3490 2612 3595 ἐπιφοι-

202 3610 545 3713 τήσαντά
577 3648 656 3694 τε
692 3617 810 3694 καὶ
847 3611 1402 3713 ἀπεσταλμένον
1435 3611 1629 3693 Θεὸν
1657 3618 2063 3715 Μονογενῆ,
2103 3612 2319 3694 αὐτόν
2353 3647 2432 3693 τε
2469 3621 2617 3698 τοῖς

206 3738 471 3817 ὕδασιν
507 3737 828 3841 ἀοράτως
879 3736 1344 3843 ἐπινήχεσθαι
1392 3739 1522 3836 τῆς
1571 3737 1781 3839 ἁγίας
1830 3737 2345 3839 κολυμβήθρας
2391 3737 2607 3840 γινώ-
2639 3782 2676 3827 0

204 3893 535 3961 σκοντες,
591 3860 952 3961 λουόμεθα
1009 3859 1192 3960 μετὰ
1248 3860 1589 3959 πίστεως,
1651 3861 1780 3941 οὐκ
1828 3865 1926 3945 εἷς
1983 3857 2334 3941 ἀπόθεσιν
2385 3862 2618 3964 ῥύπου
2705 3872 2935 3991 {iifl-²1:¹³*-

271 4038 325 4077 2.
364 4023 476 4094 γὰρ
501 4021 654 4093 νίψαι
676 4022 891 4077 inverso
916 4019 1106 4076 ordine
1127 4039 1179 4076 a.
1540 4039 1594 4088 4.
1631 4020 1783 4075 οὐδὲν
1801 4020 1905 4092 γὰρ
1930 4020 2036 4090 εἰκῆ
2060 4021 2289 4076 ἐπιτελεῖ
2311 4023 2341 4075 ὁ
2366 4021 2543 4092 σωτήρ
2565 4040 2618 4080 ι.
2763 3975 2778 3990 .
2866 3974 2882 3990 .

201 4092 255 4147 6.
290 4090 558 4163 ὄμματος]
587 4094 828 4160 σώματος
849 4091 996 4148 haud
1024 4092 1162 4147 male
1186 4109 1234 4146 a.
1260 4091 1380 4147 Cat.
1410 4091 1566 4147 Harl.
1711 4092 1764 4146 8.
1799 4113 1914 4147 τινα
1938 4093 2022 4146 καὶ
2044 4094 2207 4164 λόγον
2227 4090 2332 4147 hoc
2355 4092 2542 4148 ordine
2565 4111 2616 4149 a.

200 4164 285 4218 καὶ
309 4166 484 4235 λόγον
505 4165 620 4218 τινὰ
646 4163 751 4218 Ed.
996 4179 1079 4217 10.
1117 4162 1170 4217 τί
1192 4165 1326 4218 νοεῖν
1351 4162 1419 4219 Β.
1444 4162 1585 4219 τίνος
1606 4160 1671 4231 ἢν
1697 4162 1879 4217 ΗοΙεῐ.
1905 4162 2010 4217 Ed.
2253 4164 2336 4217 16.
2374 4160 2459 4234 δὲ]
2485 4185 2543 4218 τε
2566 4181 2618 4219 a.

199 4235 294 4301 τὴν
315 4238 415 4289 τοῦ
441 4235 702 4296 διαβόλου
726 4234 941 4289 inverso
965 4232 1152 4288 ordine
1176 4250 1225 4287 a.
1446 4245 1527 4304 17.
1565 4233 1679 4288 ἐπεὶ
1703 4233 1760 4287 δὲ
1785 4250 1834 4289 a.
2062 4233 2145 4287 18.
2181 4235 2255 4306 τῷ
2279 4234 2426 4305 τυφλ
2443 4236 2467 4250 ““
2496 4243 2621 4289 ante

200 4307 296 4358 τοῦ
318 4305 619 4374 μυστηρίου
642 4304 950 4375 transponit
972 4321 1021 4359 a.
1256 4319 1339 4386 19.
1371 4302 1628 4387 ster-ox‘e]
1660 4309 1719 4368 -Ι-
1749 4306 1840 4373 τῆς
1862 4300 2011 4375 ἁγίας
2035 4305 2230 4374 σαρκὸς
2250 4304 2408 4359 αὐτοῦ
2462 4305 2621 4359 αὐτοῦ

200 4377 403 4445 σαρκὸς
432 4374 555 4429 Cat.
584 4373 769 4457 Hau-y]
797 4393 846 4429 a.
876 4374 993 4429 Cat.
1025 4373 1177 4430 Harl.
1252 4373 1425 4429 S1m1h
1449 4393 1540 4430 mo
1580 4392 1614 4458 q
1638 4392 1686 4430 c.
1713 4372 1878 4430 Cord.
2095 4391 2183 4429 21.
2220 4374 2314 4457 οὐκ
2335 4374 2621 4458 ἀναγκαίως

203 4444 269 4500 Β.
299 4446 406 4501 Ht.
435 4444 501 4499 οὗ
529 4444 613 4518 [εὖ
639 4443 874 4517 ngue.]
902 4444 985 4499 κὰὶ
1017 4444 1304 4517 ἀναγκαίως
1335 4445 1640 4500 emendant
1661 4444 1958 4509 Aubertus‚
1983 4443 2045 4500 οὗ
2069 4446 2152 4500 καὶ
2180 4444 2464 4500 exhxbente
2488 4445 2621 4500 ka.

202 4530 290 4659 ἔξ.
327 4514 598 4660 Ξὲρόριὶέοέ
628 4520 851 4652 ΪΙ-οῧτῒΒ
894 4585 1196 4643 οωοῃὼήῐ
1217 4515 1321 4644 213.
1343 4517 1478 4573 Θεὸν
1502 4518 1770 4588 Μονογσῆ
1798 4514 1915 4572 Ba..
1943 4516 2042 4573 Ht.
2066 4516 2178 4573 υἱὸν
2198 4518 2451 4588 μονογενῆ
2476 4514 2621 4570 Aub.
