3238 5158
238 731 325 781 Pa.

237 794 489 860 exviiL67.

572 316 703 382 370
1177 316 1258 380 B.
1305 312 1723 379 cYRILm
1781 310 2364 378 ALEXANDR.
2580 309 2717 376 xiii.
2742 323 2854 392 27,
2881 307 2998 375 28.

507 490 552 556 b
576 477 1163 584 ἀπαρενόχλητον
1199 480 1373 559 ἰέναι
1409 482 1720 576 θελῆσαι
1755 477 1884 559 τὸν
1919 486 2110 559 νοῦν·
2151 476 2378 580 ἤγουν
2404 475 2657 557 εἶδέναι
2691 478 2997 580 σαφῶς,

577 601 687 682 ὅτι
726 600 999 702 νικήσει
1047 599 1231 682 κατὰ
1277 599 1521 708 βραχὺ
1572 599 1983 682 κολακεύων
2019 602 2060 681 ὃ
2097 608 2441 700 σατανᾶς,
2475 599 2595 680 καὶ
2626 595 2996 695 πάθοιμεν

574 721 671 804 ἀν
705 733 1049 825 τοιοῦτον,
1084 727 1332 807 ὁποῖον
1369 728 1409 805 ὁ
1448 723 1773 832 ψάλλων
1810 725 2009 832 φησί
2038 734 2085 773 “
2114 722 2277 828 Πρὸ
2321 732 2451 805 τοῦ
2493 757 2586 823 με
2619 754 2990 802 ταπεινω-

578 857 624 895 “
659 852 870 947 θῆναι
922 850 1064 953 ἐγὼ
1118 846 1728 949 ἐπλημμέλησα.”
1802 845 1947 951 πρὸ
2002 847 2147 952 γὰρ
2201 856 2331 928 τοῦ
2382 853 2637 928 παθεῖν
2689 842 2996 928 τελείως

574 969 708 1071 τὴν
762 972 1140 1077 ἁμαρτίαν,
1192 980 1910 1076 προπλημμελοῦμεν
1965 972 2161 1073 ἡμεῖς
2217 978 2309 1079 τῇ
2363 967 2768 1052 συναινέσει
2829 974 2993 1047 τῶν
3017 975 3064 1038 5

574 1102 979 1195 λογισμῶν,
1011 1096 1355 1196 τιμῶντές
1406 1129 1485 1176 τε
1534 1093 1758 1196 αὐτὴν
1806 1097 1926 1175 καὶ
1975 1093 2528 1201 καταδεχόμενοι
2579 1095 2697 1174 καὶ
2750 1089 2996 1172 τόπων

574 1215 857 1299 εἰσόδου
896 1219 1208 1304 διδόντες
1245 1218 1365 1300 διά
1401 1217 1660 1300 τούτου
1696 1223 1800 1327 τῷ
1835 1225 2147 1328 σατανᾷ.
2226 1219 2434 1300 ἔσται
2484 1217 2561 1300 δὲ
2601 1218 2827 1303 τύπος
2859 1220 2994 1299 καὶ

520 1377 557 1421 o
578 1341 787 1424 εἰκὼν
820 1352 950 1425 τοῦ
983 1342 1415 1448 πράγματος
1449 1351 1578 1424 τοῦ
1610 1340 1970 1447 προδότου
2002 1341 2087 1425 τὸ
2120 1341 2373 1429 πάθος.

454 1599 550 1660 ,28
661 1597 843 1673 ΛὲΓει
898 1596 1079 1682 αὐτῷ
1129 1597 1167 1667 ὀ
1213 1597 1467 1665 Ἰησοῦς
1509 1595 1596 1661 ‘O
1651 1590 1862 1662 ποιεῖς
1917 1594 2192 1664 ποίησον
2247 1597 2492 1684 τάχιον.
2574 1598 2762 1662 τοῦτο
2817 1593 2893 1660 δὲ

797 1719 1010 1787 οὐδεὶς
1060 1721 1234 1797 ἔγνω
1285 1721 1420 1788 τῶν
1475 1722 1930 1814 ἀνακειμένων
1980 1722 2148 1811 πρὸς
2201 1723 2263 1787 τί
2315 1715 2497 1787 εἶπεν
2551 1720 2750 1805 αὐτῷ.
3023 1736 3106 1778 10

685 1885 1014 1991 Ἀπᾷδον
1066 1883 1199 1983 μὲν
1253 1883 1436 1970 ἴσως
1495 1886 1615 1965 καὶ
1675 1885 1759 1965 οὐ
1816 1883 2114 1992 σφόδρα
2176 1891 2583 1983 συμβαῖνον
2635 1888 2783 1966 τοῖς
2837 1881 2990 1984 ἤδη

574 2006 1107 2110 προειρημένοις
1169 2004 1442 2114 δόξειεν
1499 2005 1592 2088 ἂν
1651 2004 1836 2089 εἶναι’
1895 2043 1999 2116 τῳ
2055 2006 2278 2114 τυχὸν
2333 2005 2421 2088 τὸ
2482 2005 2980 2110 προκείμενον.

576 2128 737 2206 ἀνθ’
797 2126 965 2209 ὅτου
1023 2128 1165 2234 γὰρ
1233 2129 1345 2231 δὴ,
1401 2129 1703 2238 φήσειεν
1755 2128 1847 2212 ἂν
1901 2135 2019 2213 καὶ
2075 2132 2205 2212 οὐκ
2264 2128 2409 2212 ἀπὸ
2472 2136 2780 2228 σκοποῦ,
2838 2133 2991 2209 διε-

509 2255 552 2320 ᾶ
579 2250 886 2356 λε’γχων,
946 2253 1439 2357 κεκρυμμένως
1514 2255 1593 2336 δὲ
1665 2258 1782 2335 καὶ
1857 2257 1987 2334 οὐκ
2056 2257 2374 2360 ἐναργῶς
2447 2253 2874 2359 ἀποτρέπων
2937 2256 2987 2334 ὃ

579 2373 847 2478 Κύριος
906 2379 1036 2477 τῆς
1089 2384 1185 2463 εἷς
1245 2377 1465 2459 αὐτὸν
1518 2379 1929 2487 μιαιφονίας
1988 2378 2117 2459 τὸν
2172 2376 2586 2482 προδιδόναι
2640 2374 2980 2458 σπουδά-
3019 2399 3102 2461 ¹5

574 2496 806 2601 ζοντα,
881 2508 1008 2581 νῦν
1078 2500 1262 2605 πρὸς
1333 2500 1558 2605 αὐτὴν
1628 2505 2077 2607 παραθήγων
2138 2503 2410 2608 ὁρᾶται,
2474 2502 2830 2603 ἀμελλητὶ
2902 2498 2986 2581 δὲ

572 2622 885 2727 βαδίζειν
918 2624 1103 2729 πρὸς
1138 2626 1223 2706 τὸ
1273 2628 1458 2708 οὕτω
1505 2625 1841 2730 μυσαρόν
1875 2660 1953 2707 τε
1998 2629 2118 2707 καὶ
2166 2624 2465 2708 ἀνόσιον
2501 2622 2986 2708 διακελεύεται

574 2748 1072 2846 σπούδασμας
1149 2751 1381 2830 καίτοι
1437 2751 1515 2830 τί
1564 2757 1860 2850 μᾶλλον
1914 2748 2043 2831 τὸν
2097 2750 2375 2831 οὒεοθεν
2428 2748 2565 2831 ἔδει
2623 2756 2987 2830 νοσοῦντα

572 2879 1037 2975 παροτρῦναι,
1076 2875 1288 2980 φησὶ,
1323 2871 1506 2977 πρὸς
1549 2882 1764 2953 τοῦτο
1815 2876 1934 2954 καὶ
1967 2872 2401 2977 τεθηγμένον
2432 2874 2521 2982 ἐξ
2550 2876 2822 2970 ἑαυτοῦ,
2861 2874 2985 2953 καὶ

575 2995 736 3100 οὐχὶ
789 3001 1082 3094 μᾶλλον
1137 2994 1628 3101 ἀνασειράζειν
1681 3005 1838 3081 ταῖς
1892 2998 2292 3082 νουθεσίαις
2345 2999 2460 3079 ε’πὶ
2514 2996 2599 3078 τὸ
2652 2996 2977 3097 ἄμεινον,
3012 3027 3096 3070 20

577 3120 694 3198 καὶ
742 3122 871 3219 τῆς
917 3122 1390 3221 προτεθείσης
1434 3118 1653 3201 αὐτὸν
1688 3120 2055 3229 ἀνακόψαι
2090 3125 2412 3221 βουλῆς;
2472 3123 2591 3202 καὶ
2640 3121 2795 3220 δοίη
2844 3120 2985 3219 μὲν

521 3275 556 3320 e
577 3240 670 3320 ἄν
705 3274 813 3324 τις
859 3241 1159 3347 σφόδρα
1206 3251 1337 3324 τοῦ
1383 3240 1780 3347 πρέποντος
1829 3246 2240 3347 διαμαρτεῖν
2274 3252 2642 3345 λογισμοῦ
2687 3241 2821 3343 τὴν
2859 3245 2984 3324 ἐπὶ

577 3363 809 3471 τούτῳ
844 3364 1232 3465 καταβοὴν,
1268 3364 1813 3474 ὀξυωπέστερον
1845 3365 2078 3469 γεμὴν
2111 3372 2262 3451 τοῖς
2296 3369 2372 3447 ἐν
2404 3370 2510 3476 τῷ
2542 3367 2983 3474 προκειμένῳ

577 3484 984 3590 θεωρήματι
1047 3491 1313 3593 ε’νείρας
1372 3490 1502 3571 τὸν
1561 3499 1752 3588 νοῦν,
1813 3488 2101 3575 ἀτόπως
2160 3490 2293 3591 μὲν
2349 3490 2554 3572 οὐδὲν
2617 3490 2983 3595 εἰρημένον

577 3610 885 3713 εὑρήσει,
925 3615 1245 3714 δριμεῖαν
1295 3611 1371 3692 δὲ
1427 3620 1721 3712 μᾶλλον
1768 3615 2006 3699 αὐτοῖς
2059 3612 2608 3719 ἐνυπάρχουσαν
2640 3611 2975 3712 σύνεσιν,
3009 3642 3088 3704 ²5

577 3731 669 3834 ἣν
705 3737 820 3814 καὶ
859 3733 1055 3818 ὅπως
1092 3732 1183 3814 ἀν
1220 3735 1541 3836 δύνωμαι
1578 3735 1695 3816 διὰ
1728 3737 2061 3843 βραχέων
2097 3744 2315 3818 εἰπεῖν
2347 3736 2807 3841 πειράσομαι.

695 3858 1348 3961 Προνοητικῶτατα
1408 3859 1649 3941 τοίνυν
1712 3863 1789 3941 ἐν
1846 3868 1997 3947 τοῖς
2061 3867 2573 3964 προλαβοῦσιν
2635 3862 2677 3941 ὃ
2740 3859 2984 3969 σοφὸς

580 3980 1138 4085 Εὖαγγελιστὴς
1207 3988 1799 4087 προεισπηδῆσαι
1872 3989 1990 4065 καὶ
2062 3990 2413 4066 εἰσελθεῖν
2478 3987 2575 4070 εἷς
2647 3982 2781 4084 τὴν
2851 3995 2984 4067 τοῦ

575 4107 933 4210 προδότου
996 4107 1293 4210 καρδίαν
1357 4105 1575 4188 αὐτὸν
1641 4107 1784 4215 ἔφη
1847 4105 1977 4189 τὸν
2040 4114 2389 4208 σατανᾶν,
2452 4108 2569 4188 ἵνα
2643 4108 2983 4216 φαίνηται

650 4327 775 4395 4-8.
814 4326 958 4382 Οἱῑεη
982 4327 1114 4383 Nik.
1139 4336 1191 4384 et
1218 4326 1423 4384 Cotem
1446 4329 1550 4384 alin
1573 4329 1632 4384 in
1659 4328 1751 4385 Pa.
1767 4329 1944 4387 cxviii.
2335 4343 2389 4403 5.
2424 4330 2719 4387 συναινέσαι
2742 4329 2809 4386 Ε.
2836 4329 2981 4387 cat.

579 4396 791 4465 συνέσει
816 4397 922 4453 Ed.
1087 4397 1140 4453 6.
1176 4421 1234 4455 τε
1257 4416 1443 4455 assum
1485 4410 1601 4456 tum
1629 4417 1695 4455 ex
1722 4399 1866 4457 cut.
1891 4401 2006 4457 citt.
2195 4416 2279 4456 12.
2317 4400 2525 4470 δόξειαν
2548 4400 2617 4457 Ε.
2803 4417 2886 4470 14.
2922 4402 2982 4458 δὲ

578 4476 918 4540 assumptum
944 4486 1009 4523 ex
1035 4466 1103 4523 E.
1322 4469 1407 4526 16.
1442 4418 1663 4542 Ξμιλητὶ
1686 4470 1754 4527 Ε.
1968 4488 2055 4539 24.
2092 4470 2312 4545 ε’νείρας]
2337 4494 2426 4545 γρ.
2452 4471 2714 4544 ἐνερείσας
2737 4469 2843 4528 Ed.
2866 4489 2980 4545 mg.

580 4540 669 4595 26.
704 4538 832 4611 ὅπερ
859 4539 948 4595 ἐὰν
971 4537 1187 4610 δύναμαι
1212 4537 1279 4596 Ε.
