3238 5158
230 324 360 390 xiv.
394 345 492 390 11.
607 326 721 390 IN
786 328 853 392 S.
901 325 1414 394 JOANNEM.
1504 328 1697 393 LIB.
1746 328 1867 394 IX.
1958 327 2165 394 CAP.
2214 327 2270 394 Ι.
2510 327 2643 392 439

232 494 416 597 ἔχειν
480 500 583 602 τῷ
644 529 823 575 ποτε
901 500 1142 578 καλῶς
1215 493 1595 574 διιθύνοντι
1663 500 1855 602 Θεῷ·
1942 486 2033 595 ἦν
2096 495 2223 574 οὖν
2286 492 2429 595 ἄρα
2499 499 2647 572 τῶν

231 618 732 724 ἐνδεχομένων,
788 621 905 698 καὶ
960 618 1079 697 διά
1132 652 1322 702 τινος
1376 625 1523 698 τῶν
1578 617 1871 698 ἀτόπων
1923 617 1971 719 ἢ
2039 621 2156 697 καὶ
2219 619 2451 721 ὀρθῶς
2516 617 2647 695 οὐκ

235 743 748 846 εἰργασμένων,
769 740 1405 845 προσκεκρουκότα
1441 747 1544 850 τῷ
1577 748 1744 851 Θεῷ
1781 741 1910 823 τὸν
1943 740 2294 845 μακάριον
2321 747 2647 837 Παῦλον,

234 864 457 967 ἤγουν
495 865 657 946 τινὰ
704 873 851 946 τῶν
889 867 1042 946 κατ’
1083 868 1345 946 ἐκεῖνον
1382 865 1645 969 ἕτερον,
1684 865 1948 969 ἔρημον
1983 864 2115 964 μὲν
2150 869 2278 963 τῆς
2315 864 2650 964 δοθείσης

168 1009 211 1072 5
240 992 433 1097 αὐτῷ
481 991 775 1097 χάριτος
826 992 1141 1096 ὀφθῆναι
1190 991 1567 1087 δύνασθαι,
1605 996 2087 1070 κατωθεῖσθαι
2143 988 2221 1069 δὲ
2275 990 2476 1072 αὖθις
2531 991 2650 1067 καὶ

240 1116 666 1195 ὑπονοστεῖν
720 1120 819 1198 εἶς
882 1113 1014 1215 τὴν
1070 1113 1234 1194 ὅθεν
1291 1114 1513 1214 ἀνέβη
1567 1116 2026 1196 ταπείνωσιν.
2120 1112 2203 1194 τὸ
2260 1112 2402 1216 γὰρ
2458 1111 2648 1196 ὅλως
2671 1121 2716 1187 b

239 1239 507 1345 ἔξωθεν
551 1244 667 1319 καὶ
720 1238 1032 1319 ἐπακτὸν
1074 1238 1336 1346 ῥᾳδίως
1387 1235 1475 1317 ἂν
1519 1239 1963 1319 ἀποπτύοιτο
2006 1241 2122 1317 καὶ
2172 1234 2652 1343 ἀναφαίρετόν

240 1366 464 1462 ἐστιν,
502 1367 601 1448 ὧς
637 1362 872 1443 δοτόν.
955 1360 1065 1467 ἆρ’
1107 1364 1233 1443 οὖν
1269 1360 1327 1441 ὦ
1363 1358 1733 1458 βέλτιστε·
1796 1360 2231 1468 τετράψεται
2275 1359 2419 1463 γὰρ
2469 1358 2652 1463 πρὸς

242 1485 330 1566 σὲ
387 1488 428 1566 ὃ
489 1486 711 1590 λόγος
769 1487 1015 1569 πάλιν·
1084 1493 1143 1567 εἰ
1198 1485 1381 1567 κατὰ
1435 1484 1569 1586 τὴν
1621 1484 1806 1590 πρὸς
1860 1485 1948 1566 σὲ
2008 1485 2477 1566 ἀπαιδευσίαν
2534 1487 2653 1564 καὶ

132 1638 220 1681 10
244 1610 749 1713 ἀσεβεστάτην
786 1610 1188 1729 ὑπόληψιν,
1225 1609 1552 1713 καθάπερ
1601 1609 1691 1711 ἦν
1728 1613 1804 1690 ε’ν
1840 1617 1943 1718 τῷ
1997 1609 2277 1716 Παύλῳ
2326 1605 2654 1711 Χριστὸς

243 1742 500 1814 λαλῶν
537 1739 655 1816 καὶ
690 1743 1209 1840 τερατουργῶν,
1247 1737 1471 1819 οὕτως
1515 1731 1693 1814 εἶναι
1749 1734 1907 1835 δοίη
1958 1770 2066 1820 τις
2119 1733 2210 1814 ἂν
2245 1737 2321 1813 ἐν
2358 1739 2461 1842 τῷ
2497 1738 2656 1840 Υὶῷ

242 1857 370 1940 τὸν
411 1859 726 1964 Πατέρα,
770 1868 926 1945 πῶς
981 1861 1111 1940 οὐκ
1118 1859 1582 2014 ἀμφίλογον
1633 1862 1731 1943 ὡς
1787 1858 1972 1943 Θεὸς
2027 1857 2159 1958 μὲν
2207 1858 2415 1938 ἔσται
2470 1855 2656 1936 κατὰ

241 1983 474 2090 φυσιν
510 1987 859 2084 οὐδαμῶς,
896 1987 1066 2065 ἀλλ’
1110 1984 1352 2086 ’ἔτερόν
1387 2017 1458 2063 τι
1494 1982 1697 2086 παρὰ
1731 2017 1859 2063 τον
1895 1986 2298 2062 ἐνοικοῦντα
2339 1982 2655 2084 Πατέρα,

244 2110 440 2189 Θεον
495 2108 670 2189 ὄντα
735 2108 917 2190 κατὰ
982 2108 1368 2209 ἀλήθειαν·
1348 2170 1370 2205 ,
1461 2143 1650 2188 ουτω
1713 2106 1860 2211 γὰρ
1921 2105 2013 2209 ἦν
2073 2141 2148 2186 εν
2205 2112 2307 2214 τῷ
2371 2104 2651 2214 Παύλῳ
2676 2135 2714 2180 ο

134 2250 215 2311 15
242 2231 592 2337 Χριστός.
675 2233 987 2338 ὄργανον
1033 2235 1159 2313 ουν
1204 2268 1346 2337 αρα
1397 2235 1513 2313 καὶ
1562 2266 1821 2335 ωσπερ
1875 2266 1945 2313 τι
2000 2230 2258 2315 σκεῦός
2309 2232 2511 2310 ἐστιν
2555 2236 2655 2313 εἷς

243 2358 472 2466 δόξαν
526 2358 1099 2462 κατηρτισμένον
1156 2394 1196 2439 ο
1262 2355 1713 2460 Μονογενὴς,
1769 2392 1885 2437 και
1947 2356 2199 2437 διοίσει
2264 2353 2396 2453 μὲν
2455 2351 2656 2435 οὖδεν

243 2486 474 2565 αυλοῦ
533 2487 649 2564 καὶ
701 2481 948 2587 λυρας,
991 2485 1212 2563 ἐκεῖνο
1266 2482 1640 2590 φωνῶν,“
1599 2516 1779 2586 οπερ
1829 2478 1921 2561 ἂν
1966 2480 2351 2582 εμπνέηται
2397 2514 2651 2585 τυχον,

244 2610 472 2712 ἤγουν
509 2610 872 2714 ευρύθμως
910 2611 1401 2716 ἀναμελῷδεῖν
1434 2612 1538 2714 τῷ
1580 2605 1936 2714 πλήκτρω
1973 2605 2372 2704 κελεύηται·
2448 2602 2658 2683 ἔσται

249 2733 326 2813 δε
389 2736 575 2814 οὕτω
631 2731 1076 2837 παραδεκτος
1137 2737 1234 2816 εὶς
1295 2731 1883 2835 θαυματουργίαν
1936 2736 2039 2838 τῷ
2098 2733 2355 2877 Πατρι,
2413 2730 2511 2812 ὡς
2566 2721 2658 2807 ἂν

134 2890 224 2932 20
251 2865 485 2939 νοοῖτο
520 2892 745 2963 τυχον
779 2891 1011 2960 πριων
1045 2854 1092 2958 ἢ
1141 2855 1558 2957 σκέπαρνον
1595 2863 1746 2940 τοῖς
1792 2852 2021 2935 ειδόσι
2065 2852 2149 2933 τὸ
2197 2852 2652 2959 ξυλουργεῖν.

248 2980 402 3065 εἶτα
459 2983 535 3063 τί
586 2981 844 3062 τούτου
898 2980 1562 3085 παραλογώτερον,
1641 2982 1830 3060 οὕτω
1888 2981 2034 3081 γὰρ
2092 2977 2278 3082 ἔχων
2333 2978 2655 3084 φύσεως,

248 3108 573 3209 καθάπερ
623 3107 876 3186 ἐκεῖνοί
919 3110 1176 3212 φασιν,
1213 3102 1605 3208 ἀλλότριος
1643 3105 1852 3184 ἕσται
1885 3108 2262 3187 παντελῶς
2299 3108 2429 3181 τοῦ
2465 3105 2660 3180 Θεοῦ

246 3235 364 3312 καὶ
432 3227 748 3333 Πατρός,
814 3229 998 3310 ὅσον
1055 3235 1155 3313 εἰς
1217 3227 1302 3309 τὸ
1368 3226 1545 3309 εἶναι
1609 3227 1836 3335 φύσει
1900 3226 2088 3312 Θεὸς
2151 3228 2228 3306 ἐν
2284 3226 2481 3327 ἡμῖν,
2541 3225 2659 3304 καὶ
2683 3237 2730 3303 d

245 3354 483 3459 ἕτερος
529 3356 699 3457 παρ’
740 3352 960 3434 αὐτὸν
1004 3354 1254 3438 οὐδείς.
1345 3359 1404 3433 εἰ
1457 3350 1537 3432 δὲ
1591 3357 1721 3453 τῆς
1777 3360 1904 3433 τοῦ
1958 3348 2255 3454 Πατρὸς
2310 3349 2562 3433 οὐσίας
2619 3350 2660 3428 ὁ

134 3491 220 3552 ²5
248 3480 424 3565 Υἱὸς
460 3478 1061 3584 ἀποσχοινίζεται,
1100 3478 1286 3558 κατά
1337 3512 1422 3580 γε
1472 3474 1557 3557 τὸ
1606 3474 1786 3557 εἶναι
1837 3476 2061 3581 φύσει
2098 3473 2307 3573 Θεὸς,
2341 3480 2496 3558 πῶς
2533 3472 2662 3552 οὐκ
2739 3477 2744 3484 ’

208 3671 225 3678 ,
246 3606 540 3705 ἀληθῶς
577 3602 716 3704 ἤδη
750 3600 1014 3710 φαμὲν,
1052 3601 1162 3683 ὅτι
1197 3608 1289 3709 τῇ
1333 3601 1565 3682 κτίσει
1614 3599 2112 3697 συντέτακται,
2150 3604 2268 3680 καὶ
2305 3598 2654 3702 συνηρίθ-

245 3762 467 3828 μηται
514 3735 664 3812 τοῖς
716 3726 1099 3828 ποιήμασι,
1137 3730 1254 3807 καὶ
1305 3728 1380 3806 ἐν
1416 3725 1728 3830 ὀργάνου
1776 3725 2221 3835 παρελήφθη
2269 3724 2499 3830 χρείᾳ,
2544 3718 2662 3801 καὶ

249 3850 608 3954 ὑπουργὸς
673 3852 844 3954 ἡμῖν
902 3854 1060 3932 ἀντὶ
1124 3847 1488 3931 δεσπότου
1547 3848 1870 3956 πέφηνεν
1926 3849 2065 3950 ἤδη
2134 3845 2398 3928 λοιπὸν
2455 3847 2496 3925 ὀ
2560 3851 2664 3952 τῷ

252 3980 420 4082 Θεῷ
458 3977 574 4054 καὶ
614 3978 853 4077 Πατρὶ
889 3973 1337 4078 συνεδρεύων
1373 3970 1572 4058 Υἱός·
1635 3979 1931 4071 μᾶλλον
1968 3970 2045 4052 δὲ
2093 3969 2255 4052 οὐδὲ
2304 3967 2451 4054 υἱός
2502 3970 2665 4049 ἐστι

136 4134 223 4193 30
250 4097 437 4179 κατὰ
473 4096 821 4198 ἀλήθειαν
852 4132 874 4196 3
937 4100 1021 4179 οὐ
1072 4097 1218 4201 γὰρ
1273 4096 1358 4178 τὸ
1407 4099 1483 4177 ἐν
1519 4094 1833 4200 ὀργάνου
1877 4094 2082 4202 τάξει
2119 4092 2339 4192 τεθὲν,
2374 4100 2473 4178 εἶς
2510 4092 2664 4174 υἱόν

247 4257 361 4309 τις
397 4221 659 4322 νοήσαι
695 4224 811 4301 καὶ
830 4221 1354 4329 παραδέξαιτο.
1439 4223 1819 4325 ἐργαλεῖον
1856 4220 1984 4300 οὖν
2022 4217 2165 4323 ἄρα
2198 4222 2328 4319 τῆς
2358 4217 2661 4318 ἐνούσης
2685 4254 2721 4296 e

327 4520 375 4559 1.
412 4523 544 4557 ποτε
570 4501 634 4557 Ε.
658 4503 826 4557 πάντα
850 4501 955 4558 Ed.
1297 4516 1347 4573 7.
1384 4501 1463 4558 ἴσ.
1490 4501 1838 4593 ἀναφαίρετον
1861 4499 1964 4555 Ed.
1991 4518 2102 4573 mg.
2130 4499 2476 4570 ἆναφαιρετόν
2499 4495 2662 4551 habet

252 4575 313 4630 F.
340 4575 427 4645 (ιε
454 4572 595 4629 eod.
623 4573 681 4628 S.
703 4572 875 4628 Marci
896 4573 1030 4628 Ven.
1055 4574 1198 4642 121.)
1412 4590 1500 4643 23.
1536 4573 1610 4629 ‹ls-
1636 4573 1701 4627 E.
1728 4572 1849 4627 ἐστὶ
1874 4571 1977 4627 Ed.
