3238 5158
600 336 686 399 74
1207 335 1284 400 Β.
1331 333 1747 400 CYRILLI
1806 332 2381 400 ALEXANDR.
2733 330 2871 395 viii.
2897 329 3008 418 38.

597 495 789 583 Οἶδα.
842 507 939 582 ὅτι
996 500 1279 609 σπέρμα
1311 499 1654 609 Ἀβραᾶμ
1705 499 1855 583 ἐστὶ
1902 499 2111 582 ἀλλῖι
2165 497 2424 611 ζητεῖτε’
2460 534 2552 606 με
2603 500 3008 580 ἀποκτεῖναι

595 623 690 705 ’ὅτι
731 634 760 706 ὁ
801 629 1011 728 λόγος
1052 634 1080 707 o‘
1121 628 1282 733 ἐμὶς
1322 631 1391 706 οὐ
1437 630 1643 733 χωρεῖ
1683 627 1742 706 ἐν
1778 630 1951 732 ὑμῖν.
2033 627 2155 707 ναί
2195 623 2363 728 γὰρ,
2403 627 2658 732 φησὶν,
2696 622 2870 702 ὅταν
2907 627 3011 706 εἰς

596 746 826 849 μόνην
863 748 992 830 ἰ’δω
1030 747 1164 849 τὴν
1199 748 1464 854 σάρκα,
1508 752 1627 829 καὶ
1666 749 1829 830 ὅθεν
1864 750 2087 857 ἐξέφυ
2123 756 2268 830 τῶν
2303 748 2669 829 Ἰουδαίων
2702 748 2742 824 ὁ
2780 749 3011 844 δῆμος

597 871 1173 981 περισκέψωμαι,
1218 874 1380 954 τότε
1438 877 1556 954 καὶ
1613 875 1691 954 ἐκ
1745 873 2164 976 σπέρματος
2210 870 2558 975 Ἀβραὰμ
2614 868 3011 973 γεγονότας·

543 1030 579 1075 ο
602 997 773 1099 ὁρῶ·
835 994 1016 1077 ἐπάν
1062 997 1137 1077 δὲ
1191 1000 1319 1096 τῆς
1373 998 1641 1078 ἐκείνου
1693 998 2062 1082 πολιτείας
2110 1031 2189 1077 τε
2240 999 2357 1077 καὶ
2411 995 2702 1099 γνώμης
2756 1026 3009 1096 περια-
3038 1014 3077 1076 5

600 1120 857 1224 θρήσω
913 1119 999 1201 τὸ
1056 1120 1355 1219 κάλλος,
1408 1121 1845 1225 ἀλλοτρίους
1909 1123 2088 1219 ὑμᾶς
2156 1124 2274 1201 καὶ
2338 1120 2566 1200 οὐκέτι
2629 1124 3012 1222 συγγενεῖς

599 1251 1075 1344 καταθεῶμαι,
1137 1247 1348 1352 φησί.
1447 1243 1705 1355 ζητεῖτε’
1753 1281 1847 1350 με
1908 1245 2053 1349 γὰρ
2116 1249 2530 1341 ἀποκτεῖναι,
2589 1244 2818 1323 καίτοι
2876 1247 3012 1321 τοῦ

599 1367 1078 1473 προπάτορος,
1114 1370 1226 1475 ἐφ’
1268 1365 1328 1477 ᾧ
1381 1378 1508 1450 νῦν
1559 1375 1890 1475 φρονεῖτε
1945 1368 2153 1472 με’γα,
2198 1365 2300 1467 μὴ
2360 1367 2564 1453 ὄντος
2619 1373 3004 1473 φονευτοῦ·

600 1495 715 1572 καὶ
751 1492 837 1574 τό
874 1527 960 1595 γε
997 1491 1366 1597 χείριστόν
1403 1527 1481 1573 τε
1520 1496 1638 1572 καὶ
1674 1493 2313 1596 παρανομώτατον,
2340 1488 2499 1572 οὐδὲ
2536 1493 2641 1572 ἐπ’
2675 1488 3009 1591 εὐλόγοις

595 1618 766 1720 παρ’
822 1618 1021 1716 ὑμῶν
1077 1618 1422 1714 διώκομαι
1476 1623 1632 1700 ταῖς
1691 1618 1963 1715 αἰτίαις,
2021 1622 2290 1723 φονᾶτε
2347 1612 2436 1715 δὴ
2491 1615 2661 1695 λίαν
2716 1615 3006 1698 ἀδίκως·
3041 1643 3119 1685 10

598 1738 716 1820 διὰ
751 1749 966 1821 τοῦτο
1018 1738 1163 1843 γὰρ
1216 1743 1333 1820 καὶ
1382 1738 1606 1839 μόνον
1643 1742 1956 1842 ἀναιρεῖν
1991 1739 2554 1837 ἐβουλεύσασθε,
2589 1738 2685 1820 ’ὄτι
2725 1748 2755 1820 ὅ
2793 1744 3010 1843 λόγος

600 1872 630 1944 o‘
671 1863 832 1970 ἐμὶς
881 1867 949 1944 οὐ
993 1868 1201 1972 χωρεῖ
1244 1865 1303 1944 ἐν
1341 1869 1510 1969 ὑμῖν,
1550 1864 1778 1943 καίτοι
1829 1870 2076 1944 καλῶν
2114 1865 2295 1962 ὑμᾶς
2343 1868 2440 1949 εἶς
2487 1863 2852 1965 σωτηρίαν
2888 1865 3011 1943 καὶ

533 2007 578 2073 d
601 1985 811 2089 ζωήν.
911 1992 979 2068 οὐ
1042 1993 1249 2097 χωρεῖ
1304 1986 1381 2068 δὲ
1447 1990 1508 2069 ἐν
1568 1993 1742 2094 ὑμῖν,
1801 1987 1917 2068 διὰ
1976 1985 2109 2088 τὴν
2161 1986 2647 2087 ἐνοικήσασαν
2706 1989 2782 2066 ἐν
2839 1989 3012 2082 ὑμῖν

602 2111 956 2215 ἀμαρτίαν
1016 2111 1319 2211 δηλαδὴ,
1370 2115 1487 2192 καὶ
1542 2109 1769 2192 τόπον
1823 2110 2074 2215 ὥσπερ
2130 2111 2259 2190 οὐκ
2312 2115 2551 2191 ἐῶσαν
2606 2110 2791 2216 ἔχειν
2841 2108 3011 2192 τινὰ

600 2233 735 2334 τὴν
797 2237 905 2315 ἐπ’
972 2238 1271 2338 ἀγαθοῖς
1343 2234 1783 2336 συμβουλήν
1847 2270 1925 2315 τε
1996 2238 2113 2316 καὶ
2182 2236 2629 2341 παραίνεσιν.
2750 2236 3009 2316 οὐκοῦν
3040 2262 3121 2325 15

602 2361 941 2464 φονευταὶ
1018 2357 1203 2439 κατὰ
1283 2357 1546 2439 ταύτὸν
1627 2358 1959 2440 Ἰουδαῖοι
2042 2362 2160 2440 καὶ
2242 2359 2667 2439 ἀδικώτατοι
2750 2362 3007 2462 κριταὶ,

601 2480 889 2591 θανάτῳ
935 2485 1195 2589 χρῆναι
1244 2489 1593 2582 τιμᾶσθαι
1632 2481 2089 2589 διοριζόμενοι
2123 2481 2251 2564 τὸν
2285 2484 2487 2564 οὐδὲν
2523 2480 3003 2584 ἀδικήσαντα,

598 2614 891 2707 μᾶλλον
960 2607 1036 2687 δὲ
1102 2605 1232 2688 τὸν
1293 2611 1602 2712 ὠφελεῖν
1677 2606 2064 2710 ἐγνωκότα,
2130 2611 2249 2689 καὶ
2316 2606 2688 2710 διασώζειν
2751 2605 3011 2693 αὐτοὺς

599 2729 1126 2834 σπουδάζοντα.
1224 2738 1380 2816 πῶς
1436 2732 1563 2813 οὖν
1613 2729 1716 2812 ἔτι
1769 2741 2149 2836 συγγενεῖς
2194 2731 2540 2836 Ἀβραὰμ
2591 2738 2696 2841 τῷ
2755 2732 3009 2842 δικαίῳ

601 2861 718 2938 καὶ
771 2861 1050 2965 ἀγαθῷ,
1100 2862 1166 2937 οἱ
1222 2866 1578 2939 τοσοῦτον
1634 2864 1780 2936 τῶν
1834 2858 1910 2937 ἐν
1963 2858 2204 2967 ἐκείνῳ
2259 2862 2504 2937 καλῶν
2559 2855 3002 2956 λειπόμενοι,
3037 2892 3129 2935 20

541 3017 578 3061 ο
602 2988 718 3064 καὶ
781 2987 908 3083 τῆς
967 2979 1149 3085 πρὸς
1205 2979 1424 3061 αὐτὸν
1480 2982 1859 3081 ὄμοηθείας
1914 2982 2531 3085 ἐκδεδραμηκότες,
2588 2980 2769 3061 ὅσον
2823 2983 3009 3089 ἀφε-

601 3105 865 3187 στάναι
929 3107 1084 3208 δοίη
1149 3141 1255 3191 τις
1321 3103 1410 3185 ἂν
1470 3108 1588 3185 καὶ
1655 3106 2034 3211 διωρίσθαι
2094 3103 2298 3209 λέγοι
2362 3108 2492 3205 τῆς
2556 3107 2812 3207 ἀρετ-ἦς
2874 3103 3010 3207 τὴν

603 3228 1076 3338 φαυλότητας

499 3446 577 3520 38
705 3436 888 3514 ἘΓὼ
940 3440 983 3506 ἅ
1038 3438 1308 3529 ἑώρακα
1363 3440 1541 3529 παρὰ
1598 3441 1695 3525 τῷ
1747 3438 1957 3530 Πατρί
2009 3440 2216 3506 λαλῶ·
2276 3440 2384 3506 καὶ
2436 3435 2618 3517 ὑμεῖς
2671 3435 2787 3508 οὖν
2839 3442 2882 3508 ἃ

1116 3563 1445 3629 ἠκούσατε
1498 3564 1678 3653 παρὰ
1732 3569 1845 3631 τοῦ
1901 3567 2161 3656 Πατρὸο
2214 3562 2484 3633 ποιεῖτε.
3037 3576 3129 3640 ²5

711 3724 1136 3831 Ἀχώρητον
1171 3727 1314 3834 ε”φη
1363 3724 1565 3829 παρὰ
1613 3734 1765 3812 τοῖς
1798 3726 2166 3814 Ἰουδαίοις
2215 3728 2342 3810 τὸν
2375 3730 2628 3811 ἑαυτοῦ
2665 3730 3007 3833 γενέσθω

573 3849 852 3954 λόγον,
892 3850 1154 3943 ταύτης
1189 3886 1267 3930 τε
1305 3854 1422 3930 καὶ
1460 3848 1683 3951 μόνης
1721 3850 1925 3932 ἕνεκα
1960 3857 2087 3952 τῆς
2125 3855 2354 3939 αἰτίας
2392 3855 2500 3936 ἐπ’
2542 3856 2734 3963 αὐτῷ
2774 3889 3010 3960 παρο-

600 3975 988 4079 τρύνεσθαι
1025 3973 1331 4073 διειπὼν,
1365 3982 1661 4075 μᾶλλον
1697 3974 1773 4056 δὲ
1819 3979 1936 4056 καὶ
1980 3983 2354 4085 φονῶντας
2390 3976 2731 4083 ἐλέγχων,
2769 3981 3000 4083 ἀναγ-

675 4169 727 4223 3.
765 4154 935 4222 σάρκα
961 4151 1027 4207 Β.
1057 4151 1239 4208 Holst.
1263 4154 1389 4207 κατὰ
1414 4153 1583 4223 σάρκα
1764 4152 1781 4171 ’
1834 4176 1916 4209 ιαν
1938 4154 2085 4210 Aub.
2384 4168 2435 4226 7.
2467 4157 2570 4229 γάρ
2591 4178 2657 4227 με
2680 4155 2894 4211 inverso
2917 4174 3011 4212 or-

604 4221 729 4279 dine
754 4241 802 4278 a.
950 4239 1033 4279 10.
1058 4226 1255 4296 φονᾶτε
1282 4223 1399 4278 ΒΑ.
1421 4223 1539 4279 Cat.
1563 4224 1679 4278 Har
1705 4265 1717 4278 .
1745 4226 1975 4295 φρονᾶτε
1997 4226 2128 4296 preli
2154 4225 2451 4297 sphalmata
2467 4227 2613 4283 Aub.
2638 4229 2882 4298 φρονεῖτε
2906 4228 3010 4286 Ht-

606 4293 692 4350 16.
732 4295 858 4348 κατὰ
880 4293 1070 4349 ταύτὸν
1093 4292 1253 4349 edidi.
1279 4296 1605 4350 καταταυτὼν
1630 4295 1697 4350 Β.
1722 4294 1829 4350 κατ’
1854 4296 2021 4351 αὐτῶν
2047 4296 2147 4351 Ht.
2174 4296 2284 4352 κατ’
2307 4299 2464 4352 αὐτὸν
2489 4296 2593 4352 Ed.
2750 4314 2833 4369 19.
2871 4321 3007 4370 συγ-

718 4363 791 4436 ἲς]
827 4371 884 4430 -Ι-
914 4368 986 4446 τῷ
1018 4365 1116 4419 Ht.
1140 4364 1246 4420 Ed.
1267 4364 1450 4420 invitis
1476 4366 1593 4421 B.a.
1764 4382 1849 4420 20.
1888 4367 1944 4421 ἐν
1966 4384 2075 4423 om.
2103 4367 2308 4439 Migne.
2479 4385 2565 4424 21.
2603 4368 2825 4440 ἐδεδριμ
2860 4372 3009 4427 πότις

656 4476 670 4491 .
695 4434 998 4490 emendant
1019 4436 1118 4490 Ht.
1143 4433 1342 4490 desunt
1364 4434 1528 4491 verba
1551 4434 1815 4508 quaedam
1838 4436 1897 4492 in
1920 4454 1969 4492 a.
2116 4455 2201 4494 22.
2225 4438 2504 4509 διωρίσθω
2527 4438 2777 4494 emendat
2863 4458 3011 4512 eyse.

595 4505 888 4578 δωρεῖσθαι
914 4506 980 4562 Β.
1007 4504 1110 4561 Ed.
1138 4506 1230 4561 διω
1291 4506 1438 4561 ῖσθαι
1463 4506 1541 4561 Μ’
1625 4524 1673 4562 ο.
1836 4521 1923 4580 27.
1960 4508 2612 4581 λόγον-παροτρύνεσθαι
2634 4520 2918 4582 assumpta
2940 4529 3009 4567 ex

600 4576 668 4634 Β.
741 4576 936 4634 Statim
959 4578 1171 4633 διειπῶν
1197 4528 1353 4647 ls‘ssr)
1379 4577 1537 4632 εἰπὸν
1610 4576 1665 4632 d.
