3238 5158
175 354 423 446 viii.31.
542 360 656 425 IN
715 360 781 426 S.
830 359 1341 427 JOANNEM.
1431 358 1624 423 LIB.
1657 357 1740 422 V.
1831 355 2038 422 CAP.
2073 356 2156 420 V.
2466 353 2550 417 57

199 594 419 671 ἕλει-εν
464 594 578 664 οὖν
621 599 658 666 6
698 599 955 665 Ἰησοῦς
1004 598 1170 687 πρὸς
1217 599 1368 665 τούς
1416 600 1928 666 πεπιστευκότας
1977 597 2158 681 αὐτῷ
2186 593 2548 661 Ἰουδαίους
2578 608 2654 667 31

257 720 414 788 Ἐὰν
471 721 654 801 ὑμεῖς
716 725 979 802 μείνητε
1038 726 1109 791 ὲν
1171 727 1266 810 τῷ
1329 726 1505 811 λόΓῳ
1565 730 1662 811 τῷ
1714 725 1871 811 ἐμῷ,
1932 723 2202 790 ἀληθῶς
2263 718 2550 798 μαθηταί

264 869 384 922 μου
435 849 609 920 ἐστέ.

274 1024 566 1129 Τρόπον
602 1032 890 1110 ἀπαιτεῖ
930 1027 1096 1114 τοὺς
1142 1031 1677 1116 πιστεύσαντας
1728 1028 1854 1110 τὸν
1898 1025 2393 1132 ἐρηρεισμένον
2439 1028 2555 1105 καὶ

119 1176 151 1236 5
173 1148 537 1252 πεπήγοτα
585 1155 703 1233 καὶ
756 1154 1050 1252 ἑτοίμως
1099 1155 1357 1260 ἔχοντα
1410 1153 1591 1257 πρὸς
1647 1152 1990 1255 διαμονὴν
2038 1161 2166 1233 τοῦ
2215 1148 2561 1257 καθάπαξ
2580 1179 2617 1222 θ

174 1276 557 1376 αἱρεθέντος
594 1278 831 1361 αὐτοῖς
865 1282 1162 1380 ἀγαθοῦ.
1246 1287 1462 1358 τοῦτο
1498 1280 1572 1358 δὲ
1610 1277 1699 1379 ἦν
1736 1279 1780 1378 ἡ
1815 1278 2060 1361 πίστις
2096 1277 2142 1376 ἡ
2180 1282 2276 1360 εἰς
2313 1272 2551 1355 αὐτόν.

173 1396 251 1476 τὸ
305 1398 444 1502 γὰρ
505 1400 1087 1507 ἐπαμφοτερίζειν
1142 1399 1447 1501 ἀνόητόν
1504 1436 1580 1480 τε
1648 1409 1765 1480 καὶ
1824 1398 2110 1505 ἀκερδὲς
2174 1400 2558 1505 ἀποφαίνει

173 1530 553 1623 παντελῶς,
590 1527 739 1605 ἐπεὶ
777 1529 893 1605 καὶ
931 1535 975 1572 “
999 1522 1229 1629 Ἀνὴρ
1267 1527 1601 1632 δίψυχος,
1639 1523 2141 1607 ἀκατάστατος
2176 1525 2250 1602 ἐν
2285 1520 2559 1605 πάσαις
2651 1524 2834 1640 ἓζῦω·
2859 1522 2894 1573 ⁵·

175 1656 216 1692 “
248 1655 396 1730 ταῖς
452 1651 644 1733 ὁδοῖς
699 1650 1013 1745 ἑαυτοῦ,”
1055 1649 1243 1729 καθὰ
1291 1648 1718 1751 γέγραπται.
1796 1647 1882 1729 τὸ
1933 1648 2009 1728 δὲ
2059 1647 2289 1754 ἀπρὶξ
2330 1643 2557 1725 ἅπτε·

91 1794 156 1835 10
178 1776 342 1850 σθαι
390 1779 537 1851 τῶν
587 1773 1168 1853 λυσιτελούντων
1201 1774 1637 1875 ἐπείγεσθαι,
1676 1770 1921 1924 σοφὸν
1965 1769 2187 1854 ὅντως
2236 1772 2395 1849 ἐστὶ
2445 1771 2565 1848 καὶ

178 1894 792 2001 ἕπωφελέστατον.
895 1930 1079 1976 οσον
1139 1894 1273 1996 μὲν
1336 1897 1463 1977 οὖν
1527 1897 1696 1997 ἧκεν
1760 1901 1857 1979 εἷς
1916 1893 2000 1975 τὸ
2064 1898 2323 1994 νοῆσαι
2385 1926 2566 1994 προ-

181 2017 433 2120 χείρως,
472 2019 697 2100 ἐκεῖνό
734 2024 993 2127 φησιν,
1037 2022 1134 2105 ὡς
1173 2019 1370 2125 εἴπερ
1408 2019 1498 2100 ἂν
1532 2020 1920 2115 βούλοιντο
1957 2026 2105 2102 τοῖς
2141 2019 2308 2119 παρ’
2346 2017 2564 2096 αὐτοῦ
2589 2050 2627 2091 a
2667 2035 2805 2092 534
2824 2033 2897 2090 Δ.

183 2142 729 2223 καταπείθεσθαι
783 2142 1054 2243 λόγοις,
1110 2144 1270 2226 τότε
1330 2141 1418 2243 δὴ
1476 2142 1762 2227 πάντως
1825 2148 1942 2222 καὶ
1999 2143 2218 2222 αὐτοῦ
2274 2174 2557 2245 χρημα-

183 2272 399 2343 τιοῦσι
451 2266 794 2365 μαθηταί.
882 2301 1064 2347 οσον
1119 2265 1197 2349 δὲ
1251 2303 1349 2351 εις
1404 2266 1488 2347 τὸ
1548 2267 1865 2347 συνιέναι
1922 2300 1993 2345 τι
2053 2296 2562 2369 κεκρυμμενον,

102 2408 163 2467 ¹5
187 2390 387 2468 ἐκεῖνο
424 2393 666 2489 δηλοῖ·
726 2391 964 2490 λέγων
1000 2389 1144 2495 γὰρ
1180 2389 1288 2470 ὅτι
1309 2389 1470 2471 Ἐἒιν
1506 2395 1693 2496 ὑμεῖς
1730 2394 1986 2493 μείνητε
2024 2391 2083 2470 ἐν
2120 2387 2212 2495 rc}
2249 2390 2442 2496 λόγῳ
2478 2394 2572 2495 τῷ

189 2511 334 2619 ἐμῷ,
369 2514 711 2621 φαίνεταί
740 2549 894 2600 πως
930 2511 1184 2600 αὐτοὺς
1220 2517 1523 2618 ἀγωγῶς
1558 2549 1635 2596 τε
1675 2517 1790 2596 καὶ
1826 2511 2074 2618 πράως
2112 2511 2571 2617 διδαγμάτων

187 2633 485 2742 ἐξέλκων
520 2645 673 2719 τῶν
702 2645 1193 2738 Μωυσαῖκῶν,
1230 2643 1347 2719 καὶ
1384 2644 1511 2739 τῆς
1546 2638 1678 2737 μὲν
1715 2648 1841 2719 τοῦ
1880 2635 2303 2742 γράμματος
2334 2670 2572 2741 προσ·-

191 2762 435 2862 εδρείας
485 2761 831 2869 ἀφιστὰς,
879 2761 1110 2844 οὐκέτι
1163 2797 1242 2842 τε
1296 2770 1443 2847 τοῖς
1501 2765 1580 2843 ἐν
1629 2761 1831 2870 τύπῳ
1888 2763 2285 2862 λαληθεῖσί
2326 2795 2406 2840 τε
2457 2762 2574 2839 καὶ

193 2886 705 2989 πεπραγμένοις
751 2892 1232 2990 προσκεῖσθαι
1279 2886 1608 2984 κελεύων,
1647 2893 1940 2985 μᾶλλον
1979 2881 2056 2962 δὲ
2094 2889 2197 2991 τῷ
2232 2881 2437 2992 λόγῳ
2473 2886 2577 2989 τῷ

112 3031 176 3072 ²0
195 3009 347 3109 παρ’
371 3012 610 3107 αὐτοῦ,
637 3008 814 3113 ὅπερ
848 3012 1051 3090 ἐστὶν
1076 3012 1389 3113 ἐναργῶς
1416 3007 1501 3088 τὸ
1529 3007 2001 3111 εὖαγγελικὸν
2029 3010 2146 3087 καὶ
2183 3007 2577 3087 θεσπέσιον

198 3127 528 3233 κήρυγμα.
608 3133 855 3213 ἐλάλει
905 3133 1049 3236 γὰρ
1099 3137 1217 3213 καὶ
1265 3132 1493 3214 πάλιν
1531 3132 1718 3235 πρὸς
1766 3132 1952 3232 ἡμᾶς
2002 3129 2119 3210 διὰ
2167 3136 2313 3211 τῶν
2350 3129 2574 3232 ἁγίων
2598 3137 2643 3204 b

198 3263 599 3362 προφητῶν,
657 3258 830 3336 ἀλλ’
881 3257 1076 3358 ἦσαν
1131 3263 1198 3337 οἱ
1256 3256 1770 3356 μεσιτεύοντες,
1821 3259 1887 3334 οἱ
1944 3256 2030 3334 δι’
2084 3251 2185 3335 ὧν
2240 3253 2576 3353 δηλονότι

201 3377 345 3461 τοὺς
376 3378 557 3483 πρὸς
596 3380 780 3480 ἡμᾶς
815 3381 1116 3461 ἐποιεῖτο
1153 3379 1440 3484 λόγους.
1515 3379 1739 3480 λόγος
1790 3378 1867 3459 δὲ
1923 3381 2177 3482 κυρίως
2225 3379 2443 3457 αὐτοῦ
2491 3375 2577 3458 τὸ

204 3500 649 3603 εὖαγγελικὸν
706 3502 1134 3604 νοηθήσεται
1188 3503 1542 3657 κήρυγμα·
1629 3504 1713 3582 οὐ
1768 3500 1911 3605 γὰρ
1965 3504 2051 3580 δι’
2101 3502 2341 3605 ἑτέρου
2393 3499 2577 3604 πρὸς

127 3638 185 3696 ²5
209 3622 388 3723 ἡμᾶς,
427 3626 631 3707 ἀλλὰ
665 3629 752 3709 δι’
791 3629 1010 3708 αὐτοῦ
1043 3625 1344 3729 γεγονὸς
1378 3627 1822 3730 εὑρίσκομεν·
1885 3625 2002 3706 διὰ
2036 3624 2179 3728 γάρ
2215 3659 2324 3704 τοι
2363 3633 2576 3705 τοῦτο

209 3751 308 3826 καὶ
357 3750 914 3855 ἐνανθρωπήσας
965 3751 1199 3901 φησίν
1236 3761 1280 3798 “
1310 3749 1545 3834 Αὐτὸς
1602 3752 1646 3828 ὃ
1701 3756 1954 3830 λαλῶν
2008 3748 2357 3850 πάρειμιΫ
2426 3752 2574 3828 ε’πι-
2667 3771 2752 3821 Eu.
2775 3769 2913 3821 1116·

211 3875 625 3977 μαρτυρήσει
680 3875 754 3954 δε
803 3878 919 3954 καὶ
975 3877 1015 3954 6
1068 3880 1369 3957 Παῦλος
1420 3874 1659 3976 λε’γων
1711 3877 1787 3953 ἐν
1833 3880 1923 3978 τῇ
1971 3907 2153 3974 προς
2188 3872 2574 3975 Ἑβραίους

210 3994 536 4105 ἐπιστολῇ
603 4010 645 4046 “
686 4004 1131 4101 Πολυμερῶς
1204 4001 1323 4078 καὶ
1401 3996 1878 4101 πολυτρόπως
1960 3995 2190 4077 πάλαι
2275 3997 2315 4074 6
2388 3994 2575 4082 Θεὸς
2667 4018 2847 4070 Heba.
2867 4032 2911 4069 1.

275 4230 323 4284 8·
354 4237 597 4292 παντελὲς
622 4234 688 4290 Β.
714 4234 1017 4290 emendavit
1044 4234 1226 4290 Holst.
1582 4253 1636 4306 9.
1671 4233 1928 4289 ἅπτεσθαι
1951 4250 2071 4304 oonJ
2057 4231 2168 4286 eci.
2195 4231 2448 4299 ηττῆσθαι
2474 4230 2578 4287 Ed.

220 4296 387 4358 Statim
412 4312 511 4360 τῶν
532 4305 949 4362 λυσιτελούντων
899 4307 1339 4504 Edcongocity
1216 4306 1339 4378 Hey
1341 4324 1415 4361 se.
1433 4308 1495 4360 τὸ
1516 4307 1833 4361 λυσιτελοῦν
1856 4310 1957 4359 τῶν
1976 4303 2041 4357 Β.
2060 4305 2120 4356 τὸ
2143 4304 2459 4357 λυσιτελοῦν
2473 4300 2577 4361 Ed.

224 4370 294 4423 18
324 4374 375 4428 ἐν
395 4393 498 4430 om.
524 4376 669 4431 Aub.
831 4393 920 4431 20.
956 4379 1016 4430 τὸ
1100 4379 1378 4449 αγγελικὸν
1401 4378 1482 4432 καὶ
1507 4374 1797 4430 θεσπέσιον
1818 4374 2050 4445 κήρυγμα
2077 4373 2141 4427 Β.
2166 4376 2259 4457 τῷ
2262 4373 2313 4425 ε’
2425 4375 2581 4444 ελικῷ

221 4442 291 4494 καὶ
310 4443 649 4530 θεσπεσίφκη
1227 4465 1312 4502 21.
1350 4449 1511 4503 πάλιν
1535 4446 1697 4499 habet
1722 4444 1809 4511 B„
1836 4445 1930 4500 ned
1954 4446 2117 4499 πάλαι
2142 4443 2389 4531 conjicit
2439 4459 2580 4513 cyse.

223 4523 296 4633 2B2·
306 4514 530 4638 lgm„
500 4517 566 4572 Β.
594 4517 693 4573 Ht.
651 4469 962 4644 ιΑλμαὲνότι
899 4446 1286 4574 Edemendavit
1308 4526 1371 4572 ut
1395 4516 1653 4573 adnotat
1638 4534 1752 4587 lpse
1778 4514 1922 4571 Aub.
2155 4527 2240 4584 25.
2277 4512 2585 4583 εὑρίσκομεν

415 4587 700 4658 ευρῆσομεν
774 4605 811 4643 u

293 4685 421 4735 voL.
450 4689 527 4735 11.
1404 4692 1431 4735 Ι
