3238 5158
588 354 716 417 156
1195 355 1272 418 Β.
1320 354 1743 419 CYRILLI
1802 353 2379 418 ALEXANDR.
2723 350 2811 414 ix.
2836 349 2897 427 6,
2925 363 2987 430 7.

589 522 880 620 πρῶτον
930 516 1061 616 μὲν
1117 517 1227 598 ὅτι
1286 517 1777 624 παρατρέχων,
1836 522 1950 598 καὶ
2015 518 2101 598 τὸ
2159 516 2360 621 παρὰ
2422 522 2569 599 τοῖς
2622 513 2992 597 Ἰουδαίοις·

524 649 567 721 d
592 642 797 746 ἀφεὶς
850 639 1058 743 ἱερὸν,
1094 644 1229 748 ὁρᾷ
1279 639 1409 722 τὸν
1453 640 1761 748 τυφλὸν,
1798 638 1951 722 εἶτα
2005 641 2237 750 τούτῳ
2287 643 2568 722 κάκεῖνο
2615 637 2993 744 χρησίμως

591 765 1000 862 ἐποίσομεν,
1038 766 1134 849 ὦς
1170 766 1701 869 παρακλήσεως
1736 767 1926 871 δίχα,
1964 769 2082 846 καὶ
2119 763 2401 849 οὐδενὸς
2438 766 2994 865 ἐκλιπαροῦντος

590 886 831 986 αὐτὸν,
869 890 1277 996 ε’θελουργῷ
1328 889 1403 971 δὲ
1455 897 1749 989 μᾶλλον
1785 893 1901 970 καὶ
1937 888 2479 996 αὖτοκελεύστῳ
2513 890 2704 993 ῥοπῇ
2741 882 2985 986 πρόσ-

594 1046 778 1092 εισιν
842 1013 883 1091 5
957 1011 1215 1116 Σωτὴρ
1287 1015 1403 1094 ἐπὶ
1476 1012 1561 1094 τὸ
1635 1014 1877 1094 θέλειν
1942 1014 2298 1094 ἰάσασθαι
2370 1011 2500 1094 τὸν
2572 1009 2983 1113 ἄνθρωπον,
3020 1032 3064 1092 5

593 1141 894 1235 σημεῖον
948 1135 1199 1239 ὥσπερ
1259 1141 1377 1217 καὶ
1436 1147 1655 1218 τοῦτο
1711 1143 1929 1223 τιθεὶς
1991 1142 2087 1222 ὡς
2145 1139 2470 1234 οὐδεμιᾶς
2527 1137 2605 1216 ἐκ
2659 1137 2785 1233 τῆς
2842 1138 2991 1212 τῶν

592 1263 816 1340 ἐθνῶν
887 1262 1212 1360 πληθύος
1284 1259 1819 1364 παρακλήσεως
1897 1261 2396 1365 γεγενημένης·
2493 1257 2757 1341 πάντες
2842 1254 2991 1360 γὰρ

592 1379 786 1482 ἦσαν
821 1386 897 1464 ἐν
930 1390 1022 1490 τῇ
1058 1381 1331 1492 πλάνῃ·
1398 1383 1585 1470 Θεὸς
1630 1383 1976 1490 ὑπάρχων
2012 1388 2129 1464 καὶ
2177 1381 2446 1488 ἀγαθὸς
2494 1379 2679 1463 κατὰ
2729 1379 2985 1484 φύσιν,

502 1581 509 1586 .
592 1505 1031 1608 αὐτόκλητος
1097 1506 1346 1612 ὥσπερ
1413 1511 1529 1590 ἐπὶ
1593 1509 1720 1590 τὸν
1775 1511 1881 1590 ἐπ’
1940 1510 2179 1592 αὐτοῖς
2234 1506 2445 1588 ἔλεον
2498 1503 2985 1608 παρελήλυθε.

592 1637 747 1715 πῶς
797 1630 942 1735 γὰρ
990 1629 1081 1711 ἂν
1118 1631 1307 1716 ὅλως
1358 1629 1404 1732 ἢ
1456 1632 1641 1713 κατὰ
1688 1633 1851 1713 τίνα
1896 1630 2171 1736 τρόπον
2206 1631 2515 1740 ἐξῄτησε
2563 1626 2762 1731 παρὰ
2797 1631 2991 1708 Θεοῦ
3029 1662 3114 1704 10

533 1780 570 1823 θ
594 1754 722 1836 τὸν
785 1753 989 1835 ἐ’λεον
1054 1756 1095 1834 5
1159 1754 1527 1860 πολύχους
1591 1763 1738 1836 τῶν
1795 1755 2183 1856 Ἑλλήνων
2246 1751 2566 1860 ἀριθμὸς,
2623 1750 2782 1852 ἤτοι
2845 1756 2992 1830 τῶν

594 1883 840 1975 ἐθνῶν,
864 1880 1328 1982 ἁσυγκρίτοις
1362 1881 1697 1978 ἀμαθίαις
1734 1878 2377 1985 κατακεχωσμένον
2414 1879 2599 1984 ἔχων
2611 1875 2754 1958 τὸν
2789 1882 2987 1973 νοῦν,

595 2005 691 2086 ὡς
765 2001 1103 2102 μηδόλως
1167 2003 1346 2106 ὁρᾶν
1406 2002 1762 2084 δύνασθαι
1835 2001 1963 2084 τὸν
2027 2002 2453 2110 φωτιστήν,
2538 2000 2790 2104 ὥσπερ
2864 1998 2995 2079 οὖν

594 2125 840 2224 ἀμέλει
896 2130 1012 2207 καὶ
1068 2128 1109 2206 5
1164 2127 1756 2231 τεθεραπευμένος
1812 2126 2092 2235 τυφλὸς
2146 2130 2275 2208 οὐκ
2328 2124 2473 2208 οἶδε
2514 2124 2641 2207 τὸν
2672 2127 2988 2226 Ἰησοῦν,

594 2251 773 2358 ἐλέῳ
827 2249 903 2330 δὲ
958 2254 1076 2330 καὶ
1134 2254 1645 2359 φιλανθρωπίᾳ
1694 2249 1779 2331 τὸ
1825 2253 1992 2353 παρ’
2033 2254 2295 2333 ἐλπίδα
2344 2252 2705 2355 κερδαίνει·
2775 2246 2816 2328 5
2871 2249 2992 2328 καὶ
3027 2283 3109 2344 15

593 2381 742 2458 τοῖς
791 2373 1072 2454 ἔθνεσιν
1111 2372 1443 2479 ὑπήρχθη
1493 2372 1610 2454 διὰ
1645 2380 2004 2478 Χριστοῦ.
2086 2379 2162 2454 ἐν
2206 2372 2570 2483 σαββάτῳ
2629 2369 2853 2475 γεμὴν
2896 2369 2994 2451 τὰ

591 2501 719 2598 τῆς
775 2500 1151 2603 θεραπείας
1206 2504 1534 2598 τελεῖται,
1577 2497 1807 2579 τύπον
1857 2498 2026 2599 ἡμῖν
2066 2501 2142 2579 ἐν
2185 2496 2463 2584 τούτοις
2520 2501 2996 2599 ἀποπληροῦν

592 2623 976 2728 ἰσχύοντος
1031 2631 1158 2703 τοῦ
1213 2622 1602 2720 σαββάτου
1655 2631 1785 2704 τοῦ
1840 2626 2248 2706 τελευταίου
2303 2632 2550 2727 καιροῦ
2605 2631 2732 2703 τοῦ
2795 2653 2988 2722 παρ-

592 2746 799 2831 όντος
862 2754 1137 2844 αἰῶνος,
1194 2747 1357 2827 καθ’
1419 2745 1504 2827 ὃν
1561 2755 1711 2831 τοῖς
1774 2747 2055 2849 ἔθνεσιν
2109 2747 2536 2856 ἐπέλαμψεν
2598 2749 2639 2827 5
2707 2742 2992 2849 Σωτήρ·

260 2892 397 2949 602
412 2892 491 2949 Δ.
535 2907 572 2947 ει
591 2869 802 2957 τέλος
854 2869 987 2972 μὲν
1031 2870 1176 2974 γὰρ
1229 2868 1628 2972 ἑβδομάδος
1674 2870 1759 2952 τὸ
1809 2870 2215 2971 σάββατον,
2253 2869 2713 2971 ἐπιδεδήμηκε
2758 2863 2832 2947 δὲ
2875 2869 2996 2948 καὶ
3027 2906 3111 2950 20
3143 2876 3158 2889 ⁴

593 2996 919 3102 ἐπεφάνη
972 3004 1204 3076 πᾶσιν
1258 2997 1427 3096 ἡμῖν
1483 2997 1524 3076 5
1582 2995 2007 3098 Μονογενὴς
2062 2998 2139 3076 ἐν
2187 2996 2463 3102 ἐσχάτῃ
2518 2993 2690 3101 ὥρᾳ,
2747 2995 2863 3072 καὶ
2920 2993 3000 3071 ἐν

593 3121 1024 3205 τελευταίοις
1078 3128 1209 3200 τοῦ
1261 3126 1515 3204 αἷῶνος
1575 3127 1865 3222 καιροῖς.
1940 3118 2145 3200 ἀλλὰ
2198 3122 2318 3200 καὶ
2371 3117 2499 3199 τὸν
2537 3122 2681 3219 τῆς
2737 3114 3001 3202 ἰάσεως

258 3249 345 3377 {³23
371 3266 470 3300 ⁰¹²¹·
593 3242 864 3346 τρόπον
907 3243 1114 3350 ἄξιον
1162 3241 1385 3327 ὅντως
1441 3242 1986 3343 ἆποτεθηπότας
2039 3250 2260 3326 εἰπεῖν
2295 3254 2336 3290 “
2364 3245 2495 3328 Ὡς
2546 3232 3000 3345 ἐμεγαλύνθη

596 3378 640 3415 “
674 3365 769 3447 τὰ
802 3362 983 3468 ’ἔργα
1018 3400 1159 3446 σου
1201 3366 1440 3470 Κύριε,
1474 3366 1714 3449 πάντα
1749 3370 1826 3449 ἐν
1861 3367 2093 3476 σοφίᾳ
2127 3367 2544 3469 ἐποίησας.”

706 3494 862 3570 Τοῦ
900 3487 1046 3592 γὰρ
1083 3487 1315 3595 χάριν,
1352 3493 1498 3594 ἐρεῖ
1525 3527 1633 3576 τις
1668 3487 1910 3596 τυχὸν,
1951 3493 2177 3571 καίτοι
2213 3491 2415 3599 λόγῳ
2451 3487 2689 3571 πάντα
2728 3523 2993 3594 κατορ-
3028 3516 3110 3581 25

598 3619 773 3694 θοῦν
809 3611 1119 3698 εὐκόλως
1170 3610 1575 3715 δυνάμενος,
1613 3614 1960 3722 ἆναφύρει
2007 3613 2140 3716 μὲν
2175 3616 2389 3711 πηλὶν
2423 3613 2570 3695 ἀπὸ
2619 3616 2729 3695 τοῦ
2763 3612 2994 3695 πτύσ-

665 3834 721 3889 3.
757 3817 1048 3906 ἐποίσωμεν
1072 3836 1120 3874 ο.
1214 3818 1434 3888 μηδενὸς
1457 3836 1506 3873 c.
1665 3837 1717 3886 4.
1751 3820 1996 3889 πρόεισιν
2019 3835 2067 3874 ο.
2229 3832 2283 3891 5.
2321 3817 2500 3874 ῖιίσθαι
2525 3836 2573 3872 c.
2740 3817 2793 3885 6,
2818 3829 2850 3908 7
2856 3820 3002 3946 .οὲἒς

596 3897 650 3943 et
671 3886 902 3977 πληθύος
926 3897 1203 3959 assumpta
1226 3908 1290 3943 ex
1316 3888 1670 3943 a.desunt'1n
1696 3906 1744 3943 c.
1957 3889 2012 3944 8.
2047 3891 2246 3957 τῇ.οιιι
2271 3906 2371 3944 auc
2399 3888 2563 3943 θοι-ἀ.
2696 3889 2778 3942 καὶ
2802 3910 2873 3971 σγ

596 3980 726 4014 κατα
748 3958 917 4031 φύσιν
936 3959 1002 4015 Β.
1025 3907 1219 4052 ἇγαρθὸς
1242 3960 1326 4014 καὶ
1348 3960 1474 4014 κατὰ
1498 3957 1667 4030 φύσιν
1688 3959 1882 4030 ἀγαθὸς
1908 3957 2006 4014 Ht.
2029 3959 2131 4014 Ed.
2206 3960 2311 4015 Pro
2336 3957 3002 4048 Ot5r—<pt'm’wmxh1beut

595 4029 791 4153 αΞαθὸς
821 4030 892 4084 ὣν
923 4030 1051 4084 κατὰ
1071 4029 1234 4154 &ti-d
1166 4052 1254 4085 σιν
1276 4048 1343 4098 a„
1367 4028 1612 4121 αγαθὸς[
1615 4030 1673 4083 δὲ
1709 4029 1859 4084 addit
1893 4029 2058 4084 Cord.
2063 4028 2089 4102 ]
2119 4031 2246 4085 κατὰ
2275 4029 2491 4101 φύσινσ
2467 4031 2713 4120 υπάρχων
2739 4027 2796 4119 [6
2824 4027 3002 4098 κύριος

595 4052 746 4154 ΞΞάἱι
773 4098 937 4153 Cord.
993 4118 1042 4154 ο.

599 4170 700 4224 Ht.
727 4098 1042 4238 §Thuyn-je
1023 4169 1142 4224 Cat.
1167 4180 1231 4225 ut
1254 4169 1363 4225 vid.
1390 4169 1533 4225 Aub.
1559 4181 1613 4225 et
1637 4172 1711 4225 ita
1733 4188 1779 4225 a.
2017 4187 2100 4225 12.
2137 4170 2402 4243 αμαθίαις]
2429 4171 2667 4240 ἀθυμίαις
2693 4171 2812 4225 Cat.
2841 4169 2999 4226 Harl.

596 4249 732 4295 teste
758 4240 901 4294 Aub.
1051 4257 1116 4308 14
1120 4236 1265 4295 ,οἶδε
1294 4240 1358 4293 Β.
1385 4236 1489 4295 εἶδε
1519 4240 1617 4296 Ht.
1644 4241 1748 4297 Ed.
1774 4259 1823 4296 c.
1851 4240 2016 4296 Cord.
2040 4251 2092 4295 et
2114 4243 2167 4313 (e
2191 4242 2274 4297 sil.
2280 4242 2300 4312 )
2322 4260 2371 4296 a.
2522 4255 2616 4332 ¹5·
2629 4238 2911 4311 κερδαίνειν
2932 4240 3001 4297 Β.

603 4311 686 4365 16.
724 4310 1111 4435 ὑπήρχθῖ-ιΒΑ.
1136 4309 1341 4382 ὑπήχθη
1278 4311 1468 4379 θη.Ηῑ
1496 4311 1601 4366 Ed.
1794 4326 1876 4383 17.
1916 4312 2225 4367 ἐπιτελεῖται
2250 4331 2297 4368 c.
2327 4311 2490 4368 Cord.
2584 4311 2904 4381 ἀποπληρῶν
2931 4311 3000 4367 Β.

596 4382 911 4451 ὑποπληρῶν
996 4392 1019 4436 t
1060 4381 1397 4472 ἀποπληροῦν
1420 4400 1448 4436 e
1474 4382 1592 4438 Cat.
1626 4381 1779 4437 Harl.
1805 4391 1867 4437 ut
1890 4382 1999 4437 vid.
2026 4382 2174 4439 Aub.
2405 4399 2491 4438 20.
2527 4384 2630 4455 γὰρ
2655 4390 2999 4453 assumptum

595 4470 663 4507 ex
686 4471 736 4507 a.
924 4468 1010 4507 21.
1047 4403 1343 4523 ἐπεπεφανη
1373 4453 1437 4508 Β.
1462 4452 1765 4508 emendavit
1793 4452 1895 4508 Ht.
1922 4453 2119 4544 dqsunt
2143 4453 2306 4510 verba
2327 4454 2429 4510 tria
2451 4455 2509 4509 in
2536 4471 2583 4507 a.
2779 4466 2865 4520 25.
2904 4456 3002 4508 τοῦ

595 4524 698 4592 γὰρ
721 4520 783 4591 ἦν
806 4523 889 4577 καὶ
910 4524 1064 4595 χάριν
1090 4523 1155 4578 Β.
1180 4523 1482 4579 emendavit
1511 4523 1611 4579 Ht.
1636 4524 1773 4581 τίνος
1794 4525 1897 4597 γὰρ
1920 4546 2075 4597 χαριν
2096 4542 2146 4581 a.
2417 4522 2503 4582 26.
2538 4523 2904 4594 βαπτίσματος
2930 4523 2999 4579 Β.

595 4593 896 4664 πτύσματος
918 4594 1219 4650 emendavit
1248 4593 1343 4648 Ht.

1437 4118 1488 4170 9.
1526 4100 1592 4154 ἐπ
1587 4028 1888 4157 [ahs-ovea.
1911 4101 2156 4157 αυτοῖςο.
2184 4100 2348 4156 Cord.
2557 4117 2639 4155 10.
2677 4100 2832 4168 εξῃτη
2835 4099 3000 4156 σεΒ.
