3238 5158
237 302 373 367 xiii.
399 324 503 390 31,
529 325 634 392 32.
808 307 923 372 ΙΝ
985 309 1052 372 s,
1101 307 1615 372 JOANNEM.
1707 308 1900 374 ΜΒ.
1950 310 2070 374 ΙΧ.
2515 313 2645 377 3⁷9
2731 266 2738 273 ’

237 471 355 546 καὶ
427 468 591 571 πρὸΕ
637 470 930 574 σαρκὸς,
1007 479 1102 557 εἷς
1176 483 1386 554 τοῦτο
1463 474 1550 574 δὴ
1626 472 1916 559 πάντως
1990 479 2107 556 καὶ
2187 478 2335 574 μετ’
2417 477 2638 575 αὐτῆς

236 592 669 694 ἀναδραμὼν
724 601 853 696 τῆς
909 596 1206 699 σαρκὸς,
1261 596 1447 678 κατὰ
1501 607 1715 679 τοῦτο
1774 597 2211 706 δεδοξάσθαι
2270 608 2647 696 νομιοῦμεν

237 714 476 814 αὐτὸν,
507 719 734 799 καίτοι
769 725 897 820 τῆς
934 720 1152 827 δόξης
1188 720 1363 801 ὄντα
1400 721 1516 801 διὰ
1549 719 1819 806 παντός
1862 723 2155 825 Κύριον.
2222 720 2467 802 καινὸν
2504 723 2647 825 γὰρ

238 839 442 919 οὐδὲν
504 844 579 920 ἐν
639 848 945 952 Χριστῷ
1017 852 1163 924 τῶν
1224 852 1642 949 θεοπρεπῶν
1715 844 2149 953 ἀξιωμάτων
2223 847 2645 950 εὑρίσκεται,

170 985 209 1044 5
237 960 421 1067 ἔχων
471 964 546 1045 δὲ
599 966 841 1048 πάντα
899 975 1249 1074 φυσικῶς,
1299 974 1397 1054 ὡς
1445 968 1655 1068 Θεὸς,
1704 974 1823 1050 καὶ
1875 969 2019 1073 πρὸ
2074 975 2202 1071 τῆς
2253 971 2645 1072 λεγομένης
2669 1008 2706 1048 a
2746 993 2877 1050 ‘146
2897 991 2983 1048 A.

239 1087 629 1175 κενώσεως·
713 1091 917 1171 ἀλλὰ
977 1096 1095 1174 καὶ
1153 1097 1281 1192 τῆς
1341 1094 1754 1199 ληφθείσης
1814 1103 1941 1173 τοῦ
2007 1093 2271 1174 δούλου
2334 1098 2646 1199 μορφῆς,

238 1212 617 1318 ἐπειδήπερ
690 1216 944 1296 ἑαυτὸν
1018 1218 1459 1311 ἀνεβίβασεν
1532 1223 1631 1301 εἷς
1701 1221 1929 1299 ἐκεῖνα
2001 1217 2258 1316 πάλιν,
2340 1224 2458 1298 καὶ
2532 1217 2650 1298 ὅτε

240 1335 539 1437 γε’γονεν
601 1339 1001 1443 ἅνθρωπος,
1063 1341 1499 1448 δεδοξάσθαι
1567 1350 1847 1441 νοεῖται,
1904 1346 2021 1422 καὶ
2087 1344 2456 1449 εἰληφέναι
2520 1341 2644 1421 λε’-

242 1493 468 1559 γεται.
560 1464 1067 1573 δεδοξασμένῳ
1121 1473 1502 1569 τοιγαροῦν
1555 1472 1661 1573 τῷ
1714 1471 2022 1574 Χριστῷ
2074 1466 2652 1573 συνδεδόξασται

134 1616 217 1655 10
243 1582 534 1672 πάντως
570 1593 688 1668 καὶ
726 1599 756 1670 0‘
796 1587 968 1675 Θεὶς
1004 1593 1122 1670 καὶ
1166 1589 1446 1692 Πατήρ.
1524 1585 1844 1697 ἐδοξάσθη
1883 1589 1959 1671 δὲ
1997 1591 2056 1670 ἐν
2093 1595 2268 1698 Υἶῷ,
2307 1592 2391 1669 οὐ
2435 1589 2652 1697 δόξης

245 1708 406 1788 τινὰ
441 1711 871 1816 προσθήκην
907 1712 1164 1809 λαβὼν
1201 1713 1403 1815 παρὰ
1440 1722 1567 1793 τοῦ
1605 1715 1786 1793 ἰδίου
1824 1713 2285 1814 γεννήματος·
2325 1712 2654 1813 ἀνενδεὴς

246 1831 390 1935 γὰρ
446 1835 769 1916 τοιούτου
826 1836 1098 1923 παντὸς
1157 1839 1202 1938 ἡ
1263 1840 1419 1918 θεία
1477 1872 1554 1917 τε
1617 1841 1735 1917 καὶ
1792 1839 2095 1942 ἀρῤητος
2153 1836 2399 1945 φύσις·
2480 1839 2651 1916 ἀλλ’

245 1959 533 2062 ἐπείπερ
566 1962 903 2063 ἐγνώσθη
942 1964 1133 2046 τίνος
1168 1965 1328 2042 ἐστὶ
1370 1960 1653 2066 Πατήρ.
1732 1960 1949 2065 ὅνπερ
1987 1960 2131 2065 γὰρ
2167 1960 2439 2063 τρόπον
2475 1959 2657 2068 δόξα
2680 1977 2723 2040 b

247 2086 363 2163 καὶ
413 2083 751 2189 καύχημα
800 2091 903 2191 τῷ
939 2092 1097 2194 Υἱῷ
1152 2084 1237 2166 τὸ
1295 2094 1617 2166 τοιοῦτον
1666 2086 1851 2189 ἔχειν
1897 2085 2080 2164 κατὰ
2128 2085 2358 2192 φύσιν
2393 2084 2650 2187 γεννή-

141 2232 219 2290 15
248 2232 447 2308 τορα,
485 2208 613 2288 τὸν
650 2208 866 2290 αὐτὸν
911 2207 1106 2308 οἶμαι
1156 2210 1428 2311 τρόπον
1463 2213 1580 2290 καὶ
1632 2213 1826 2319 αὐτῷ
1874 2215 1977 2316 τῷ
2018 2213 2256 2313 Πατρὶ
2312 2209 2495 2316 δόξα
2541 2212 2660 2291 καὶ

248 2331 605 2437 καύχημα,
657 2331 742 2413 τὸ
797 2342 1119 2415 τοιοῦτον
1175 2334 1361 2438 ἔχειν
1415 2334 1505 2440 ἐξ
1552 2337 1807 2415 ἑαυτοῦ
1861 2334 1990 2414 τὸν
2045 2335 2223 2414 ἴδιον
2259 2335 2463 2415 Υὶόν.
2543 2333 2660 2414 διὰ

248 2454 461 2536 τοῦτό
513 2463 746 2564 φησιν
790 2467 924 2538 Καιι
966 2468 996 2540 ὁ
1036 2457 1206 2544 Θεος
1244 2451 1626 2566 &ogdo-021³
1598 2493 1658 2538 εν
1698 2456 1899 2565 αὐτῷ,
1941 2491 2060 2538 noca
2102 2468 2132 2539 ὁ
2176 2458 2349 2543 Θεος
2388 2453 2659 2565 δοξάσει

250 2583 441 2661 αὐτον
488 2584 546 2663 ἐν
593 2581 807 2690 ἐαυτῷ
869 2619 988 2664 και
1050 2589 1109 2664 ε’
1152 2577 1554 2691 υςάοξάσει
1612 2585 1832 2663 αὐτόν’
1893 2579 2044 2681 ἅμα
2097 2582 2241 2685 γὰρ
2295 2582 2660 2733 ἐδοξάσθη

256 2705 513 2809 Πατὴρ
573 2705 690 2785 διὰ
743 2742 869 2787 τον
905 2623 1187 2803 Υιον,υ
1145 2708 1263 2787 καὶ
1317 2705 1804 2813 ἀντεδόξασεν
1846 2704 2052 2790 εὐθὺς
2107 2739 2234 2785 τον
2268 2706 2473 2789 Υὶόν.
2548 2708 2657 2787 ἐπ’

142 2862 230 2901 20
256 2830 480 2935 ἀμφω
518 2865 663 2933 γαρ
699 2830 785 2911 δι’
826 2834 1100 2938 ἀμφοῖν
1139 2866 1223 2926 το
1261 2835 1389 2930 τῆς
1425 2829 1727 2938 δόξης
1681 2865 1910 2930 ονομα
1946 2828 2197 2934 τρε’.χει

372 2953 589 3054 Πλὴν
624 2955 740 3035 ἵνα
775 2960 892 3036 καὶ
927 2959 1004 3036 ἐν
1039 2962 1187 3041 τοῖς
1223 2956 1396 3036 καθ’
1438 2956 1625 3055 ἡμᾶς
1663 2952 1797 3054 τὴν
1832 2963 1960 3034 τοῦ
1997 2951 2226 3056 λόγου
2262 2953 2662 3051 καταβιβά-

253 3113 502 3177 σωμεν
538 3078 858 3178 δύναμιν,
896 3080 1247 3186 ὠφελείας
1298 3086 1445 3165 τοῖς
1494 3077 1970 3183 ἀκροωμένοις
2016 3077 2372 3163 τίκτοντες
2416 3078 2654 3186 ἀφορ-
2685 3108 2722 3151 ο

253 3201 420 3302 μὴν,
455 3205 675 3284 ἐκεῖνο
724 3202 1003 3290 τούτοις
1053 3204 1466 3304 ἐποίσομεν.
1546 3208 1606 3282 εὶ
1658 3202 2049 3309 δοξάζομεν
2091 3203 2169 3281 ἐν
2211 3204 2480 3286 ἑαυτοῖς
2535 3199 2664 3283 τὸν

255 3326 468 3425 Θεὸν,
523 3327 1151 3430 προσδοκήσωμεν
1206 3326 1317 3407 ὅτι
1374 3323 1989 3434 δοξασθησόμεθα
2041 3325 2211 3429 παρ’
2250 3327 2490 3407 αὐτοῦ.
2568 3325 2664 3430 ζῶ

143 3479 228 3539 25
254 3452 400 3556 γὰρ
435 3452 599 3554 ἐγὼ,
638 3453 835 3556 λέγει
877 3451 1165 3557 Κύριος,
1205 3450 1314 3531 ὅτι
1360 3450 1524 3534 τοὺς
1569 3449 2000 3557 δοξάζοντάς
2047 3484 2136 3549 με
2187 3448 2508 3557 δοξάσω,
2549 3455 2665 3529 καὶ

255 3579 383 3657 οὐκ
435 3575 1156 3684 ἐξουδενωθήσονται.
1238 3572 1609 3683 δοξάζεται
1659 3575 1735 3654 δὲ
1785 3577 1870 3654 δι’
1913 3574 2117 3674 ἡμῶν
2154 3577 2272 3653 καὶ
2308 3576 2383 3652 ἐν
2423 3574 2587 3673 ἡμῖν
2626 3607 2665 3652 ο

258 3700 467 3799 Θεὸς,
523 3701 697 3781 ὅταν
751 3700 881 3781 τὸν
938 3702 1016 3780 ἐκ
1074 3704 1203 3800 τῆς
1262 3700 1616 3802 ἁμαρτίας
1675 3695 2188 3800 παρωσάμενοι
2243 3695 2493 3801 ῥύπον,
2551 3696 2667 3777 διὰ

257 3822 503 3924 πάσης
591 3826 1070 3928 ἀγαθοεργίας
1151 3821 1281 3903 τὸν
1364 3828 1617 3902 οἰκεῖον
1702 3819 2393 3927 καταφαιδρύνωμεν
2475 3820 2663 3917 βίον.

259 3946 489 4051 ζῶμεν
543 3947 687 4052 γὰρ
742 3950 969 4033 οὕτως
1025 3954 1123 4033 εἷς
1179 3943 1403 4054 δόξαν
1455 3947 1701 4026 αὐτοῦ.

340 4214 388 4253 1.
422 4199 553 4267 μετὰ
575 4196 668 4251 ἰα’
642 4219 762 4266 urm·
786 4215 831 4253 c.
860 4197 1026 4255 Cord.
1228 4214 1279 4253 2.
1317 4201 1532 4268 νοοῦμεν
1557 4196 1700 4252 Catt.
1903 4213 1957 4267 9.
1994 4193 2235 4268 Χριστῷ]
2261 4198 2355 4268 υἱῷ
2382 4214 2432 4251 a.
2457 4199 2669 4268 Χριστῷ

260 4269 463 4325 habent
490 4286 537 4322 c.
566 4219 732 4322 Cord.
935 4286 1019 4335 14.
1054 4271 1128 4341 τῷ
1151 4269 1258 4342 Υῑῷ
1281 4278 1624 4339 assumptum
1649 4286 1715 4321 ex
1741 4265 1886 4321 Catt.
2104 4265 2296 4333 14-16.
2333 4267 2673 4356 κατὰ-ἔχειν

262 4357 372 4395 om.
401 4340 467 4394 E.
494 4338 699 4393 habent
725 4336 1358 4411 Catt.17.xaz
1383 4338 1527 4394 Catt.
1556 4338 1603 4392 el
1631 4337 1732 4392 Ed.
1757 4338 1826 4392 cf.
1852 4355 1915 4391 su
1921 4355 2016 4407 pra
2043 4349 2143 4408 744
2166 4337 2222 4392 b.
2498 4338 2580 4391 18.
2618 4359 2675 4390 εν

261 4413 428 4483 ἐαυτῷ
455 4411 539 4464 καὶ
563 4409 714 4466 εὐθὺς
739 4409 956 4477 δοξάσει
978 4409 1135 4465 αὐτόν
1157 4419 1435 4481 assumpta
1460 4427 1525 4463 ex
1551 4409 1617 4463 E.
1644 4409 1728 4462 καὶ
1752 4407 1902 4464 εὐθὺς
1926 4409 2143 4477 δοξάσει
2164 4409 2321 4489 αὐτόν
2342 4406 2596 4461 exhibent
2619 4416 2674 4461 et

261 4500 311 4538 ο.
266 4481 503 4623 Είξῗιὰ.
546 4551 567 4622 )
781 4493 867 4551 25.
904 4478 1144 4552 δοξάσω]
1171 4481 1383 4552 δοξάσω
1407 4496 1572 4536 manu
1597 4479 1772 4550 prima
1798 4479 1863 4534 E.
1893 4478 1987 4534 sed
2011 4480 2212 4550 δοξάζω
2237 4478 2386 4549 prius
2413 4477 2675 4548 scriptum

459 4570 540 4608 ex.

1378 4650 1554 4718 302

2762 3481 2784 3517 1
2807 3468 3004 3533 Regii.

2639 3574 2656 3597 ρ
2758 3547 2838 3598 30.
