3238 5158
609 333 740 398 398
1218 334 1297 397 Β.
1344 329 1767 397 CYRILLI
1826 330 2408 396 ALEXANDR.
2794 329 2946 393 xiv.
2982 349 3041 392 1.

614 501 803 605 Θεῷ,
858 495 1019 577 οὐδὲ
1084 503 1483 600 κατορθοῦν
1540 500 2054 601 ὑπισχνεῖσθαι
2111 494 2196 576 τὸ
2256 496 2433 600 ὑπὲρ
2491 494 2795 595 δύναμιν
2850 493 3041 574 ἔσθ’

613 619 753 717 ὅτε,
798 624 894 705 ὦς
945 620 1632 728 κατεξουσιάζοντας
1686 628 1833 701 τῶν
1875 620 2350 724 πραγμάτων,
2387 624 2506 700 καὶ
2560 617 2775 700 τοῦτό
2828 627 3047 725 φημι

608 743 793 848 πρὸς
845 743 939 825 τὰ
992 747 1069 826 ἐκ
1123 750 1253 845 τῆς
1306 747 1705 850 ἀποτυχίας·
1758 744 2177 848 ἐγκλήματα
2230 744 2557 842 βλέπων·
2633 744 2894 826 ἄλλως
2958 777 3048 823 τε

610 871 728 946 καὶ
803 869 1202 975 ὑπεροψίας
1263 870 1392 949 οὑκ
1454 867 1933 973 ἀπηλλάχθω
2003 868 2264 972 νομίζω
2328 868 2414 949 τὸ
2475 867 3049 971 προαλέστερον

610 997 850 1091 εἰπεῖν,
901 992 1011 1073 ὅτι
1065 992 1512 1096 κατορθώσω
1566 990 1730 1073 τόδε
1784 1027 1855 1072 τι
1904 990 2149 1097 τυχὸν,
2202 991 2249 1094 ἢ
2304 990 2467 1073 τόδε
2521 1027 2614 1073 τι.
2696 995 2814 1071 καὶ
2876 991 3047 1094 γὰρ
3074 1013 3113 1073 5

278 1137 414 1193 '760
433 1133 514 1191 Δ.
553 1149 590 1189 a
612 1116 723 1222 ἐφ’
791 1113 1093 1214 ἅπασιν,
1160 1116 1266 1201 οἷς
1331 1117 1421 1197 ἄν
1486 1152 1595 1202 τις
1669 1119 1936 1220 δρᾶσαι
2007 1114 2393 1220 προέλοιτο
2465 1119 2585 1197 καὶ
2658 1116 3047 1216 βούληται

610 1246 1031 1343 κατορθοῦν,
1103 1243 1326 1322 ἐκεῖνο
1400 1239 1734 1341 μάλιστα
1816 1242 1932 1320 δεῖ
2005 1246 2294 1347 φωνεῖν,
2370 1240 2583 1344 ὅπερ·
2628 1240 2914 1342 εἴρηκεν
2998 1242 3048 1321 ὃ

274 1378 521 1508 {hc-iv·
610 1365 1048 1472 σοφώτατος
1100 1366 1429 1467 μαθητής
1466 1376 1510 1414 “
1533 1364 1719 1445 Ἐὰν
1767 1365 1808 1443 ὁ
1868 1362 2135 1467 Κύριος
2190 1360 2372 1471 θέλῃ
2433 1367 2551 1446 καὶ
2607 1363 3041 1468 ζήσωμεν.”

343 1481 356 1495 ’
609 1490 1017 1593 προθυμίαν
1071 1487 1200 1590 μὲν
1260 1490 1406 1595 γὰρ
1469 1486 1604 1588 τὴν
1659 1488 2122 1592 ἀγαθουργόν
2179 1495 2368 1596 φημι
2440 1493 2588 1569 δεῖν
2641 1496 2796 1573 ταῖς
2871 1496 3047 1569 τῶν

610 1613 974 1720 φιλοθέων
1044 1617 1297 1695 ἐνεῖναι
1369 1619 1665 1721 ψυχαῖς,
1732 1616 1848 1692 καὶ
1922 1611 2007 1693 τὸ
2081 1619 2479 1716 κατορθοῦν
2549 1611 2819 1693 ἐθέλειν
2886 1611 3043 1713 τὴν
3072 1642 3147 1683 10

610 1735 868 1839 ἀρετὴν
913 1736 1002 1844 ἐξ
1051 1737 1229 1840 ὅλης
1286 1738 1540 1843 ἰσχύος
1589 1737 2024 1840 ἐπείγεσθαι,
2059 1735 2194 1837 τὴν
2228 1735 2306 1817 δὲ
2355 1739 2471 1818 ἐπὶ
2519 1737 2795 1822 τούτοις
2844 1736 3041 1816 ὁδὸν

611 1857 730 1940 διὰ
778 1865 906 1959 τῆς
954 1860 1226 1941 ἀνωθεν
1272 1861 1572 1969 ἐξαιτεῖν
1623 1862 1997 1961 εὐμενείας,
2036 1862 2173 1965 οὐχ
2220 1864 2317 1945 ὡς
2368 1861 2629 1966 ἔχοντα
2672 1867 3041 1963 προαλῶς

612 1981 1229 2089 ἐπαγγέλλεσθαι.
1303 1990 1589 2095 ἀψευδῆ
1646 1985 1791 2090 γὰρ
1847 1988 2033 2067 οὕτω
2083 1991 2186 2093 τῷ
2235 1991 2404 2094 Θεῷ
2455 1985 2587 2086 τὴν
2624 1985 2740 2092 ἐφ’
2778 1981 3037 2066 ἅπασι

274 2117 461 2169 Αθωῖ»
613 2116 759 2193 τοῖς
815 2111 1140 2212 ἀρίστοις
1193 2111 1640 2214 ἐπαγγελίαν
1696 2109 2132 2214 τηρήσομεν,
2188 2109 2328 2217 ἔξω
2387 2145 2465 2191 τε
2530 2109 2724 2191 πόδα
2786 2112 3036 2194 αἰτίας

273 2187 445 2237 Prom.

279 2250 392 2313 263·
546 2248 589 2314 b
614 2232 894 2340 ἕξομεν,
936 2233 1122 2314 κατὰ
1172 2232 1300 2314 τὸν
1332 2238 1501 2340 παρ’
1542 2233 1880 2335 Ἕλλησι
1930 2234 2183 2337 λόγον.
2264 2234 2425 2315 ἔστι
2466 2234 2543 2315 δὲ
2594 2238 2713 2315 καὶ
2763 2233 3031 2337 ἑτέρως
3061 2256 3131 2314 15

275 2359 471 2489 ξοῗω·
612 2359 892 2462 ἀγαθὸν
945 2359 1029 2442 τὸ
1084 2360 1187 2462 μὴ
1251 2362 1611 2470 εὔξασθαί
1669 2394 1884 2461 τισιν,
1942 2360 1989 2463 ἢ
2058 2361 2408 2468 εὔξασθαι
2474 2363 2591 2442 καὶ
2655 2358 2758 2461 μὴ
2822 2362 3020 2440 ἀπο·

614 2488 881 2567 δοῦναι.
3232 2513 3233 2603 ί

279 2650 436 2729 Κεφ.
459 2642 554 2711 ιδ’.
1196 2653 1310 2718 Ma
1367 2655 1796 2743 ταρασσέσθω
1849 2655 2031 2733 ὑμῶν
2085 2655 2124 2720 ἡ
2182 2652 2438 2744 καρδία.

725 2831 855 2911 Eis
890 2833 1105 2906 τοῦτο
1140 2828 1631 2934 μικροψυχίας
1669 2825 2239 2932 κατοιχήσεσθαι
2275 2823 2405 2906 τὸν
2443 2824 2727 2928 Πέτρον
2764 2821 3023 2922 εἶπὼν,

612 2953 708 3034 ὡς
749 2949 1214 3055 ἀρνήσασθαι
1265 2953 1436 3054 τρὶς,
1482 2955 1600 3030 καὶ
1652 2954 1728 3031 ἐν
1770 2956 1902 3057 μιᾷ
1953 2959 2166 3031 τοῦτο
2221 2950 2609 3031 πείσεσθαι
2664 2949 2884 3046 νυκτὶ,
2932 2952 3027 3055 τῇ
3051 2980 3121 3021 20

609 3081 740 3155 τοῦ
793 3073 1223 3179 πράγματος
1280 3077 1655 3180 ὑπερβολῇ
1709 3079 2095 3181 μονονουχὶ
2154 3072 2284 3155 τὸν
2339 3068 2819 3174 ἀκμαιότατον
2874 3078 3027 3151 τῶν

611 3197 956 3278 κινδύνων
993 3199 1311 3306 ὑπέδειξε
1349 3200 1612 3307 φόβον.
1695 3199 1859 3280 ὅθεν
1894 3196 1986 3299 ἦν
2024 3197 2275 3299 δήπου,
2312 3200 2431 3278 καὶ
2467 3194 2672 3296 μάλα
2709 3193 3023 3286 εἰκότως,

554 3352 591 3396 ο
615 3320 782 3408 τοὺς
816 3321 1094 3424 ἑτέρους
1128 3330 1572 3429 παραχρῆμα
1608 3323 2146 3427 διαλογίζεσθαι
2183 3320 2509 3423 μαθητάς
2547 3321 2681 3406 Τίς
2717 3321 2859 3425 ἄρα
2902 3325 3028 3401 καὶ

614 3445 870 3546 πόσος,
927 3446 970 3549 ἢ
1030 3455 1240 3530 ποῖον
1301 3448 1443 3556 ἕξει
1502 3447 1587 3529 τὸ
1645 3448 1962 3551 μέγεθος,
2020 3453 2167 3527 τῶν
2226 3446 2594 3546 ἐσομένων
2649 3447 2690 3526 ὁ
2747 3442 3021 3551 φόβος,

615 3570 1262 3679 δυσκαταμάχητος
1317 3572 1393 3652 δὲ
1448 3574 1674 3657 οὕτως
1730 3574 1769 3652 ὁ
1827 3572 2249 3678 πειρασμὸς,
2308 3575 2403 3656 ὡς
2465 3574 2654 3652 ἑλεῖν
2708 3570 2840 3670 μὲν
2892 3567 3025 3650 τὸν
3048 3588 3118 3650 25

611 3698 1045 3801 προῦχοντα,
1121 3700 1559 3791 καταβαλεῖν
1635 3693 1708 3776 δὲ
1799 3698 1935 3802 οὐχ
2013 3695 2236 3804 ἅπαξ,
2310 3697 2482 3776 ἀλλ’
2559 3698 2635 3775 ἐν
2711 3696 2811 3775 ἑνὶ
2888 3692 3027 3792 μὲν

612 3817 997 3917 πολλάκις,
1045 3821 1161 3900 καὶ
1216 3820 1292 3898 ἐν
1337 3819 1568 3927 ὀλίγῳ
1619 3828 1887 3931 καιρῷς
1948 3823 2053 3905 τίς
2105 3823 2232 3903 οὖν
2280 3822 2421 3925 ἄρα
2469 3821 2544 3901 ἐν
2590 3821 2762 3920 ἡμῖν
2808 3815 2895 3899 τὸ
2946 3821 3026 3898 ἐν

613 3952 761 4029 τοῖς
817 3944 918 4024 ἔτι
973 3944 1255 4049 χείροσι
1308 3944 1648 4045 γενέσθαι
1703 3945 2185 4054 διαφεύξεται,
2240 3946 2286 4048 ἢ
2349 3952 2507 4030 πῶς
2571 3944 2849 4051 ἀνθέξει
2913 3977 3023 4027 τις

614 4067 870 4172 ἕτερος,
905 4075 1035 4147 τοῦ
1077 4066 1361 4173 Πέτρου
1398 4071 1832 4171 κινουμένου,
1870 4073 1987 4152 καὶ
2036 4077 2139 4180 τῷ
2191 4071 2398 4176 βάρει
2445 4075 2590 4150 τῶν
2627 4075 3017 4168 συμβεβη-

616 4189 846 4273 κότων
883 4195 981 4277 ὡς
1027 4194 1117 4302 ἐξ
1159 4191 1477 4297 ἀνάγκης
1523 4195 1980 4293 ὑπείκοντος,
2042 4194 2278 4298 μάτην
2315 4197 2442 4276 οὖν
2486 4194 2629 4299 ἀρα
2684 4192 2850 4279 τοὺς
2903 4195 3020 4273 ἐπὶ
3044 4223 3117 4282 30

689 4452 738 4510 7.
778 4438 858 4493 δεῖ
880 4457 987 4496 om.
1013 4440 1080 4498 E.
1372 4456 1450 4495 12.
1489 4440 1748 4511 εὐμενείας
1771 4441 1838 4496 Ε.
1865 4439 2125 4510 εὑμένειαν
2148 4440 2293 4497 Anb.
2319 4440 2405 4496 διὰ
2426 4439 2522 4510 τὴν
2543 4438 2738 4494 ἄνωθεν
2759 4438 3024 4505 εὑμένειαν

615 4507 824 4649 giga&
1043 4529 1127 4581 14.
1162 4511 1323 4568 πόδεν
1348 4510 1472 4581 (sic)
1501 4512 1565 4567 Ε.
1786 4524 1869 4584 15.
1907 4508 2113 4580 εἴξομεν
2135 4510 2201 4567 Ε.
2431 4512 2515 4567 18.
2550 4509 2854 4583 ταρασέσθη
2879 4509 3024 4579 ἡμᾶν
