3238 5158
342 466 568 515 Ihnn.x.

342 531 490 583 8—10.

347 1978 477 2036 ’163
496 1974 572 2034 Δ.
624 1990 663 2032 a
685 1953 1001 2055 ἰδιότητα
1059 1964 1355 2062 φοροῦν,
1414 1960 1806 2058 τουτέστιν,
1864 1957 2216 2061 ἐνέργειαν
2268 1956 2401 2058 τὴν
2455 1954 2830 2060 ζωοποιόν.
2922 1953 3088 2032 ὅταν

674 298 805 364 402
1281 307 1361 370 Β.
1409 305 1826 371 CYRILLI
1886 300 2467 371 ALEXANDR.
2781 299 3080 380 xiv.2,3·

679 466 1153 568 ἐγηγερμένον
1208 470 1285 549 ἐκ
1341 477 1633 574 νεκρῶν.
1737 474 1814 552 τί
1862 471 2006 577 γάρ
2062 478 2340 579 φησιν;
2399 481 2443 518 “
2468 465 2748 571 Ἐγγύς
2811 498 2966 544 σου
3016 455 3086 538 τὸ

681 598 726 635 “
761 589 957 692 ῥῆμά
1013 592 1234 691 ἐστιν,
1292 596 1367 673 ἐν
1421 598 1524 701 τῷ
1581 596 1901 694 στόματί
1949 630 2095 675 σου
2148 598 2267 676 καὶ
2320 597 2396 674 ἐν
2450 600 2542 698 τῇ
2596 590 2876 694 καρδίᾳ
2931 609 3085 665 σου·

683 721 727 759 “
761 713 1097 794 τουτέστι
1150 714 1235 796 τὸ
1288 720 1486 820 ῥῆμα
1539 724 1669 818 τῆς
1722 720 2038 805 πίστεως
2091 717 2132 799 ὃ
2189 715 2675 822 κηρύσσομεν,
2723 710 2929 792 διότι
2983 705 3094 788 ἐὰν

681 845 725 882 “
762 836 965 942 εἴπῃς
1054 841 1131 919 ἐν
1208 846 1314 949 τῷ
1393 842 1714 943 στόματί
1795 879 1936 924 σου
2026 842 2135 924 ὅτι
2226 842 2493 945 Κύριος
2576 842 2908 937 Ἰησοῦς,
2989 831 3096 912 καὶ

622 969 727 1026 0“
762 962 1164 1070 πιστεύσῃς
1220 967 1296 1044 ἐν
1350 972 1440 1072 τῇ
1496 970 1755 1074 καρδίᾳ
1818 1001 1961 1048 σου
2021 967 2132 1048 ὅτι
2186 967 2227 1046 ό
2286 966 2473 1050 Θεὸς
2526 965 2822 1066 ἤγειρεν
2882 954 3143 1039 αὐτὸν5
3201 1012 3202 1079 ss

681 1093 725 1131 ‘⁶
762 1086 841 1164 ἐκ
896 1095 1183 1193 νεκρῶν,
1238 1088 1576 1195 σωθήσῃ.
1670 1093 1928 1198 καρδίᾳ
1982 1090 2126 1195 γὰρ
2180 1090 2594 1172 πιστεύεται
2650 1093 2750 1171 εἰς
2813 1088 3092 1164 δικαιο-

681 1217 728 1254 “
761 1207 1015 1310 σύνην,
1081 1211 1396 1313 στόματι
1470 1212 1547 1294 δὲ
1623 1215 2086 1318 ὁμολογεῖται
2157 1221 2256 1299 εἷς
2326 1211 2765 1315 σωτηρίαν.”
2878 1214 2944 1287 εὶ
3026 1202 3095 1284 δὲ

680 1333 1120 1435 πιστεύομεν
1156 1342 1254 1422 εἶς
1289 1336 1490 1435 Υἱὸν,
1530 1340 1626 1423 ὡς
1663 1338 2161 1443 ἐγηγερμένον,
2197 1338 2305 1423 τίς
2355 1340 2397 1415 ὁ
2447 1335 2764 1432 τεθνεὼς,
2806 1333 2939 1447 ἵνα
2985 1332 3095 1409 καὶ

681 1460 1017 1567 ἀναστῇς
1099 1464 1271 1541 ἀλλ’
1318 1462 1479 1543 ἔστι
1534 1467 1783 1563 δῆλον,
1840 1462 1951 1544 ὅτι
2007 1462 2340 1544 τεθνάναι
2395 1469 2653 1543 νοεῖται
2711 1456 2915 1538 κατὰ
2969 1452 3092 1553 τὴν

680 1581 944 1686 σάρκα.
1021 1585 1497 1689 κατεκλείσθη
1545 1585 1691 1691 γὰρ
1741 1592 1837 1671 εἰς
1889 1585 2201 1668 θάνατον
2238 1586 2323 1667 τὸ
2360 1586 2540 1665 ἴδιον
2576 1585 2797 1664 αὐτοῦ
2838 1587 3087 1677 σῶμα,
3115 1598 3166 1639 1⁰

683 1710 803 1787 καὶ
859 1710 1123 1804 ἀνεβίω
1184 1711 1438 1791 πάλιν·
1514 1719 1738 1810 σῶμα
1793 1710 1941 1816 γὰρ
2003 1710 2095 1814 ἦν
2147 1714 2278 1811 τῆς
2335 1708 2522 1791 κατὰ
2579 1708 2816 1816 φύσιν
2878 1704 3085 1808 ζωῆς,

684 1829 868 1930 ὅλην
906 1840 1034 1912 τοῦ
1069 1836 1145 1913 ἐν
1182 1836 1378 1941 αὐτῷ
1414 1836 1981 1936 κατοικήσαντος
2030 1837 2148 1915 καὶ
2193 1831 2516 1939 ἀῤῥήτως
2554 1831 2931 1932 ἡνωμένον
2964 1824 3088 1925 τὴν

682 2079 809 2158 οὖν
863 2115 970 2164 τις
1026 2078 1232 2188 διέλῃ
1287 2086 1427 2181 καὶ,
1483 2087 1630 2168 θεὶς
1682 2083 1821 2163 ἀνὰ
1877 2085 2091 2185 μέρος
2145 2079 2279 2182 τήν
2335 2115 2410 2161 τε
2466 2081 2709 2184 σάρκα
2775 2083 2900 2159 καὶ
2965 2073 3084 2156 τὸν

682 2202 1155 2306 ἐνοικήσαντα
1201 2213 1634 2307 σωματικῶς
1684 2209 1762 2287 ἐν
1799 2208 1999 2312 αὐτῇ,
2041 2205 2168 2287 δύο
2202 2202 2547 2310 τολμήσῃ
2583 2205 2826 2306 λέγειν
2865 2197 3076 2292 υἱοὺς,
3104 2219 3154 2276 15

681 2330 1098 2432 γινωσκέτω
1153 2333 1520 2412 πιστεύειν
1569 2337 1669 2416 εἶς
1722 2330 1953 2433 μόνην
1999 2330 2131 2431 τὴν
2177 2329 2441 2434 σάρκα.
2527 2329 2898 2409 πιστεύειν
2951 2324 3081 2429 γὰρ

682 2453 869 2552 ἡμᾶς
923 2459 995 2534 αἱ
1052 2460 1232 2535 θεῖαι
1287 2454 1720 2535 διδάσκουσι
1774 2458 2055 2560 γραφαὶ
2108 2460 2205 2538 εἰς
2259 2452 2388 2534 τὸν
2439 2451 2961 2555 σταυρωθέντα
3008 2478 3077 2526 τε

681 2579 799 2658 καὶ
853 2578 1333 2677 ἀποθανόντα,
1369 2583 1487 2660 καὶ
1536 2581 2012 2684 ἐγηγερμένον
2057 2582 2136 2659 ἐκ
2189 2584 2479 2681 νεκρῶν,
2516 2581 2653 2682 οὐχ
2698 2581 2798 2661 ὡς
2851 2576 3080 2677 ἕτερον

681 2701 857 2783 ὄντα
909 2703 1111 2807 παρὰ
1166 2703 1296 2784 τὸν
1344 2706 1421 2784 ἐν
1469 2707 1652 2809 αὐτῇ
1705 2704 1898 2785 Θεὸν
1939 2703 2206 2806 Λόγον,
2257 2703 2395 2807 οὐχ
2449 2701 2631 2781 ὅσον
2678 2707 2776 2785 εἷς
2833 2697 3077 2781 οὐσίας

684 2824 1084 2929 ταυτότητά
1122 2833 1335 2934 φημι·
1398 2834 1615 2926 σῶμα
1666 2827 1812 2932 γὰρ
1863 2828 1948 2907 τὸ
1999 2833 2244 2928 σῶμα,
2277 2831 2397 2906 καὶ
2446 2826 2532 2905 οὐ
2570 2821 2834 2927 Λόγος,
2877 2830 2940 2905 εὶ
2973 2820 3144 2901 κιιὶ5’ο
3201 2813 3202 2906 ἶ

619 2971 664 3037 b
686 2957 907 3052 σῶμα
951 2960 1082 3033 τοῦ
1119 2952 1391 3056 Λόγου·
1452 2952 1626 3031 ἀλλ’
1674 2951 1857 3033 ὅσον
1911 2957 2011 3035 εὶς
2064 2950 2150 3030 τὸ
2205 2955 2333 3050 τῆς
2388 2951 2706 3050 ἀληθοῦς
2761 2948 3074 3047 υῑότητος
3201 2911 3202 2966 ¹

684 3080 957 3181 χρῆμα.
1038 3083 1098 3157 εὶ
1150 3076 1237 3156 δέ
1273 3111 1375 3184 τῳ
1426 3074 1800 3177 δοκοίημεν
1842 3077 1972 3156 οὐκ
2020 3075 2290 3180 ἄριστα
2337 3075 2596 3176 λέγειν,
2631 3070 3073 3183 ἐπιδεικνύτω

684 3199 1075 3305 παρελθὼν
1124 3199 1253 3281 τὸν
1304 3203 1381 3280 ἐκ
1415 3205 1609 3281 Θεοῦ
1657 3205 2013 3280 τεθνεῶτα
2050 3197 2299 3302 Λόγον
2335 3195 2517 3278 καθὸ
2568 3205 2826 3278 νοεῖται
2863 3193 3067 3288 Θεὸς,

687 3323 866 3428 ὅπερ
921 3327 1122 3406 ἐστὶν
1165 3322 1535 3423 ἀδύνατον,
1580 3331 1877 3423 μᾶλλον
1931 3321 2008 3405 δὲ
2063 3325 2181 3404 καὶ
2233 3322 2457 3423 μόνον
2511 3324 2847 3422 ἐννοῆσαι
2903 3324 3067 3401 δυο·-
3201 3419 3202 3430 ¹

685 3447 925 3543 σεβές.
3087 3456 3146 3519 ²5

631 3638 801 3706 ’Ἐν
854 3643 935 3730 τῇ
999 3635 1171 3731 οἰκίᾳ
1232 3644 1347 3706 τοῦ
1394 3642 1655 3731 Πατρόο
1715 3665 1841 3719 μου
1900 3643 2097 3720 μοναὶ
2158 3640 2401 3707 πολλαί
2461 3636 2640 3708 εἰσιν·
2722 3637 2778 3705 εἰ
2843 3638 2915 3705 δὲ
2969 3632 3066 3714 μῦ»

630 3766 666 3825 3
792 3757 978 3830 εἶπον
1026 3763 1105 3830 ἂν
1151 3761 1297 3841 ὑμῖν
1351 3767 1454 3833 ὄτι
1505 3771 1869 3857 πορεύομαι
1920 3770 2261 3847 ἑτοιμάσαι
2314 3768 2520 3834 τόπον
2568 3762 2732 3843 ὑμῖν·
2809 3764 2916 3830 καὶ
2964 3760 3066 3829 ἐὰν

794 3891 1101 3981 πορευθῶ
1157 3891 1262 3957 καί
1317 3892 1647 3970 ἑτοιμάσω
1699 3896 1903 3961 τόπον
1947 3892 2115 3976 ὑμῖν,
2150 3895 2348 3961 πόλιν
2390 3894 2664 3983 ἔρχομαι
2718 3891 2824 3956 καὶ
2877 3907 3069 3978 παρα-

632 4032 672 4079 ο
793 4016 1092 4097 λήψομαι
1127 4019 1295 4095 ὑμᾶς
1330 4020 1461 4097 μετ’
1505 4021 1803 4102 ἐμαυτοῦ,
1840 4022 1946 4087 ἴνα
1984 4024 2150 4088 ὅπου
2187 4017 2318 4098 εἰμί
2351 4019 2485 4095 ferd>
2524 4018 2627 4084 καὶ
2665 4016 2844 4096 ὑμεῖς
2880 4014 3010 4083 ἦτε.

798 4174 1248 4278 Ἀναγκαίως
1304 4176 1545 4261 αὐτοῖς
1598 4173 1685 4257 τὸ
1744 4175 1847 4277 μὴ
1904 4180 2166 4282 χρῆναι
2225 4174 2707 4279 ταράττεσθαι
2767 4170 3060 4264 διειπῶν,
3083 4192 3144 4255 30
3201 4251 3202 4262 ,

766 4353 936 4409 16-22
978 4354 1108 4410 citat
1144 4353 1487 4425 Ephraimius
1524 4352 1846 4409 Antiocheni
1888 4353 2140 4425 Archiep.
2182 4371 2268 4425 ap.
2306 4353 2484 4408 Photii
2533 4351 2918 4408 Bibliotheoem
2962 4345 3067 4407 ood-

691 4442 812 4497 2²9·
1048 4425 1131 4480 18.
1169 4426 1240 4482 ὥς
1262 4426 1361 4497 οὐχ
1384 4427 1597 4482 inverso
1621 4424 1810 4480 ordine
1835 4424 2002 4496 Ephr.
2225 4442 2308 4498 19.
2345 4421 2500 4545 ὄνταὲ
2528 4430 2588 4490 -1-
2616 4424 2728 4480 υἱὸν
2750 4440 2845 4478 seu
2867 4424 2956 4478 τὸν
2975 4419 3066 4479 υἱὸν

689 4545 860 4618 Ephr.
955 4546 1094 4620 αὐτῷ
1120 4545 1291 4618 Ephr.
1387 4545 1582 4602 Statim
1606 4544 1742 4600 Θεὸν
1763 4561 1873 4601 om.
1899 4545 2073 4616 Ephr.
2264 4563 2352 4620 29.
2386 4545 2655 4617 μετάὖτοῦ
2680 4543 2747 4600 Ε.
