3238 5158
605 338 735 401 228
1212 342 1292 406 Β.
1339 341 1757 405 CYRILLI
1816 340 2398 406 ALEXANDR.
2816 360 2882 400 x.
2912 354 3015 417 14.

609 510 651 548 “
685 502 1025 606 πρόβατά
1069 540 1212 603 μου
1261 508 1345 587 οὐ
1393 503 1730 605 βόσκετε.
1809 504 1894 586 τὸ
1932 503 2331 606 ἠσθενηκὸς
2368 504 2497 584 οὐκ
2536 501 3009 607 ἐνισχύσατε,

610 635 654 672 “
688 629 806 705 καὶ
861 625 946 707 τὸ
1002 635 1234 714 κακῶς
1288 630 1456 736 ἕχον
1509 632 1640 711 οὐκ
1695 628 2386 731 ἐσωματοποιήσατε
2440 632 2558 709 καὶ
2613 626 2699 708 τὸ
2755 659 3015 706 συντε-

542 744 586 809 ‘1
612 759 654 795 “
690 752 1074 853 τριμμένον
1157 755 1243 834 οὐ
1329 752 1794 856 κατεδήσατε,
1865 759 1982 835 καὶ
2072 751 2157 836 τὸ
2248 752 2799 854 πεπλανημένον
2882 751 3016 830 οὐκ

611 883 654 918 “
689 875 1214 984 ἐπεστρέψατε,
1279 881 1397 959 καὶ
1460 877 1544 959 τὸ
1619 880 2010 962 ἀπολωλὸς
2076 879 2203 958 οὐκ
2264 874 2675 981 ἐζητήσατε,
2741 877 2858 955 καὶ
2925 873 3014 954 τὸ

609 1007 653 1044 “
688 998 992 1104 ἰσχυρὸν
1044 1001 1625 1106 κατειργάσασθε
1686 1003 1967 1112 μόχθῳ·
2051 1004 2168 1083 καὶ
2235 999 2592 1104 διεσπάρη
2665 997 2759 1078 τὰ
2817 995 3005 1100 πρό·
3041 1019 3083 1080 5

609 1132 654 1168 “
689 1121 885 1217 βατά
948 1159 1086 1225 μου
1159 1126 1278 1206 διὰ
1340 1126 1425 1206 τὸ
1491 1128 1592 1227 μὴ
1669 1123 1844 1208 εἶναι
1920 1126 2283 1227 ποιμένας,
2348 1125 2467 1205 καὶ
2538 1123 2841 1226 ἐγενήθη
2913 1128 3015 1206 εἷς

610 1259 654 1295 “
689 1247 1135 1355 κατάβρωμα
1170 1259 1358 1333 πᾶσι
1393 1260 1541 1336 τοῖς
1579 1254 1850 1357 θηρίοις
1885 1261 2014 1333 τοῦ
2058 1254 2308 1354 ἀγροῦ,
2346 1254 2463 1330 καὶ
2515 1250 2873 1352 διεσπάρη
2922 1244 3018 1326 τὰ

610 1383 656 1419 “
692 1373 1033 1477 πρόβατά
1068 1411 1209 1476 μου
1245 1378 1321 1456 ἐν
1355 1381 1571 1457 παντὶ
1609 1376 1756 1480 ὅρει
1795 1378 1911 1456 καὶ
1947 1378 2062 1457 ἐπὶ
2097 1374 2337 1456 πάντα
2380 1372 2647 1471 βουνὸν
2686 1368 3013 1481 ὑψηλὸν,

612 1508 656 1546 “
693 1501 810 1579 καὶ
863 1503 978 1580 ἐπὶ
1028 1499 1435 1606 προσώπου
1483 1501 1731 1595 πάσης
1780 1505 1909 1601 τῆς
1960 1505 2114 1603 γῆς,
2154 1503 2271 1580 καὶ
2314 1500 2443 1579 οὐκ
2487 1497 2577 1600 ἦν
2615 1501 2656 1579 ὁ
2706 1495 3018 1601 ἐκζητῶν

612 1634 654 1670 “
694 1622 854 1704 οὐδὲ
909 1625 1440 1731 ἐπιστρέφων.”
1511 1623 1610 1709 εἷς
1667 1623 1811 1729 γὰρ
1868 1632 2016 1709 τοῖς
2062 1623 2430 1705 Ἰουδαίων
2478 1629 2919 1725 καθηγηταῖς
2974 1624 3018 1702 ὁ
3050 1659 3127 1702 10

611 1746 891 1834 σκοπὸς
925 1748 1107 1853 πρὸς
1141 1748 1372 1851 μόνην
1409 1751 1586 1852 ὁρᾶν
1621 1747 1754 1844 τὴν
1793 1750 2272 1856 φιλοκερδίαν,
2298 1751 2416 1829 καὶ
2452 1746 3021 1854 χρηματίζεσθαι

553 1908 591 1951 e
612 1870 747 1991 μὲν
807 1880 963 1957 ταῖς
1035 1872 1237 1975 παρὰ
1307 1881 1454 1953 τῶν
1524 1872 1859 1975 ὑπηκόων
1930 1880 2472 1979 προσαγωγαΐς,
2538 1873 2866 1973 δασμούς
2940 1907 3019 1953 τε

613 1996 1025 2098 συλλέγειν,
1065 2000 1181 2078 καὶ
1226 1996 1319 2077 τὰ
1371 1995 1549 2103 ὑπὲρ
1600 1997 1825 2099 νόμον
1861 1996 2306 2097 διατάσσειν,
2342 2007 2470 2079 τοῦ
2523 1997 2607 2078 δέ
2647 2033 2734 2101 γε
2788 2009 3010 2078 λυσι-

612 2121 951 2222 τελήσειν
984 2119 1413 2221 μέλλοντος,
1449 2120 1495 2224 ἢ
1530 2125 1649 2203 καὶ
1685 2131 1814 2204 τοῦ
1851 2121 2222 2225 διασώζειν
2260 2121 2640 2228 ἰσχύοντος
2675 2120 2840 2205 τοὺς
2876 2119 3020 2203 ὑπὸ

611 2252 817 2351 χεῖρα
862 2245 1106 2346 λαοὺς,
1137 2246 1405 2349 μηδένα
1451 2253 1819 2328 ποιεῖσθαι
1868 2244 2121 2349 λόγον.
2201 2246 2323 2327 διὰ
2368 2255 2583 2328 τοῦτο
2630 2247 2860 2327 πάλιν
2906 2248 3016 2326 ἐπ’
3054 2277 3125 2337 15

277 2371 453 2488 ἓξὲξ
614 2370 852 2455 αὐτοῖς
926 2371 1111 2451 οὕτω
1184 2374 1416 2479 φησὶν
1472 2373 1513 2451 ὃ
1579 2369 1804 2457 καλὸς
1868 2370 2092 2456 ὅντως
2155 2370 2425 2472 ποιμήν
2492 2382 2537 2418 “
2561 2370 2757 2451 Τάδε
2822 2371 3023 2472 λέγει

286 2519 361 2554 ¹0·
616 2504 659 2541 ‘⁴
699 2494 964 2598 Κύριος
1000 2493 1237 2600 κύριος
1275 2493 1466 2576 Ἰδοὺ
1516 2495 1660 2599 ἐγω
1709 2498 1824 2576 ἐπὶ
1874 2494 2039 2582 τοὺς
2085 2494 2449 2596 ποιμένας,
2488 2497 2604 2576 καὶ
2652 2492 3023 2599 ἐκζητήσω

615 2628 660 2665 “
698 2617 789 2698 τὰ
842 2620 1180 2723 πρόβατά
1231 2656 1371 2720 μου
1426 2623 1504 2701 ἐκ
1562 2629 1709 2702 τῶν
1762 2628 2019 2727 χειρῶν
2075 2622 2334 2712 αὐτῶν,
2394 2623 2512 2701 καὶ
2567 2617 3024 2726 ἀποστρέψω

617 2755 662 2792 “
697 2743 952 2830 αὐτοὺς
988 2754 1115 2827 τοῦ
1151 2742 1251 2845 μὴ
1286 2746 1685 2845 ποιμαίνειν
1720 2745 1814 2825 τὰ
1857 2742 2198 2850 πρόβατά
2245 2781 2405 2844 μου,
2443 2750 2562 2825 καὶ
2611 2745 2695 2824 οὐ
2740 2745 3026 2845 βοσκή-

284 2895 509 2954 651A.
560 2911 594 2950 a
619 2881 660 2918 “
697 2904 963 2951 σουσιν
1006 2870 1108 2951 ἔτι
1158 2875 1226 2951 οἱ
1270 2870 1597 2970 ποιμένες
1648 2868 1851 2949 αὑτά·
1926 2873 2044 2949 καὶ
2099 2869 2483 2977 ἐξελοῦμαι
2538 2866 2631 2949 τὰ
2683 2867 3026 2973 πρόβατά
3053 2901 3129 2943 20

620 3007 664 3044 ‘⁴
697 3029 838 3095 μου
893 2997 969 3075 ἐκ
1026 3003 1155 3075 τοῦ
1211 2992 1574 3093 στόματος
1633 2993 1892 3084 αὐτῶν,
1947 2994 2065 3073 καὶ
2114 2993 2242 3073 οὐκ
2290 2993 2394 3074 ἔτι
2444 2993 2734 3073 ἔσονται
2782 2994 3027 3078 αὐτοῖς

283 3124 363 3256 {¹3-
391 3138 485 3188 ’3-
621 3131 663 3167 “
698 3124 794 3204 εἷς
851 3117 1363 3222 κατάβρωμα.”
1437 3122 1555 3198 καὶ
1607 3116 1837 3200 πάλιν
1884 3119 2050 3218 μεθ’
2097 3117 2303 3222 ἕτερα
2349 3128 2394 3166 “
2423 3119 2568 3197 Καὶ
2624 3117 3027 3218 ἀναστήσω

353 3228 366 3241 ⁰
621 3255 662 3291 “
701 3244 805 3324 ἐπ’
847 3241 1102 3327 αὐτοὺς
1151 3243 1460 3343 Ἴποιμένα
1513 3241 1640 3323 ἕνα
1696 3245 1812 3322 καὶ
1866 3249 2207 3342 ποιμανεῖ
2252 3242 2528 3340 αὐτοὺς,
2581 3240 2710 3324 τὸν
2758 3241 3030 3324 δοῦλόν

620 3376 666 3413 “
700 3400 841 3465 μου
900 3369 1190 3463 Δαυεὶδ,
1255 3369 1372 3447 καὶ
1436 3366 1645 3447 ἔσται
1711 3367 1946 3445 αὐτῶν
2004 3364 2299 3465 ποιμὴν,
2362 3369 2478 3446 καὶ
2544 3367 2689 3469 ἐγὼ
2758 3365 3030 3471 Κύριος

621 3500 664 3537 “
703 3488 961 3590 ἔσομαι
999 3492 1238 3575 αὐτοῖς
1275 3496 1374 3575 εἷς
1413 3488 1627 3589 Θεὸν,
1665 3492 1782 3571 καὶ
1820 3494 2089 3571 Δαυεὶδ
2125 3489 2370 3594 ἄρχων
2404 3492 2482 3569 ἐν
2516 3490 2723 3600 μέσῳ
2760 3492 3024 3572 αὐτῶν·
3057 3529 3088 3568 ε
3099 3526 3134 3585 5

624 3624 666 3661 “
703 3610 846 3715 ἐγὼ
888 3612 1153 3717 Κύριος
1189 3613 1549 3714 ἐλάλησα.
1611 3618 1726 3694 καὶ
1761 3612 2199 3715 διαθήσομαι
2238 3619 2340 3723 τῷ
2382 3619 2649 3696 Δαυεὶδ
2683 3614 3033 3718 διαθήκην

703 3911 748 3948 1.
787 3893 879 3948 ουκ
904 3892 1154 3958 ἐβόσκετε
1178 3910 1227 3950 α.
1253 3893 1348 3965 (23
1374 3894 1444 3948 al.
1448 3894 1469 3965 )
1499 3891 1618 3967 [ουκ
1643 3893 1919 3960 ἐβόσκεται
1946 3892 2149 3966 (Alex)
2129 3892 2278 3964 )cf.
2304 3893 2366 3947 οὐ
2386 3895 2612 3958 βόσκετε
2645 3893 2703 3948 in
2727 3892 2801 3948 xii
2825 3891 3033 3965 Proph.

628 3965 729 4035 758
751 3982 797 4031 e,
821 3965 960 4018 inter
983 3981 1124 4019 ναι-τ.
1149 3966 1294 4020 lectt.
1568 3985 1622 4032 4.
1568 3965 2025 4037 4ἐπεστρέψατε
2051 3964 2118 4020 B.
2205 3966 2332 4020 olet.
2356 3972 2410 4019 et
2432 3966 2489 4019 in
2516 3964 2591 4019 xii
2615 3963 2721 4019 Pro
2759 3962 2816 4018 h.
2841 3963 2952 4020 620
2977 3965 3034 4021 d.

625 4036 809 4102 (Alex.
830 4035 988 4105 XII.)
1013 4034 1184 4090 ἇπεστ
1182 4036 1387 4107 ρέψατε
1413 4035 1557 4091 Aub.
1587 4036 1736 4107 (Vat.
1741 4035 1762 4105 )
2113 4052 2197 4091 10.
2235 4034 2571 4106 ἐπιστρέφων
2598 4034 2664 4090 Β.
2749 4043 2790 4091 t.
2818 4034 3003 4106 (Alex.
3009 4037 3032 4107 )

623 4057 1410 4248 (ἐςὲἧῖὲΐςεὲᾷὺῦέῗέἱῑέ
1412 4199 1443 4233 ,,
1467 4106 1967 4247 ...ξςῑπῆὶῑεὲῖ
1988 4106 2271 4249 ’ἰῑὲεπῖὶ
2247 4105 2734 4266 „mmm
2755 4106 3038 4235 {zm

626 4195 786 4314 (forte
810 4266 838 4301 e
864 4247 1032 4340 Cat).
1127 4201 1524 4321 λυσιτελήσειν]
1552 4252 1968 4341 λυσιτελεῖσεινξ
1992 4248 2059 4304 Β.
2087 4247 2231 4321 quod
2263 4247 2635 4336 λυσιτελήσειν
2664 4247 2795 4319 legit
2829 4247 3037 4320 Heyse.

621 4318 924 4376 λυσιτελεις
946 4340 1074 4374 ειναι
1100 4319 1200 4375 Ht.
1226 4322 1539 4377 λυσιτελοῦς
1562 4315 1692 4375 εἶναι
1715 4319 1862 4375 Aub.
2252 4336 2337 4390 17.
2373 4317 2547 4389 κύριος
2570 4319 2663 4373 alt.
2687 4335 2873 4373 assum
2913 4329 3035 4375 tum

625 4405 690 4441 ex
719 4387 786 4444 Β.
956 4407 1076 4481 19.
1116 4412 1177 4444 ου
1198 4393 1268 4460 μὴ
1291 4389 1641 4460 βοσκήσωσιν
1662 4408 1711 4446 a.
1742 4389 1828 4461 [οὐ
1851 4390 1920 4460 μὴ
1944 4388 2314 4459 βοσκήσουσιν
2336 4391 2491 4444 Alex.
2477 4387 2526 4515 ἦ
2730 4406 2818 4444 21.

626 4460 890 4528 στόματος
912 4459 1082 4515 αὐτῶν
1104 4460 1247 4515 edidi
1242 4463 1606 4552 approbante
1622 4461 1821 4533 Heyse.
1842 4462 1899 4516 ἐκ
1922 4467 2026 4515 τῶν
2046 4467 2240 4532 χειρῶν
2258 4461 2427 4516 αὐτῶν
2441 4482 2505 4515 κα
2549 4460 2841 4530 inrumpe
2863 4461 3039 4516 αὗτόν

629 4529 694 4585 Β.
719 4530 777 4585 ἐκ
801 4536 904 4586 τῶν
903 4536 1116 4624 χειρῶν
1138 4532 1305 4586 αὐτῶν
1328 4532 1410 4586 καὶ
1435 4554 1491 4586 εκ
1515 4535 1607 4586 τοῦ
1634 4535 1894 4603 στόματος
1916 4532 2085 4586 αυτῶν
2102 4531 2248 4587 Aub.
2315 4531 2464 4586 Haeo
2484 4531 2651 4588 verba
2675 4483 2913 4588 desunt
2898 4549 2957 4588 m
2981 4549 3033 4589 a.

629 4617 715 4672 23.
754 4601 834 4658 ἐπ
858 4603 1045 4660 αὐτοὺς
1073 4601 1136 4658 Β.
1140 4620 1189 4657 a.
1214 4602 1386 4659 αὐτοῖς
1414 4602 1513 4658 Ht.
1540 4602 1646 4658 Ed.
1860 4619 1947 4670 25.
1987 4603 2154 4658 αὐτῶν
2177 4620 2287 4659 om.
2314 4602 2462 4658 Aub.
