3238 5158
244 291 381 358 xiii.
410 309 514 376 27,
542 295 645 363 28.
819 295 929 362 IN
988 296 1056 363 S.
1105 297 1149 362 J
1160 298 1621 365 OANNEM.
1712 299 1909 366 LIB.
1957 300 2080 367 IX.
2516 302 2646 367 373

248 457 327 540 ’δὲ
399 466 691 574 μᾶλλον
761 463 999 543 ἐλθεῖν
1068 468 1167 549 εἰς
1239 463 1369 545 τὸν
1439 462 1877 569 τριπόθητον
1950 465 2200 571 καιρὸν
2261 470 2391 568 τῆς
2462 468 2649 547 οὕτω

246 591 593 689 λαμπρᾶς
646 587 949 689 ἐορτ-ἣςς

362 709 525 790 Οὐκ
579 707 797 791 εἰδότι
849 717 1234 814 τοιγαροῦν
1269 717 1373 819 τῷ
1420 721 1732 821 σατανᾷ,
1767 712 1880 794 ὅτι
1931 717 2060 814 τῆς
2117 714 2374 796 ἑαυτοῦ
2425 746 2646 794 κατα·
2673 740 2710 784 ο

248 833 715 936 στρατεύεται
781 839 1129 940 κεφαλῆς,
1187 833 1644 937 ἀγνοήσαντί
1698 870 1777 917 τε
1839 844 2239 935 παντελῶς,
2299 837 2409 918 ὅτι
2470 835 2653 918 κατὰ

178 978 221 1041 5
249 965 567 1059 κρημνοῦ
632 954 888 1062 τρέχει,
945 955 1074 1038 τὸν
1130 959 1246 1040 ἐπὶ
1311 967 1441 1040 τοῦ
1504 968 1829 1064 σταυροῦ
1892 959 2251 1069 διαπήξας
2312 957 2652 1053 θάνατον,

249 1079 573 1189 ἔφασκεν
609 1083 650 1162 5
690 1079 947 1185 Σωτήρ
969 1079 1073 1163 ’Ὀ
1112 1087 1325 1169 ποιεῖς
1362 1085 1631 1180 ποίησον
1668 1084 1927 1185 τάχιον·
2001 1088 2465 1168 ἀπειλοῦντος
2511 1082 2656 1187 γὰρ

248 1211 545 1305 μᾶλλον
581 1202 628 1308 ἢ
670 1201 1202 1311 προτρέποντος
1237 1208 1278 1287 5
1317 1204 1542 1310 λόγος
1578 1210 1808 1289 ἐστίν.
1890 1205 2143 1313 ὥσπερ
2184 1206 2329 1311 γὰρ
2379 1208 2657 1291 νεανίας

248 1328 394 1434 πρὸ
461 1329 646 1432 ἥβης
707 1334 824 1411 καὶ
876 1329 1102 1414 καλὸς
1166 1332 1283 1412 καὶ
1338 1336 1788 1438 σφριγῶσαν
1840 1331 2027 1438 ἔχων
2080 1334 2157 1412 ἐν
2210 1337 2314 1440 τῷ
2367 1331 2657 1432 σώματι

252 1454 574 1553 δύναμιν,
630 1455 769 1562 ὁρᾷ
827 1453 960 1551 μὲν
1013 1455 1126 1562 ἐφ’
1183 1453 1413 1562 ἑαυτῷ
1474 1458 1817 1559 δρομαῖον
1877 1453 2076 1537 ἰόντα
2137 1455 2318 1555 τινὰ,
2376 1456 2535 1563 ὀξεῖ
2581 1453 2657 1536 δέ

142 1613 225 1655 10
251 1576 535 1660 πελέκει
597 1576 732 1678 τὴν
797 1573 1042 1684 δεξιὰν
1105 1576 1533 1681 ἐναρμόσας,
1599 1581 1720 1659 καὶ
1784 1577 1985 1665 εἰδὼς
2059 1577 2171 1658 ὅτι
2241 1577 2660 1685 τεθνήξεται

252 1701 541 1788 πάντως
589 1700 847 1799 ἐλθὼν,
885 1700 1420 1809 ἀναφθέγγοιτο
1468 1699 1694 1809 τυχόν
1723 1699 1836 1783 Ο
1870 1709 2094 1787 ποιεῖς
2141 1703 2325 1783 ποίει
2375 1699 2651 1808 τάχιον·
2681 1708 2727 1774 d

254 1825 424 1934 ὄψει
495 1823 645 1931 γὰρ
717 1829 845 1925 τῆς
917 1827 1089 1925 ἐμῆς
1163 1824 1404 1932 δεξιᾶς
1473 1823 1607 1927 τὴν
1667 1826 1993 1926 δύναμιν·
2081 1829 2200 1907 καὶ
2267 1828 2356 1907 οὐ
2428 1823 2662 1927 δήπου

249 1948 585 2033 τεθνάναι
658 1948 1192 2052 σπουδάζοντος
1263 1951 1412 2054 ἐρεῖ
1472 1984 1581 2036 τις
1656 1949 1742 2030 τὸ
1814 1953 2032 2054 ῥῆμα,
2100 1948 2511 2054 προειδότος
2583 1948 2661 2031 δε

252 2079 545 2175 μᾶλλον
609 2107 720 2155 οτι
786 2070 1064 2173 νικήσει
1128 2074 1246 2153 καὶ
1316 2071 1689 2176 περιέσται
1760 2080 1891 2154 τοῦ
1961 2080 2226 2154 κακοῦν
2288 2070 2662 2158 ἐθέλοντος

148 2223 228 2286 ¹5
255 2197 496 2281 αὐτόν·
575 2200 799 2284 οὕτως
854 2198 896 2277 5
957 2196 1225 2300 Κύριος
1276 2197 1481 2297 ἡμῶν
1515 2198 1805 2298 Ἰησοῦς
1861 2198 1902 2277 5
1960 2195 2307 2301 Χριστος,
2344 2196 2660 2305 ὀξυτέρῳ

253 2320 527 2427 τρόπον
579 2320 737 2403 τινὰ
786 2323 1186 2428 κεχρῆσθαι
1238 2320 1510 2401 κελεύει
1566 2319 1845 2431 δρόμῳ
1864 2355 1994 2401 τον
2042 2326 2370 2401 σατανᾶν
2416 2326 2514 2406 εἰς
2568 2354 2663 2400 τα

253 2447 360 2527 ἐπ’
400 2447 594 2556 αὐτῷ
630 2446 1088 2549 τολμήματα.
1170 2445 1385 2553 δείξει
1421 2442 1566 2549 γὰρ
1599 2446 1738 2546 ἤδη
1772 2443 2101 2527 πεσόντα
2132 2450 2498 2548 γελᾶσθαι
2533 2479 2662 2525 τον

255 2568 648 2676 ἀλιτήριον,
710 2569 1090 2674 ἐλευθέραν
1160 2603 1240 2650 τε
1311 2567 1446 2670 τὴν
1510 2568 1927 2670 οἰκουμένην
1993 2571 2165 2650 ἰδεῖν
2226 2576 2356 2650 τοῦ
2428 2567 2660 2649 πάλαι
2681 2600 2719 2644 ο

258 2694 754 2799 κρατήσαντος
803 2697 881 2774 ἐκ
928 2691 1349 2799 πλεονεξίας
1397 2694 1517 2773 καὶ
1565 2691 2025 2794 νενικηκότος,
2065 2695 2163 2777 ὡς
2211 2692 2303 2800 ἐξ
2344 2690 2656 2792 ἀπάτης,

151 2852 230 2893 20
259 2822 357 2904 ὡς
411 2822 529 2900 καὶ
581 2822 708 2919 τῆς
763 2823 860 2903 εἰς
906 2815 1101 2898 Θεὸν
1142 2818 1565 2913 ἀποστῆσαι
1612 2816 1951 2901 πίστεως.
2028 2819 2377 2919 ἀγνοοῦσι
2433 2813 2662 2918 γεμὴν

258 2947 326 3023 οἱ
380 2947 696 3045 μαθηταὶ
747 2950 877 3023 τοῦ
930 2937 1161 3044 λόγου
1213 2937 1347 3040 τὴν
1402 2938 1721 3039 δύναμιν,
1766 2944 2248 3039 οἰκονομικῶς,
2291 2943 2389 3024 ὡς
2442 2938 2656 3038 εἰκὸς,

257 3066 387 3147 οὐκ
422 3065 1035 3172 ἀποκαλύψαντος
1084 3065 1320 3149 αὐτοῖς
1371 3072 1499 3144 τοῦ
1535 3066 1964 3168 Χριστοῦ,’
1926 3068 2076 3144 επεὶ
2125 3066 2243 3144 καὶ
2293 3065 2369 3143 ἐν
2404 3061 2664 3166 ετέροις

258 3190 591 3297 φαίνεται
652 3186 1164 3294 προδιδάσκων
1219 3186 1374 3288 μὲν,
1433 3221 1544 3268 οτι
1608 3185 2198 3294 παραδοθήσεται
2257 3192 2357 3271 εἰς
2422 3193 2664 3292 χεῖρας
2750 3199 3003 3280 S·³‚21⁸2¹²¹³·

2751 3282 2873 3317 xvu.
2905 3280 2984 3327 22,

260 3314 735 3418 ἁμαρτωλῶν,
795 3314 912 3392 καὶ
975 3310 1083 3390 ὅτι
1145 3310 1765 3415 σταυρωθήσεται,
1824 3314 1945 3392 καὶ
2000 3307 2658 3412 ἀποκτανθήσεται,
2757 3346 2835 3457 ἓξ
2838 3347 2975 3464 3¹31.

153 3460 231 3524 25
261 3444 379 3518 καὶ
439 3435 933 3539 ἀναστήσεται
994 3440 1086 3541 τῇ
1147 3434 1375 3543 ἡμέρᾳ
1437 3442 1529 3542 τῇ
1591 3436 1827 3543 τρίτῃ·
1930 3433 2530 3540 παρεγγυώμενος
2589 3431 2665 3514 δὲ
2753 3464 2804 3514 s
2819 3434 2946 3513 'Lm

256 3565 507 3664 μηδενὶ
561 3561 647 3643 τὸ
700 3558 1051 3666 παράπαν
1092 3566 1385 3639 τοιαῦτα
1437 3567 1722 3641 λαλεῖν.
1799 3557 2078 3645 σκοπὸς
2131 3558 2281 3665 γὰρ
2334 3557 2425 3660 ἦν
2473 3558 2667 3665 αὐτῷ
2754 3545 2825 3579 ¹¹
2852 3542 2935 3579 ²¹

259 3693 511 3768 λαθεῖν
568 3682 699 3767 τὸν
752 3684 1073 3791 ἄρχοντα
1126 3689 1254 3763 τοῦ
1310 3687 1565 3767 αἰῶνος
1615 3681 1901 3784 τούτου,
1951 3683 2061 3770 τίς
2121 3685 2416 3784 ἀληθῶς
2483 3678 2669 3764 κατὰ
2689 3715 2726 3755 a
2765 3699 2898 3759 '742
2917 3698 3002 3755 A.

261 3809 493 3920 φύσιν
566 3811 789 3907 ἐστὶν,
860 3809 980 3890 ἵνα
1053 3809 1171 3888 καὶ
1242 3805 1477 3887 ἐλθὼν
1546 3812 1961 3913 σταυρωθῇ,
2034 3809 2154 3888 καὶ
2225 3809 2668 3911 σταυρωθεὶς

259 3932 487 4040 ἀνέλῃ
542 3932 672 4014 τὸν
726 3930 1057 4031 θάνατον,
1112 3932 1230 4011 καὶ
1282 3937 1432 4015 τοῖς
1490 3936 1587 4016 εἰς
1646 3930 1866 4013 αὐτὸν
1922 3929 2353 4013 πιστεύουσι
2411 3963 2670 4032 κατορ-

157 4082 237 4143 30
262 4056 476 4162 θῶσῃ
539 4053 673 4156 τὴν
738 4054 1131 4160 σωτηρίαν.
1228 4054 1708 4159 κατακρύπτει
1770 4062 2153 4159 τοιγαροῦν
2211 4058 2671 4153 οἰκονομικῶς

261 4178 356 4261 τὰ
416 4186 740 4261 πλεῖστα
807 4186 955 4260 τῶν
1018 4177 1454 4281 λεγομένων·
1553 4177 1794 4261 πάντα
1856 4177 2004 4281 γὰρ
2067 4174 2254 4259 οἶδεν
2318 4180 2415 4264 ὡς
2481 4173 2670 4261 Θεὸς

261 4302 358 4385 τὰ
411 4301 901 4410 συμφέροντα.
2645 4309 2656 4316 ’

406 4549 462 4608 5.
499 4531 784 4602 διατήξας
807 4533 873 4589 Ε.
1206 4535 1260 4590 8.
1295 4532 1529 4605 προήβης
1553 4531 1621 4590 Ε.
1956 4547 2009 4601 9.
2045 4531 2141 4601 δρᾷ
2168 4527 2235 4586 Ε.
2260 4530 2396 4601 όρὸν
2421 4526 2526 4583 Ed.
