3238 5158
652 355 783 420 608
1262 354 1340 419 B.
1388 353 1809 419 CYRILLI
1869 353 2446 419 ALEXANDR.
2701 375 2819 418 xv.
2853 353 2966 432 26,
2989 367 3084 433 27.

2387 523 2420 541 A

316 531 562 663 {3:⁶3⁶
661 516 1198 622 εἰσκομίζοντες,
1289 525 1446 603 πῶς
1538 519 1669 599 οὐκ
1765 516 2167 599 ἀκόλουθον
2237 523 2455 599 εἰπειν
2530 528 2579 565 “
2603 519 2895 620 Μωροὶ
2972 521 3086 595 καὶ

654 652 701 692 “
735 645 1065 750 τυφλοὶ,”
1123 647 1228 743 πῆ
1284 642 1373 744 δὴ
1427 642 1656 725 πάλιν
1713 641 1935 727 ἰόντες
1980 644 2174 742 ὑμεῖς
2229 644 2357 722 οὐκ
2411 641 2913 739 αἰσθάνεσθε,
2973 675 3086 720 και

653 773 783 869 τῆς
845 777 977 850 τοῦ
1034 774 1496 870 Μονογενοῦς
1558 768 2076 870 κατεπαίρεσθε
2133 767 2371 875 δόξης,
2427 769 2506 846 ἐκ
2563 770 2702 866 τῆς
2767 765 3084 865 ἐνούσης

589 906 632 970 d
658 896 820 992 ὑμῖν
856 893 1166 992 ἀμαθίας
1200 892 1493 978 ἀθλίους
1528 892 1977 996 συνείροντες
2031 892 2436 995 λογισμούς
2467 924 2488 988 ;
2573 896 2636 970 εἰ
2681 889 2848 992 γὰρ
2889 890 3080 973 ὅλως

655 1024 955 1123 χορηγεῖ
1000 1015 1085 1098 τὸ
1125 1022 1423 1114 Πνεῦμα
1470 1016 1673 1120 παρὰ
1713 1025 1844 1097 τοῦ
1902 1015 2193 1120 Πατρὸς
2239 1019 2281 1096 ὃ
2317 1014 2514 1113 Υἱὸς,
2570 1017 2651 1095 ἐν
2708 1013 3076 1118 ὑπηρεῖιω
3097 1043 3126 1101 5

654 1140 846 1225 τινὸς
908 1142 1108 1250 τάξει
1171 1141 1716 1243 λελογισμένος,
1769 1148 1925 1225 πῶς
1996 1142 2125 1221 οὐκ
2188 1142 2580 1243 ἀναγκαῖον
2645 1141 3074 1240 ὁμολογεῖν,

654 1269 751 1350 ὡς
787 1264 1175 1370 ἀλλότριον
1209 1266 1341 1364 μέν
1376 1268 1536 1346 ἐστι
1583 1273 1956 1350 παντελῶς
2009 1269 2137 1364 τῆς
2174 1266 2424 1349 οὐσίας
2469 1265 2720 1362 αὐτοῦ,
2760 1264 2968 1369 τάχα
3001 1261 3074 1341 δὲ

654 1392 771 1472 καὶ
809 1390 1094 1490 ἄμεινον
1131 1391 1348 1470 αὐτοῦ
1391 1392 1510 1469 καὶ
1548 1387 1733 1470 κατὰ
1767 1387 1964 1471 πολὺ
2010 1395 2347 1492 κρεῖττον,
2385 1385 2615 1491 ἄνπερ
2651 1389 2902 1471 οὕτως
2947 1391 3071 1490 ἔχῃ

655 1513 840 1595 κατά
876 1549 957 1616 γε
996 1513 1125 1614 τὴν
1159 1516 1326 1618 παρ’
1373 1516 1533 1613 ὑμῖν
1566 1514 1880 1613 ἀμαθίαν
1911 1546 1931 1610 3
1997 1520 2056 1592 εἰ
2100 1511 2245 1615 γὰρ
2280 1515 2408 1592 οὐκ
2454 1515 2530 1591 ἐκ
2583 1520 2723 1593 τοῦ
2768 1511 3068 1613 Πατρὸς

655 1638 1123 1742 ἐκπορεύεται,
1180 1636 1568 1736 τουτέστιν,
1625 1640 1703 1717 ἐκ
1757 1641 1885 1737 τῆς
1941 1638 2191 1720 οὐσίας
2247 1637 2486 1732 αὐτοῦ,
2543 1638 2587 1714 ὃ
2646 1634 2844 1720 Υἱὸς
2901 1636 3064 1716 καθ’
3093 1674 3147 1715 10

654 1765 857 1862 ὑμᾶς,
892 1769 1048 1848 πῶς
1106 1763 1233 1842 οὐκ
1287 1764 1364 1842 ἐν
1418 1764 1746 1862 ἀμείνοσι
1794 1763 2002 1842 νοοῖτ’
2056 1760 2147 1841 ἂν
2185 1758 2271 1841 τὸ
2312 1764 2615 1859 Πνεῦμα
2669 1760 2892 1861 παρὰ
2947 1758 3068 1839 τὸν

651 1886 874 1984 Υἰόν;
937 1884 1088 1966 εἶτα
1141 1886 1219 1966 τί
1267 1893 1527 1992 φαμεν,
1567 1885 1743 1966 ὅταν
1779 1886 2202 1984 ἀκούσωμεν
2254 1885 2599 1987 λέγοντος
2633 1887 2812 1988 περὶ
2854 1889 3069 1965 αὐτοῦ

315 2014 523 2141 ᾖξξῑξ4
593 2035 629 2079 0
652 2009 761 2092 ὅτι
818 2023 861 2060 “
882 2010 1195 2095 Ἐκεῖνος
1249 2009 1368 2110 ἐμὲ
1425 2009 1745 2119 δοξάσει,
1803 2009 1913 2090 ὅτι
1974 2011 2051 2090 ἐκ
2109 2018 2239 2090 τοῦ
2295 2012 2469 2106 ἐμοῦ
2533 2007 2903 2117 λήψεται,
2958 2011 3068 2089 καὶ

652 2147 695 2185 “
728 2137 1123 2238 ἀναγγελεῖ
1163 2136 1397 2235 ὐμῖν.”

765 2260 966 2364 Πρὸς
1023 2259 1099 2340 δὲ
1154 2266 1302 2345 τοῖς
1350 2258 1735 2364 εἰρημένοις
1784 2261 2064 2340 κάκεῖνο
2121 2258 2382 2340 λοιπὸν
2439 2261 2535 2344 ὡς
2592 2259 2687 2367 ἐξ
2741 2257 3064 2361 ἀνάγκης
3090 2291 3142 2348 15

649 2383 1096 2483 εἰσβήσεται.
1159 2388 1219 2462 εἰ
1249 2384 1393 2486 γὰρ
1431 2385 1829 2487 ὑπουργίαν
1865 2382 2265 2483 διακονικὴν
2295 2385 2788 2487 ἀποπληροῦν
2827 2385 3064 2465 οἴεσθε

650 2506 778 2591 τόν
814 2507 1014 2608 Υἱὸν,
1069 2506 1155 2589 τὸ
1212 2508 1605 2612 ἀλλότριον
1659 2507 1852 2608 ἡμῖν,
1907 2507 2258 2605 τουτέστι,
2295 2505 2380 2588 τὸ
2433 2507 2637 2609 παρὰ
2693 2517 2836 2589 τοῦ
2877 2515 3064 2591 Θεοῦ
3195 2569 3196 2607 ¹

654 2638 771 2716 καὶ
825 2632 1118 2738 Πατρὸς
1172 2632 1712 2737 κεχορηγηκότα
1753 2629 2023 2736 Ἀγιον
2078 2629 2164 2713 ὃν
2221 2630 2404 2712 κατὰ
2458 2632 2697 2739 φύσιν
2737 2639 3066 2734 Πνεῦμα,

655 2762 739 2840 οὐ
795 2757 977 2840 κατὰ
1013 2757 1244 2866 φύσιν
1280 2756 1481 2860 ἅγιος
1515 2759 1555 2836 ὃ
1592 2757 1790 2856 Υἱὸς,
1831 2755 2015 2838 κατὰ
2067 2757 2353 2864 μέθεξιν
2400 2756 2475 2838 δὲ
2530 2756 2798 2861 ὥσπερ
2835 2760 3059 2858 ἡμεῖς.

656 2882 946 2986 λέγεται
975 2882 1118 2987 γὰρ
1147 2881 1328 2963 κατὰ
1355 2882 1487 2981 τὴν
1513 2889 1659 2961 τῶν
1686 2886 2077 2974 δυσσεβῶν
2100 2883 2433 2980 ἀμαθίαν,
2455 2880 2863 2985 ἀλλότριος
2894 2880 3064 2964 εἶναι
3089 2916 3142 2956 το
3195 2964 3196 2967 ,

654 3015 782 3108 τῆς
827 3010 1078 3092 οὐσίας
1116 3015 1245 3088 τοῦ
1285 3003 1597 3108 Πατρος,
1633 3007 1723 3113 ἐξ
1769 3006 1855 3107 ἧς
1903 3009 2020 3086 καὶ
2054 3004 2338 3109 πρόεισι
2374 3003 2459 3085 τὸ
2499 3011 2812 3105 Πνεῦμα
2848 3042 2944 3088 το
2983 3010 3062 3086 δι’

655 3136 874 3215 αὐτοῦ
926 3131 1484 3240 χορηγούμενον.
1563 3130 1770 3212 ἔσται
1818 3132 2056 3211 τοίνυν
2114 3137 2258 3210 τῶν
2316 3130 2828 3235 ἐνδεχομένων,
2871 3132 3064 3236 εἴπερ

323 3282 436 3338 911
463 3280 546 3336 A.
594 3295 631 3336 a
657 3260 785 3339 οὐκ
833 3259 1013 3339 ἴδιον
1052 3265 1182 3339 τοῦ
1232 3262 1413 3337 Υἱοῦ
1462 3290 1548 3337 το
1590 3254 1887 3354 Πνεῦμά
1942 3257 2164 3353 ἐστιν,
2209 3255 2379 3334 ἀλλ’
2439 3256 2868 3354 εἰσποιητὸν
2927 3256 3062 3362 ἔχει

656 3387 772 3463 καὶ
826 3382 1039 3467 αὐτὸς
1094 3382 1222 3463 τὸν
1278 3378 1667 3484 ἁγιασμὸν,
1706 3377 2028 3482 καθάπερ
2083 3380 2129 3480 ἡ
2180 3380 2436 3478 κτίσις,
2476 3380 2595 3458 καὶ
2651 3381 3062 3461 ἀποπεσεῖν

656 3508 1017 3587 δύνασθαί
1058 3540 1234 3586 ποτε
1283 3509 1411 3606 τῆς
1447 3504 1750 3604 ἐνούσης
1798 3500 2175 3606 ἁγιότητος
2226 3505 2439 3612 αὐτῷ.
2513 3503 2598 3583 τὸ
2653 3503 2808 3607 γὰρ
2845 3508 2953 3590 ὡς
2993 3509 3060 3585 ἐν
3084 3542 3136 3597 ²5

655 3631 855 3737 τάξει
909 3628 1331 3733 προσθήκης
1387 3626 1777 3726 ἐπικτηθὲν,
1825 3635 1979 3712 πῶς
2037 3630 2166 3708 οὐκ
2219 3625 2310 3707 ἀν
2365 3627 2815 3729 ἀπογένοιτο,
2879 3632 3062 3709 κατά

654 3788 738 3858 γε
794 3754 924 3833 τὸν
955 3761 1083 3834 τοῦ
1139 3757 1629 3860 ἐγχωροῦντος
1685 3750 1910 3855 λόγον
1946 3786 1966 3850 ;
2030 3749 2181 3833 εἶτα
2217 3752 2323 3837 τίς
2360 3758 2507 3832 τῶν
2542 3752 2898 3833 τοιούτων
2937 3758 3058 3835 οὐκ

655 3882 1166 3980 ἀποδραμεῖται
1214 3877 1644 3979 δογμάτων;
1710 3875 2305 3981 πρεπωδέστερον
2343 3876 2417 3956 δὲ
2455 3872 2653 3977 οἶμαι
2694 3874 2783 3956 τὸ
2829 3882 3057 3963 οὕτως

652 4006 890 4083 εἰπεῖν.

768 4127 962 4227 Φίλη
1005 4134 1384 4230 τοιγαροῦν
1419 4126 1587 4225 ἡμῖν
1628 4124 1670 4225 ἡ
1721 4124 2051 4225 ἀλήθεια,
2095 4126 2211 4204 καί
2260 4121 2353 4204 τὰ
2400 4125 2478 4202 ἐκ
2526 4128 2654 4224 τῆς
2710 4126 3054 4227 ἀληθείας
3075 4154 3126 4211 30

653 4249 1002 4354 δόγματα,
1039 4252 1158 4331 καὶ
1192 4250 1428 4333 αὐτοῖς
1473 4250 1757 4333 ἐκείνοις
1808 4249 1999 4349 ἡμεῖς
2053 4250 2187 4353 οὐχ
2237 4246 2585 4352 ἑψόμεθα,
2622 4247 2760 4348 τὴν
2798 4251 2880 4331 δὲ
2918 4258 3056 4332 τῶν

718 4558 771 4615 5.
808 4547 901 4599 τοῦ
926 4551 1265 4613 assumptum
1291 4560 1356 4599 ex
1383 4562 1435 4617 q.
1460 4543 1659 4600 Vecco.
2021 4558 2104 4598 11.
2144 4540 2294 4597 moir'
2323 4542 2386 4596 Ε.
2413 4559 2468 4613 q.
2493 4540 2723 4596 Veocue.
2750 4545 2926 4598 νοοῖτο
2953 4541 3046 4597 Ed.

651 4630 736 4669 20.
776 4615 832 4669 δε
856 4631 955 4686 pro
977 4615 1080 4685 γὰρ
1105 4632 1158 4686 q.
