3238 5158
269 781 414 861 Ipfra

269 865 370 899 xxx.
399 861 474 912 15.

269 1770 416 1823 Hier.
432 1786 483 1822 x.

274 1851 352 1887 21.

508 2700 583 2754 14

604 368 733 430 226
1211 368 1288 432 Β.
1337 366 1755 431 CYRILLI
1814 365 2392 431 ALEXANDR.
2809 387 2871 426 x.
2904 381 3006 442 14.

539 545 581 609 b
605 531 692 630 δὴ
747 529 908 611 τότε
964 530 1096 630 τὴν
1143 531 1281 613 ὑπὸ
1330 537 1497 640 Θεῷ
1553 533 1882 613 δουλείαν
1925 532 2517 631 ἀποσεισάμενοι,
2559 532 2676 609 καὶ
2731 527 2824 609 τὰ
2877 531 3008 627 τῆς

604 654 904 759 ἀρχαίας
994 656 1413 742 δεσποτείας
1504 658 2051 762 διαῤῥηγνύντες
2144 655 2402 757 δεσμὰ,
2486 656 2667 739 νέοις
2757 650 3007 753 ὥσπερ

602 779 1121 886 προσεχώρουν
1176 778 1431 884 ζυγοῖς,
1488 781 1746 883 ἀνέδην
1801 781 2412 891 ἀναψωνήσαντες
2459 790 2503 828 “
2533 781 2695 859 Οὐκ
2750 777 3007 882 ἔχομεν

603 913 648 952 “
683 904 1003 998 βασιλέα
1077 909 1133 983 εἰ
1198 907 1298 1005 μὴ
1368 906 1783 1010 Καίσαρα.”
1876 908 1994 987 καὶ
2068 915 2296 986 ταῦτα
2370 912 2517 989 τοῖς
2591 902 3008 1005 ἡγουμένοις

603 1029 833 1131 ὀρθῶς
887 1030 1073 1134 ἔχειν
1123 1028 1368 1127 ε’δόκει,
1409 1028 1740 1133 δρώμενά
1793 1065 1871 1112 τε
1927 1034 2043 1112 καὶ
2099 1031 2690 1137 ἀναφωνούμενα·
2767 1030 3005 1112 αὐτοῖς
3035 1046 3075 1106 5

604 1152 731 1233 οὖν
773 1154 914 1255 ἄρα
949 1153 1079 1239 τὰς
1115 1156 1227 1261 ἐφ’
1269 1154 1507 1235 ἅπασι
1553 1163 1703 1240 τοῖς
1753 1164 1992 1241 κακοῖς
2028 1155 2408 1236 ἀναθετέον
2443 1154 2695 1239 αἰτίας.
2776 1186 2999 1232 κατα-

604 1278 960 1381 κρίνονται
1011 1278 1088 1359 δὲ
1134 1281 1255 1362 καὶ
1305 1281 1510 1378 μάλα
1559 1278 1845 1365 εἰκότως
1895 1284 1992 1365 ὡς
2040 1288 2184 1361 τῶν
2227 1281 2578 1382 ποιμνίων
2621 1274 3000 1381 προδόται,

547 1436 584 1480 c
606 1406 703 1487 ὡς
745 1406 964 1483 δειλοὶ
1015 1406 1132 1483 καὶ
1181 1404 1517 1507 ἄνανδροι
1570 1408 1686 1484 καὶ
1738 1404 2136 1510 φιλόμαχοι
2182 1412 2575 1503 παντελῶς,
2611 1407 2728 1484 καὶ
2764 1406 2997 1482 ἀπαυ·

602 1525 956 1627 δήσαντες
1032 1528 1455 1633 ὁλοκλήρως
1533 1528 1617 1609 τὸ
1695 1530 2198 1634 ὑπερασπίᾷιν
2274 1534 2391 1610 καὶ
2468 1527 3008 1632 ὑπερμάχεσθαι

604 1651 843 1734 θέλειν
879 1659 1026 1732 τῶν
1063 1652 1202 1734 ὑπὸ
1255 1661 1460 1757 χεῖρα
1510 1653 1880 1751 ποιμνίων.
1968 1653 2085 1734 διὰ
2127 1662 2339 1734 τοῦτο
2377 1658 2492 1734 καὶ
2526 1653 2712 1737 Θεὸς
2749 1650 3006 1735 αὐτοὺς
3041 1681 3121 1723 10

1324 1789 1368 1825 ‘⁶
1392 1775 1569 1857 Ὅτι
1605 1784 1672 1859 οἰ
1708 1779 2036 1876 ποιμένες
2075 1777 2685 1885 ηὖφρονεύσαντο,
2723 1780 2839 1857 καὶ
2876 1775 3008 1856 τὸν

602 1779 1015 1857 ἀπαιτιᾶται
1050 1779 1287 1879 λέγων

604 1912 647 1948 “
689 1901 959 2004 Κύριον
1011 1902 1142 1982 οὐκ
1196 1900 1660 2009 ἐξεζήτησαν·
1742 1902 1857 1982 διὰ
1912 1912 2124 1983 τοῦτο
2181 1904 2309 1983 οὐκ
2373 1901 2628 2003 ἐνόησε
2684 1909 2894 1983 πᾶσα
2957 1902 3004 2002 ἡ

606 2037 649 2073 “
685 2025 890 2128 νομὴ,
929 2025 1046 2107 καί
1099 2026 1839 2131 διεσκορπίσθησαν.”
1898 2028 1987 2135 ἐξ
2032 2030 2267 2108 αὐτῶν
2309 2037 2691 2131 τοιγαροῦν
2735 2028 3001 2109 ἀποδέ-

602 2153 869 2231 δεικται
922 2158 1067 2231 τῶν
1116 2150 1591 2255 πραγμάτων,
1634 2151 1745 2232 ὅτι
1796 2152 2067 2252 ποιμὴν
2114 2156 2243 2252 μὲν
2292 2151 2684 2255 προβάτων
2732 2152 3006 2253 ἀγαθὸς

604 2274 828 2360 ὅντως
867 2277 906 2355 ὁ
943 2273 1303 2380 Χριστὸς,
1346 2281 1411 2356 οἰ
1450 2275 1523 2355 δὲ
1562 2275 1826 2380 φθόροι
1862 2283 2155 2375 μᾶλλον
2191 2276 2237 2379 ἢ
2284 2280 2541 2378 ἀγαθοὶ
2584 2279 2890 2357 ἐπαίνων
2925 2311 3003 2356 τε
3042 2306 3121 2367 15

602 2407 748 2479 τῶν
784 2401 897 2480 ε’πί
935 2399 1358 2503 γνησιότητι
1391 2397 1585 2480 πολὺ
1623 2399 1713 2499 δὴ
1753 2401 1922 2480 λίαν
1957 2400 2442 2510 ἐξῳκισμένοι.

1246 2672 1425 2750 ἘΙ-ὡ
1480 2672 1610 2750 εἰμι
1664 2673 1700 2743 ὀ
1757 2673 2003 2752 ποιμήν
2057 2676 2093 2743 ὁ
2149 2677 2372 2741 καλός.

712 2850 1238 2952 Ἀνεσκίρτησε
1291 2847 1519 2930 πάλιν
1564 2853 1661 2933 ὡς
1716 2848 1850 2948 τὴν
1897 2856 2215 2929 νικῶσαν
2258 2847 2503 2953 εὑρὼν,
2545 2851 2661 2928 καὶ
2717 2847 2848 2949 τὴν
2892 2849 3011 2928 ἐπὶ

601 2970 686 3054 τὸ
745 2977 1003 3078 χρῆναι
1066 2972 1596 3077 προτάττεσθαι
1660 2978 1787 3074 τῆς
1842 2974 2207 3055 Ἰουδαίων
2267 2976 2494 3078 ἀρχῆς
2556 2970 3010 3070 ἀποκομισά-

602 3132 815 3197 μενος
865 3101 1156 3202 ψῆφον,
1200 3100 1284 3179 οὐ
1331 3107 1486 3184 ταῖς
1536 3105 1751 3178 τινῶν
1785 3098 2221 3203 μαρτυρίαις,
2260 3096 2431 3177 ἀλλ’
2471 3097 2562 3204 ἐξ
2605 3097 2822 3195 αὐτῆς
2871 3097 3009 3197 ἤδη
3038 3130 3126 3174 20

603 3228 729 3323 τῆς
785 3229 931 3301 τῶν
979 3218 1430 3325 πραγμάτων
1486 3221 2021 3328 συνεξετάσεως
2079 3222 2708 3327 ἀναφωνουμένην.
2789 3220 3010 3325 ὅνπερ

607 3344 749 3450 γὰρ
786 3343 1057 3447 τρόπον
1095 3347 1595 3447 ἀντιπαραθεὶς
1631 3346 1721 3427 τὰ
1773 3352 1990 3426 οἰκεῖα
2040 3353 2187 3430 τοῖς
2237 3343 2354 3424 διὰ
2404 3352 2550 3425 τῶν
2587 3349 3001 3452 ψευδοπρο-

551 3503 587 3548 e
615 3476 859 3575 φητῶν
896 3469 1463 3572 κακουργήμασι,
1503 3473 1619 3550 καὶ
1656 3470 1918 3570 ἀμείνω
1954 3469 2226 3554 δεικνὺς
2260 3473 2388 3570 τῆς
2424 3472 2703 3550 ἐκείνων
2740 3474 3011 3577 ψευδο-

609 3593 861 3697 λογίας
913 3599 1060 3671 τῶν
1116 3594 1389 3673 οἰκείων
1443 3591 2020 3698 κατορθωμάτων
2073 3593 2206 3693 τὴν
2262 3594 2592 3691 ἔκβασιν·
2659 3592 2824 3679 τοὺς
2878 3591 3010 3694 μὲν

608 3717 751 3822 γὰρ
787 3721 902 3797 ἐπὶ
940 3715 1137 3825 μόνῳ
1184 3723 1289 3825 τῷ
1340 3717 1612 3823 κλέψαι
1663 3723 1778 3799 καὶ
1829 3725 2053 3800 θῦσαι
2103 3723 2221 3800 καὶ
2271 3719 2634 3800 ἀπολέσαι
2668 3720 3009 3822 γενέσθαι
3040 3750 3128 3812 25

609 3845 842 3949 φησὶν
879 3840 1323 3940 αὐτομόλους
1357 3844 1472 3923 ε’πὶ
1513 3842 1594 3923 τὸ
1633 3845 2060 3950 ψεύδεσθαι,
2099 3846 2215 3924 καὶ
2264 3839 2312 3923 ἃ
2359 3843 2461 3943 μὴ
2511 3846 2709 3943 θέμις
2755 3849 3005 3942 εἰπεῖν,

607 3964 858 4047 ἑαυτὸν
903 3965 1133 4071 γεμὴν
1175 3970 1485 4074 ἀφῖχθαι
1538 3966 1720 4072 πρὸς
1777 3968 1862 4048 τὸ
1916 3967 2018 4068 μὴ
2074 3966 2296 4068 μόνον
2340 3966 2527 4073 ἔχειν
2564 3968 2769 4072 ζωὴν,
2806 3969 3014 4049 ἀλλά

718 4237 732 4251 .
765 4196 949 4265 ἀνέδην
976 4196 1093 4250 Bm.
1118 4195 1329 4266 ἀναίδην
1356 4195 1460 4279 Ed..
1629 4214 1651 4251 1
1667 4214 1710 4252 1.
1748 4196 2043 4252 ἀπαιτιᾶται
2072 4197 2136 4252 Β.
2163 4197 2404 4266 ε’πητιᾶτο
2430 4215 2478 4252 a.
2503 4199 2796 4253 ὑπαιτιᾶται
2826 4198 3011 4254 Holst.

608 4213 713 4322 Et?-
857 4267 1282 4340 ηὐφρονεῦσαντο
1307 4268 1467 4323 εάἰᾶι.
1496 4268 1701 4336 (Alex.)
1726 4268 2120 4341 ηὗφρονέσαντο
2148 4268 2212 4322 Β.
2239 4267 2601 4340 ἦφρονέσαντο
2631 4269 2730 4325 Ht.
2752 4267 3013 4342 ἦφρονεῦ-

607 4360 770 4393 σαντο
796 4337 899 4392 Ed.
1081 4354 1163 4393 12
1201 4338 1524 4421 ‹Thracane-a.
1552 4339 1728 4410 (Vat.)
1913 4356 1992 4410 19.
2030 4341 2457 4409 προστάττεσθαι
2486 4340 2551 4395 Β.
2582 4341 2678 4394 Ht.
2706 4340 3016 4397 emendavit

606 4426 635 4463 e
661 4409 780 4463 Cat.
809 4408 967 4465 Harl.
988 4421 1051 4463 ut
1077 4409 1185 4464 vld.
1212 4411 1356 4465 Aub.
1382 4421 1435 4464 et
1457 4419 1531 4464 lta
1556 4428 1604 4464 a.
1732 4410 2173 4481 ἅποκομισάμενοι
2205 4411 2267 4465 Β.
2298 4411 2394 4466 Ht.
2420 4411 2724 4466 emendavit
2747 4430 2776 4467 e
2803 4412 2921 4467 Cat.
2948 4422 3016 4467 ut

604 4479 716 4534 vid.
742 4480 889 4536 Aub.
1119 4497 1205 4535 22.
1242 4480 1603 4551 ἀντιπαραθεὶς
1634 4481 1749 4535 B.a.
1781 4481 1879 4538 Ht.
1902 4483 2314 4552 ἀντιπαρατιθεὶς
2342 4483 2484 4538 Aub.
2586 4485 2695 4539 τοῖς
2720 4484 2802 4537 διὰ
2826 4500 3014 4537 emen-

604 4550 752 4677 {zm
775 4551 949 4677 eHCat.
961 4560 1038 4677 ἄη
1063 4551 1345 4676 vidi-Aub-
1370 4552 1457 4607 διὰ
1480 4554 1572 4622 τῆς
1600 4551 1666 4608 Β.
1698 4552 1794 4607 Ht.
2080 4568 2167 4621 25.
2204 4553 2466 4608 ἀπολέσαι
2497 4553 2560 4607 Β.
2586 4553 2880 4609 ἀπολέσθαι
2909 4553 3014 4608 Ht.

698 4660 711 4678 .
845 4639 935 4677 aec
1000 4640 1134 4677 euun
1185 4640 1241 4676 m
1267 4639 1315 4677 a.
