3238 5158
625 332 750 396 178
1226 331 1303 394 Β.
1351 329 1775 395 CYRILLI
1827 329 2409 397 ALEXANDR.
2794 325 2883 387 ix.
2911 338 3025 401 24.

622 497 740 574 καὶ
786 495 1152 576 πιστεύειν
1195 496 1433 581 αὐτοῖς
1482 496 1964 594 ἐπιτάττουσι,
2001 495 2134 578 κᾶν
2176 501 2303 597 τῆς
2353 491 2694 576 ἀνωτάτω
2748 493 3022 571 πασῶν

621 620 960 714 ἀσεβείας
1003 616 1387 718 ἁπτόμενοι
1422 620 1839 729 ἀμαρτωλὶν
1872 618 2048 700 εἶναι
2086 621 2386 723 λέγουσι
2423 618 2551 699 τὸν
2586 618 2690 697 ἐπ’
2733 613 3020 720 ὀλέθρῳ

619 746 747 841 τῆς
797 744 1146 845 ἁμαρτίας
1195 744 1766 844 ἐπιδημήσαντα.
1848 748 1963 825 καὶ
2013 749 2140 843 τῆς
2188 744 2318 844 μὲν
2354 747 2470 824 ἐπὶ
2520 747 2732 822 τοῦτο
2780 770 3010 817 συκο-

551 884 595 948 d
622 868 929 973 φαντίας
986 868 1318 967 οὐδεμίαν
1373 875 1749 953 παντελῶς
1803 867 2369 971 παρακομίζουσι
2434 864 2567 965 τὴν
2625 860 3017 966 ἀπόδειξιν,

618 987 1211 1093 περιαυτιζόμενοι
1268 991 1344 1071 δὲ
1398 995 1516 1071 καὶ
1572 998 2004 1098 φρονοῦντες
2057 993 2169 1098 ἐφ’
2208 994 2482 1074 ἑαυτοῖς
2533 989 2723 1090 με’γα
2776 1021 2846 1066 τι
2893 986 3017 1063 καὶ
3049 1004 3108 1066 5

614 1111 942 1220 ἐξαίσιον
990 1114 1078 1194 δι’
1122 1113 1297 1195 αὐτὸ
1352 1113 1441 1214 δὴ
1497 1117 1614 1195 καὶ
1669 1114 1889 1213 μόνον
1944 1115 2028 1195 τὸ
2084 1118 2417 1218 ἡγεῖσθαι
2473 1119 2675 1192 λαῶν
2719 1115 2812 1215 τῇ
2866 1114 3018 1188 τῶν

617 1237 1035 1339 προσώπων
1062 1237 1483 1346 περιφανεία
1519 1238 1652 1338 τὴν
1676 1240 1927 1320 πίστιν
1964 1240 2398 1345 χαρίζεσθαι,
2428 1238 2546 1317 καὶ
2579 1233 2978 1336 καθάπερ’
2938 1266 3017 1312 εν

618 1360 1047 1466 ὀφλήματος
1089 1360 1291 1469 τάξει
1337 1362 1775 1444 καταθέσθαι
1821 1363 2363 1443 διακελεύονται.
2452 1395 2540 1440 το
2585 1356 2729 1461 γάρ
2763 1357 3014 1460 Ημὲἶς

619 1480 911 1590 ἄδωμα,
961 1485 1095 1586 τὴν
1141 1486 1583 1591 ἀσύγκριτον
1633 1491 1887 1567 ὧδῖνον
1938 1489 2341 1592 ὑπεροψίαν
2390 1484 2756 1565 ἀλωσεται
2809 1477 3014 1582 παρά

615 1642 702 1710 γε
766 1618 914 1695 τοῖς
968 1644 1100 1690 τον
1154 1612 1425 1691 ἑαυτῶν
1484 1609 1941 1691 λανθάνοντα
1999 1610 2479 1714 βασανίζουσι
2542 1615 2732 1688 νοῦν.
2835 1603 3008 1683 ἀλλ’
3045 1635 3135 1677 10

615 1732 775 1813 ἔστι
829 1736 1204 1814 κάντεῦθεν
1247 1733 1332 1813 οὗ
1381 1735 1683 1837 μετρίως
1735 1733 2249 1833 ἀποθαυμάσαι
2291 1731 2420 1815 τὸν
2466 1739 2611 1811 τῶν
2643 1729 3014 1810 Ἰουδαίων

615 1854 1088 1956 ἀπόπληκτον
1152 1864 1340 1936 νοῦν.
1450 1858 1854 1938 ἀνατιθέναι
1926 1856 2071 1961 γὰρ
2146 1866 2242 1967 τῷ
2303 1865 2458 1965 Θεῷ
2521 1852 2655 1955 τὴν
2717 1856 2832 1934 ἐπὶ
2903 1856 3012 1959 τῷ

557 2016 593 2059 e
614 1980 1005 2088 παραδόξῳ
1076 1976 1657 2082 προστάττοντες
1723 1976 1943 2090 δόξαν,
2016 1978 2141 2062 ἅτε
2218 1977 2306 2080 δὴ
2381 1982 2498 2059 καὶ
2578 1975 2780 2086 μόνῳ
2859 1983 3010 2056 τῶν

613 2101 952 2182 τοιούτων
986 2101 1272 2210 ἐργάτῃ,
1310 2102 1438 2184 τὸν
1472 2104 1562 2212 ἐξ
1600 2107 1854 2189 οἰκείας
1894 2105 2146 2211 ἰσχύος
2180 2103 2662 2207 ἐνεργήσαντα
2702 2101 2839 2198 [τὰ]
2876 2109 3010 2182 τοῦ

614 2230 805 2306 Θεοῦ
854 2228 1382 2329 κατακρίνουσι,
1430 2232 1547 2308 καὶ
1603 2231 1739 2333 οὐχ
1792 2229 1988 2313 ὅπως
2042 2231 2242 2309 αὐτοὶ
2295 2229 2502 2328 μόνοι
2546 2232 2614 2307 οἶ
2662 2225 3002 2324 τάλανες,
3040 2264 3126 2324 15

612 2357 1056 2457 συμφρονεῖν
1099 2350 1176 2430 δὲ
1226 2355 1342 2431 καὶ
1394 2353 1672 2457 ἑτέρους
1720 2350 2312 2455 ἐτι-ἀναγκάζουσι·
2372 2350 2558 2458 μόνῃ
2608 2349 2685 2430 δὲ
2736 2349 3010 2451 γνώσει

609 2479 701 2579 τῇ
737 2475 1007 2554 ἑαυτῶν
1040 2473 1513 2575 ἀπονέμοντες
1564 2477 1652 2558 τὸ
1700 2480 1952 2558 εἰδέναι
1999 2484 2262 2587 σαφῶς
2315 2480 2411 2561 ὡς
2447 2477 2858 2585 ἀμαρτωλὶς
2898 2472 3007 2573 εἴη

609 2596 964 2701 Χριστος,
1014 2599 1406 2701 ἀγνοοῦσιν
1455 2600 1652 2686 ὅπως
1706 2599 1801 2682 τὰ
1846 2603 2175 2706 χείριστα
2227 2606 2355 2701 τῆς
2403 2600 2656 2684 οἰκείας
2705 2599 2997 2752 καθορί-

609 2718 814 2824 ζουσι
859 2727 1204 2830 κεφαλῆς.
1285 2723 1481 2804 πολὺ
1527 2722 1674 2830 γὰρ
1722 2733 1876 2810 ταῖς
1924 2727 2423 2825 νομομαθείαις
2472 2726 2801 2827 ἐπαυχεῖν
2835 2728 2997 2802 εἰω-

607 2843 828 2944 θότες,
867 2882 984 2927 και
1019 2854 1167 2931 τοῖς
1203 2851 1407 2953 ἱεροῖς
1444 2846 1829 2954 ἀφορήτως
1874 2847 2548 2951 ἐπισοβαρευόμενοι
2580 2844 2995 2949 γράμμασι,
3031 2889 3122 2931 20

603 2969 888 3073 μείζονα
940 2969 1028 3070 δὴ
1076 2969 1363 3056 πάντως
1409 2973 1847 3052 ἀποτίσουσι
1890 2972 2172 3072 δίκην
2128 3008 2225 3056 ως
2259 2971 2424 3078 ἐξὸν
2458 2969 2589 3070 μὲν
2628 2970 2877 3050 εἰδέναι
2912 3003 3001 3050 το

274 3111 394 3168 617
412 3111 490 3167 Δ.
546 3129 583 3168 a
604 3094 719 3173 ἐπὶ
775 3096 1080 3201 Χριστῷ
1146 3094 1545 3198 μυστήριον
1606 3094 1728 3175 διά
1787 3129 1862 3175 τε
1928 3095 2154 3193 νόμου
2217 3098 2332 3175 καὶ
2394 3101 2542 3175 τῶν
2603 3098 3002 3199 προφητῶν

604 3219 1001 3301 πολυειδῶς
1044 3217 1565 3318 ἐκτυπούμενόν
1602 3252 1682 3299 τε
1719 3220 1835 3299 καὶ
1870 3219 2262 3317 βοώμενον,
2297 3215 2740 3318 αὐτόκλητον
2772 3217 2848 3297 δὲ
2882 3215 3004 3297 διὰ

603 3341 894 3436 πολλῆς
967 3339 1156 3441 ἄγαν
1228 3345 1354 3441 τῆς
1424 3344 1776 3449 ῥᾳθυμίας
1852 3342 2283 3446 ἁρπάζὸντες
2356 3342 2653 3445 ἄγνοιαν
2659 3402 2683 3439 ,
2761 3339 2807 3442 ἢ
2882 3346 3003 3422 καὶ

604 3457 863 3544 εἰδότες
916 3459 1047 3557 μὲν
1101 3465 1436 3564 ἀκριβῶς,
1493 3464 1595 3563 μὴ
1651 3464 1794 3566 μὴν
1846 3465 2022 3570 ὅπερ
2076 3465 2215 3546 ἔδει
2269 3469 2448 3569 δρᾶν
2498 3466 2615 3545 καὶ
2667 3462 3001 3563 μάλιστα
3030 3501 3119 3563 ²5

602 3581 991 3683 προθύμως
1053 3583 1526 3683 ἐθελήσαντές
1599 3621 1799 3670 ποτε.
1902 3593 2387 3692 παιδαγωγεῖν
2447 3588 2591 3693 γὰρ
2654 3589 2792 3669 ἔδει
2854 3595 3000 3669 τῶν

603 3706 960 3807 ἀγελαίων
996 3703 1123 3785 τὸν
1159 3716 1326 3787 νοῦν
1357 3707 1539 3812 πρὸς
1575 3711 1999 3819 κατάληψιν
2035 3721 2181 3792 τῶν
2217 3715 2332 3794 ἐπὶ
2369 3717 2677 3820 Χριστῷ
2711 3746 2996 3814 μυστη·

600 3827 793 3929 ρίων,
836 3829 954 3908 καὶ
1008 3835 1394 3933 πειρᾶσθαι
1450 3838 1744 3932 μᾶλλον
1791 3841 2266 3938 καθηγεῖσθαι
2318 3842 2466 3915 τῶν
2513 3835 2766 3916 ἄλλων
2815 3833 3002 3939 πρὸς

598 3950 991 4052 ἐπίγνωσιν
1037 3950 1140 4032 ὧν
1186 3953 1327 4034 ἔδει
1372 3960 1651 4056 μαθεῖν.
1732 3956 1904 4036 ἀλλ’
1945 3961 2012 4037 οἱ
2060 3967 2359 4045 πλατεῖς
2408 3964 2504 4044 εἱς
2559 3956 2844 4062 λόγους,
2879 3963 3002 4039 καὶ

669 4193 724 4248 6.
762 4193 826 4248 δι’
853 4195 978 4251 αὐτὸ
1003 4195 1066 4267 δὴ
1094 4197 1159 4251 Β.
1187 4197 1271 4252 διὰ
1294 4203 1448 4254 τοῦτο
1473 4200 1530 4255 δε
1558 4200 1743 4257 Holst.
1770 4201 1855 4257 διὰ
1878 4205 2035 4258 τοῦτο
2059 4203 2164 4259 Ed.
2333 4221 2417 4261 10.
2454 4207 2650 4261 ἑαυτῶν
2669 4205 2996 4261 λανθάνοντα

601 4261 668 4316 Β.
693 4264 874 4320 ἑαυτὸν
933 4266 1213 4322 crearem
1241 4269 1338 4324 Ht.
1365 4269 1469 4326 Ed.
1493 4273 1853 4327 λανθανοντιι
1831 4291 1946 4344 jam
1970 4274 2338 4330 emendavisse
2364 4275 2691 4331 Cotelerium
2713 4275 2993 4343 (Menum.

596 4332 652 4387 ii.
678 4334 827 4423 585.)
853 4288 1073 4391 ιέηοαιι
1099 4338 1305 4409 Migne.
1526 4358 1606 4412 13.
1643 4345 1785 4417 μόνῳ
1809 4343 2057 4399 emendat
2085 4345 2283 4416 Heyse.
2306 4348 2435 4414 μόνο
2460 4347 2587 4417 (sic)
2610 4346 2677 4401 B.
2698 4349 2859 4416 μόνον
2883 4346 2992 4401 Ed.

592 4403 914 4529 ‚zgssgmong
936 4406 1199 4531 ἕωξξξξξ
1201 4408 1413 4547 ἓξὲξ
1420 4410 1652 4537 „iffiffiba'
1599 4435 1661 4481 '¹’
1685 4412 1752 4467 Β·
1779 4412 1895 4556 ἓξ.
1929 4415 2069 4540 ...ἓ
2086 4416 2676 4543 ῗῗξξξῗᾶἳξξξὲᾶῗ·
2700 4417 2995 4546 ‘'⁰¹23‘'1'2}

593 4542 786 4612 ⁶²&er
789 4544 889 4614 ..τε
911 4546 983 4602 ι.»
1066 4550 1109 4602 ι.
1135 4501 1240 4602 Ed
1454 4566 1541 4618 24.
1576 4551 1751 4623 ὴ-μ.)
1773 4553 1875 4623 μὴν
1899 4553 1966 4609 Β.
1992 4554 2381 4628 εε-γεμὴνΕᾶ
