3238 5158
663 326 793 390 542
1274 327 1351 392 Β.
1399 325 1826 392 cYRILLI
1885 278 2462 393 ALEXANDR.
2868 344 2958 388 xv.
2979 337 3024 384 1.

599 507 643 573 d
667 488 799 586 μέν
840 492 1000 571 ἐστι
1057 491 1244 572 κατὰ
1297 499 1508 573 τοῦτο
1553 491 1909 596 Χριστός·
1984 494 2179 593 ἡμεῖς
2234 492 2311 573 δὲ
2365 489 2763 592 κλημάτων
2806 490 3030 568 ἀποπ-

670 622 965 699 λοῦντες
1037 620 1294 722 σχῆμα
1367 614 1501 717 τὴν
1563 616 1656 723 ἐξ
1721 617 1941 697 αὐτοῦ
2013 620 2133 697 καὶ
2202 618 2370 719 παρ’
2430 616 2659 696 αὐτοῦ
2733 613 2906 717 ζωὴν
2964 615 3040 691 εἰς

333 748 484 875 {³3¹}-
672 734 927 823 αὐτοὺς
996 740 1445 844 κομιῷμεθα,
1511 742 1745 820 καίτοι
1808 748 1936 820 τοῦ
1991 745 2296 820 Παῦλου
2361 741 2718 842 λέγοντος
2775 740 2870 817 Οἱ
2925 730 3044 835 γὰρ

340 910 363 945 1
382 896 565 946 0021.
671 861 933 946 πάντες
970 873 1013 910 “
1035 862 1111 944 ἓν
1148 861 1369 964 σῶμά
1415 866 1641 963 ἐσμεν
1676 866 1751 944 ἐν
1786 868 2116 972 Χριστῷ,
2155 863 2264 943 ὅτι
2309 863 2408 949 εἷς
2450 865 2675 968 ἄρτος
2713 865 2779 941 οἱ
2814 855 3050 941 πολλοί

674 996 718 1033 “
754 988 999 1083 ἐσμεν·
1087 992 1154 1067 οἱ
1228 986 1375 1090 γὰρ
1434 984 1698 1072 πάντες
1760 990 1838 1068 ἐκ
1903 996 2033 1068 τοῦ
2098 986 2255 1073 ἑνὸς
2328 987 2551 1090 ἄρτου
2630 982 3086 1089 μετέχομεν.”5

673 1109 945 1213 λεγέτω
1000 1109 1143 1215 γάρ
1198 1145 1304 1195 τις
1360 1112 1529 1211 ἡμῖν
1582 1110 1715 1212 τὴν
1765 1113 2019 1211 αἰτίαν,
2066 1117 2184 1192 καὶ
2240 1111 2642 1193 διδασκέτω
2699 1102 3046 1212 παρελθὸν

673 1238 802 1332 τῆς
858 1239 1210 1333 μυστικῆς
1268 1236 1599 1338 εὐλογίας
1660 1233 1794 1334 τὴν
1848 1234 2166 1335 δύναμιν.
2245 1235 2509 1339 γίνεται
2572 1235 2727 1338 γὰρ
2792 1238 2866 1312 ἐν
2913 1231 3046 1328 ἡμῖν

676 1360 870 1437 διατί
887 1391 909 1455 3
962 1355 1070 1460 ἆρ’
1104 1361 1263 1464 οὐχὶ
1300 1363 1418 1439 καὶ
1453 1365 1880 1458 σωματικῶς
1919 1360 2086 1459 ἡμῖν
2123 1357 2565 1461 ἐνοικίζουσα
2602 1357 2740 1439 τὸν
2763 1349 3045 1458 xpm&

618 1524 654 1569 e
678 1487 768 1588 τῇ
805 1482 1081 1589 μεθέξει
1116 1487 1232 1562 καὶ
1270 1483 1597 1590 κοινωνίᾳ
1635 1488 1763 1583 τῆς
1799 1485 2011 1585 ἁγίας
2044 1485 2262 1564 αὐτοῦ
2296 1485 2622 1588 σαρκός;
2685 1483 2857 1561 ἀλλ’
2891 1473 3043 1574 οἶμαι

340 1609 471 1726 {Ph
493 1608 562 1660 ¹³³·
678 1607 916 1709 λέγειν
960 1609 1215 1709 ὀρθῶς·
1285 1607 1552 1712 γράφει
1602 1607 1745 1709 γὰρ
1792 1609 1833 1687 ὃ
1877 1613 2176 1691 Παῦλος
2221 1611 2662 1711 γεγενῆσθαι
2705 1618 2751 1654 “
2777 1601 2870 1684 τὰ
2913 1600 3041 1693 ἔθνη
3059 1625 3099 1666 ¹⁰

679 1740 722 1778 “
757 1731 1133 1830 σύσσωμα
1187 1733 1304 1811 καὶ
1362 1731 1789 1835 συμμέτοχα
1853 1736 1969 1811 καὶ
2034 1727 2649 1832 συγκληρονόμα”
2723 1729 3037 1831 Χριστοῦ.

674 1853 1051 1954 σύσσωμα
1105 1863 1487 1959 τοιγαροῦν
1530 1854 1715 1934 κατὰ
1769 1861 1974 1935 ποῖον
2021 1855 2405 1960 ἀπεφάνθη
2461 1853 2744 1958 τρόπον
2776 1886 2798 1948 3
2858 1847 3040 1955 ἀξιω-

677 1978 891 2059 θέντα
946 1978 1086 2083 γὰρ
1140 1986 1533 2084 μετασχεῖν
1580 1983 1708 2077 τῆς
1764 1978 2096 2080 εὐλογίας
2152 1982 2281 2079 τῆς
2333 1982 2717 2078 μυστικῆς,
2777 1974 2853 2057 ἓν
2902 1967 3041 2072 πρὸς

676 2101 895 2183 αὐτὸν
930 2102 1184 2204 γέγονε
1218 2110 1456 2201 σῶμα,
1497 2101 1820 2206 καθάπερ
1856 2103 2108 2201 ἀμέλει
2160 2104 2279 2182 καὶ
2328 2109 2474 2181 τῶν
2509 2103 2750 2204 ἁγίων
2785 2101 3040 2181 ἕκαστος·

679 2224 1143 2310 ἀποστόλων.
1236 2229 1386 2308 ἐπεὶ
1443 2226 1560 2307 διὰ
1613 2227 1831 2307 ποίαν
1887 2227 2119 2306 αἰτίαν
2173 2229 2358 2327 μέλη
2416 2234 2545 2306 τοῦ
2602 2230 2934 2330 Χριστοῦ
2973 2213 3040 2295 τὰ
3057 2238 3094 2295 ¹⁵

681 2353 921 2448 οἰκεῖα,
957 2357 1251 2450 μᾶλλον
1286 2348 1361 2430 δὲ
1406 2348 1499 2430 τὰ
1541 2348 1855 2448 πάντων,
1896 2353 1994 2435 ὦς
2043 2351 2265 2431 αὐτοῦ
2313 2347 2796 2446 κατωνόμασε
2842 2345 3034 2446 με’ληῖ

348 2491 581 2549 ΒΘΒΔ.
624 2504 660 2544 a
681 2471 945 2582 γράφει
1006 2473 1150 2578 γὰρ
1212 2477 1435 2558 οὕτως
1491 2484 1535 2521 “
1576 2475 1737 2553 Οὐκ
1793 2473 2118 2554 οἴδατε“
2079 2507 2189 2554 οτι
2246 2472 2336 2554 τὰ
2393 2474 2582 2574 μέλη
2639 2476 2847 2572 υμῶν
2895 2466 3040 2569 μέλη

346 2569 513 2698 ἔηοῗζ.
684 2610 729 2647 “
765 2604 1096 2703 Χριστοῦ
1151 2603 1398 2694 ἐστιν;
1457 2634 1635 2703 αρας
1688 2599 1815 2679 οὖν
1858 2597 1951 2679 τὰ
1998 2599 2186 2700 μέλη
2233 2608 2363 2680 τοῦ
2409 2605 2751 2701 Χριστοῦ
2805 2591 3040 2692 ποιήσθ
3165 2583 3166 2650 ¹

349 2735 525 2864 ἓξψέἓ
687 2733 730 2771 “
765 2721 1036 2824 πόρνης
1071 2722 1253 2825 μέλη
1282 2757 1301 2820 3
1359 2720 1458 2823 μὴ
1496 2722 1835 2824 γε’νοιτο·”
1895 2722 2097 2803 αλλὰ
2134 2727 2249 2802 καὶ
2286 2721 2497 2807 αὐτὸς
2538 2757 2578 2803 ο
2618 2720 2950 2824 Σωτῆρ“
2968 2714 3038 2791 0

686 2857 732 2895 ‘⁶
766 2847 1065 2952 τρώγων
1098 2882 1240 2947 μου
1285 2847 1419 2947 τὴν
1462 2843 1734 2949 σάρκα,
1779 2853 1992 2952 φησι,
2026 2849 2144 2926 καὶ
2194 2849 2421 2928 πίνων
2455 2881 2598 2948 μου
2647 2882 2738 2928 το
2787 2845 2954 2941 αἷμα
2987 2840 3040 2916 ⁶⁸¹
3057 2860 3096 2901 ²*

685 2981 731 3018 “
766 2974 918 3070 ἐμοὶ
973 2970 1185 3070 μένει,
1240 2969 1442 3073 κάγὼ
1498 2973 1573 3050 ἐν
1630 2972 1886 3079 αὖτῷ.”
1975 2972 2052 3051 ἐν
2105 2969 2248 3073 γὰρ
2312 2969 2400 3072 δὴ
2463 2970 2694 3078 τούτῳ
2757 2970 3041 3071 μάλιστα

686 3099 992 3175 κατιδεῖν
1062 3095 1288 3203 ἄξιον,
1354 3097 1451 3179 ὡς
1524 3095 1608 3174 οὐ
1682 3093 1866 3175 κατὰ
1938 3095 2205 3200 σχέσιν
2267 3093 2428 3174 τινὰ
2499 3094 2753 3195 μόνην,
2819 3090 2944 3192 τὴν
2987 3086 3042 3164 ὁ

686 3218 1001 3300 διαθέσει
1049 3219 1458 3320 νοουμένην,
1493 3220 1571 3298 ἐν
1606 3218 1776 3318 ἡμῖν
1814 3216 2120 3298 ἔσεσθαί
2147 3220 2449 3322 φησιν
2415 3253 2460 3298 ο
2494 3217 2852 3320 Χριστος,
2884 3204 3045 3294 ἀλλὰ

684 3377 804 3423 και
839 3378 1021 3424 κατα
1054 3345 1344 3452 μεθεξιν
1381 3340 1845 3452 [φυσικὴν]”
1788 3376 1946 3444 ητοι
1983 3341 2324 3449 φυσικήν.
2413 3341 2663 3446 ὦσπερ
2699 3342 2851 3447 γὰρ
2882 3337 2944 3419 εἴ
2965 3363 3043 3414 τις

686 3466 906 3568 κηρὸν
959 3469 1174 3575 ἑτέρῳ
1226 3465 1785 3573 συναναπλέξας
1839 3472 2055 3575 κηρῷ,
2106 3470 2225 3547 καὶ
2276 3471 2447 3569 πυρὶ
2502 3460 3105 3569 συγκατιιτήξιῑῆ*5

617 3587 733 3668 b‘*
688 3623 765 3667 εν
799 3623 869 3668 τι
906 3624 990 3668 το
1026 3590 1114 3697 ἐξ
1144 3593 1417 3697 ἀμφοῖν
1453 3588 1837 3692 ἐργάᾷται,
1875 3624 2058 3671 ουτω
2097 3588 2213 3669 διὰ
2262 3594 2391 3688 τῆς
2435 3587 2914 3694 μεταλήψεως
2947 3586 3046 3664 τοῦ

684 3712 1025 3812 σώματος
1067 3722 1196 3793 τοῦ
1233 3718 1563 3814 Χριστοῦ
1613 3715 1731 3793 καὶ
1781 3722 1909 3793 τοῦ
1958 3715 2190 3813 τιμίου
2240 3747 2560 3814 αιματος,
2598 3711 2813 3799 αὐτὸς
2846 3743 2966 3812 μεν
2990 3706 3046 3785 ἐν

685 3836 875 3936 ἡμῖν,
911 3837 1109 3936 ἡμεῖς
1164 3832 1242 3916 δὲ
1297 3836 1387 3916 αὖ
1441 3836 1669 3917 πάλιν
1712 3840 1786 3918 ἐν
1830 3839 2022 3945 αὐτῷ
2076 3838 2579 3935 συνενούμεθα.
2665 3838 2750 3917 οὗ
2800 3834 2942 3941 γὰρ
2982 3825 3050 3927 ἦν

683 3958 935 4061 ἑτερως
996 3959 1510 4063 ζωοποιηθῆναι
1576 3959 1931 4040 δύνασθαι
1990 3960 2075 4041 τὸ
2135 3964 2559 4068 φθείρεσθαι
2615 3958 2955 4068 πεφυκος,
3006 3955 3050 4030 εἶ

682 4081 784 4182 μὴ
859 4081 1279 4185 συνεπλάκη
1353 4090 1786 4183 σωματικῶς
1861 4090 1966 4192 τῷ
2040 4084 2326 4183 σώματι
2398 4088 2527 4183 τῆς
2599 4082 2784 4165 κατὰ
2855 4080 3104 4190 duim?

685 4204 885 4308 ζωῆς,
959 4207 1308 4306 τουτέστι,
1378 4216 1509 4289 τοῦ
1584 4214 2072 4311 Μονογενοῦς.
2179 4211 2295 4289 καὶ
2366 4213 2426 4289 εἰ
2500 4206 2602 4309 μὴ
2676 4215 2824 4292 τοῖς
2892 4206 3051 4304 ε’μοῖς

878 4410 1217 4501 ὁΡ]·Ι·”ἦΕ·
1402 4402 3050 4485 18·fipaprodpac(sic)13.rofiom..p2441110&

682 4486 795 4553 ἤτοι
682 4425 1028 4553 ἧτΊιῖυσικὴ
1030 4505 1060 4538 ν
1081 4482 1242 4537 habet
1266 4491 1318 4537 et
1345 4482 1480 4553 Ε.φ
1434 4485 1667 4553 φυσικὴν
1690 4484 1994 4540 emendavit
2020 4484 2227 4574 Migne.
2301 4484 2458 4539 Forte
2493 4483 2884 4554 σαρκιιὴνῆωι
2771 4481 3051 4552 ἤτοιφνΰθ·

682 4554 793 4624 κῆν,
817 4554 888 4610 cf.
914 4571 1077 4625 supra
1100 4553 1204 4610 862
1232 4552 1269 4609 b
1293 4554 1421 4609 κατὰ
1444 4555 1505 4609 τὸ
1531 4559 1704 4624 σῶμα,
1726 4553 1830 4611 862
1861 4573 1891 4610 c
1916 4556 2205 4627 συναφείας
2228 4557 2317 4624 τῆς
2341 4556 2469 4610 κατὰ
2493 4555 2679 4626 σάρκα.
