3238 5158
265 334 393 399 xiv,
421 357 480 422 9.
835 338 951 403 IN
1012 340 1077 403 S.
1127 338 1644 404 JOANNEM.
1737 340 1930 406 LIB.
1978 340 2098 407 IX.
2537 340 2665 405 423

266 499 534 601 λεγέτω
588 535 693 586 τις
748 509 895 583 τῶν
939 506 1166 584 ἐκεῖνα
1221 501 1907 610 δεδυσφημηκότων,
1958 505 2091 605 τὴν
2138 508 2266 604 τῆς
2321 505 2668 605 ἀληθείας

260 624 916 731 κατασοφιζόμενος
972 626 1293 727 δύναμιν,
1351 631 1448 711 ὡς
1512 629 1799 732 ἐπείπερ
1862 628 2006 732 ἔχει
2071 628 2204 728 τὴν
2259 628 2485 735 δόξαν
2538 638 2670 708 τοῦ

261 753 453 828 Θεοῦ
491 753 607 829 καί
647 750 960 855 Πατρὸς,
996 750 1131 847 τήν
1168 785 1247 831 τε
1295 750 1598 851 δύναμιν
1636 754 1754 831 καὶ
1802 749 1936 852 τὴν
1971 750 2247 860 σοφίαν
2285 753 2505 833 αὐτοῦ
2551 753 2670 832 καὶ

258 868 392 971 τὴν
428 870 843 975 ἀγαθότητα
880 878 997 955 καὶ
1033 874 1118 955 τὸ
1154 872 1689 978 παντουργικὸν
1727 880 1847 956 καὶ
1891 873 1978 956 τὸ
2027 876 2385 957 δύνασθαι
2420 875 2661 986 παρά·

187 1016 230 1078 5
262 1030 414 1095 γειν
468 996 561 1076 τὰ
615 999 744 1077 οὐκ
799 997 973 1080 ὄντα
1027 999 1223 1100 ποτὲ,
1281 997 1400 1080 διὰ
1456 1009 1671 1080 τοῦτο
1726 1003 1844 1080 καὶ
1902 999 2110 1081 εἰκών
2164 1002 2365 1080 ἐστιν
2419 1002 2661 1081 αὐτοῦ·

260 1119 462 1198 ἀλλὰ
509 1121 842 1203 δεικνύτω
889 1121 1265 1227 πρότερον,
1302 1130 1363 1203 εἰ
1418 1121 1608 1208 Θεὸς
1657 1123 1842 1204 κατὰ
1894 1123 2126 1229 φύσιν
2163 1125 2509 1230 φαίνεται,
2549 1128 2668 1204 καὶ

262 1245 486 1330 οὕτως
551 1247 1155 1350 ἀπαραλλάκτως,
1213 1252 1310 1332 ὡς
1368 1246 1592 1348 μηδὲν
1648 1244 1827 1328 εἶναι
1881 1246 1968 1327 τὸ
2027 1250 2318 1329 ἀδικοῦν
2370 1248 2504 1349 τὴν
2558 1256 2660 1329 εἰ·

260 1368 514 1449 σάπαν
560 1374 674 1450 καὶ
727 1374 1091 1457 ὀλοτελῶς
1140 1372 1524 1478 ἐμφέρειαν
1567 1377 1699 1473 τῆς
1753 1373 2022 1457 εἰκόνος
2075 1375 2260 1478 πρὸς
2306 1371 2391 1453 τὸ
2441 1375 2659 1480 ἀρχέ-

258 1524 511 1573 τυπον·
598 1496 1071 1598 ἀπορήσαντα
1147 1496 1223 1577 δέ
1295 1500 1414 1575 καὶ
1479 1506 1693 1577 τοῦτο
1769 1496 2106 1578 δεικνύειν
2172 1499 2307 1602 οὐχ
2378 1499 2656 1596 ἑκόντα,
2686 1517 2730 1579 b

143 1648 233 1688 10
264 1614 591 1719 δεύτερον
634 1619 1024 1719 αἰτήσομεν
1068 1627 1311 1718 εἰπεῖν,
1346 1628 1550 1705 ποῖος
1606 1618 1698 1700 ἂν
1742 1621 2097 1727 ἐπιτρέψῃ
2151 1620 2397 1722 λόγος,
2434 1623 2662 1702 καίτοι

262 1737 446 1818 κατὰ
511 1740 739 1845 φύσιν
794 1745 921 1823 οὐκ
981 1744 1158 1825 ὄντα
1213 1742 1428 1841 Θεὸν,
1484 1743 1674 1824 κατά
1730 1779 1817 1845 γε
1874 1741 2008 1843 τὴν
2062 1747 2371 1824 ἐνοῦσαν
2423 1746 2662 1831 αὐτοῖς

257 1866 667 1965 βδελυριάν,
703 1864 793 1946 τὰ
834 1873 962 1967 τῆς
1000 1866 1333 1969 θεότητος
1379 1867 1558 1971 ἔργα
1608 1869 1967 1949 δύνασθαι
2018 1877 2370 1970 πληροῦν.
2447 1879 2661 1949 τοῦτο
2764 1891 2787 1915 ‘

258 1986 403 2090 γάρ
461 1991 620 2070 ἐστι
676 1990 761 2072 τὸ
822 1993 1066 2099 φέρειν
1120 1992 1253 2093 τὴν
1307 1991 1545 2073 εἰκόνα
1599 2002 1730 2073 τοῦ
1787 1992 2103 2096 Πατρός.
2207 1999 2268 2072 εἰ
2329 1991 2462 2093 μὲν
2514 1992 2660 2097 γὰρ

260 2111 536 2192 οἴκοθεν
587 2116 716 2196 οὐκ
770 2115 955 2221 ἔχων
1003 2114 1136 2217 τὴν
1185 2119 1558 2219 ἀρκοῦσαν
1606 2122 1706 2201 εἰς
1760 2125 1973 2196 τοῦτο
2031 2117 2331 2216 δύναμιν
2387 2118 2427 2196 ὁ
2484 2117 2661 2201 Υἱὸς

144 2259 227 2321 15
260 2235 636 2339 δανείζεται
674 2235 808 2338 τὴν
840 2239 1043 2343 παρὰ
1083 2240 1397 2345 Πατρὸς,
1434 2244 1553 2321 καὶ
1602 2248 2013 2346 χορηγεῖν-αι
2064 2242 2234 2344 παρ’
2277 2243 2497 2322 αὑτοῦ
2545 2244 2665 2322 καὶ

258 2364 535 2468 σοφίαν
570 2366 688 2443 καὶ
725 2362 962 2468 ἰσχὺν,
990 2365 1107 2444 ἵνα
1143 2363 1436 2464 δύνηται
1474 2370 1879 2468 κατορθοῦν
1917 2362 1965 2443 ἃ
2000 2367 2116 2444 καὶ
2150 2363 2336 2471 μόνῃ
2370 2364 2665 2468 πρέπειν

256 2490 550 2591 ἐροῦμεν
592 2494 684 2596 τῇ
740 2497 869 2569 τοῦ
926 2487 1216 2592 Πατρος
1272 2489 1517 2597 φύσει,
1567 2488 2045 2594 διαψεύσεται
2103 2491 2292 2570 οὕτω
2354 2493 2473 2569 καὶ
2530 2486 2665 2590 τὴν

254 2611 488 2693 εἰκόνα
536 2618 654 2694 καὶ
707 2610 839 2714 τὴν
884 2613 1253 2712 ὁμοίωσιν.
1334 2620 1394 2694 εἰ
1448 2612 1525 2694 δὲ
1574 2614 1980 2721 ψεύδεσθαι
2026 2610 2159 2711 μὲν
2202 2615 2287 2693 οὖ
2336 2615 2664 2713 δώσομεν
2688 2648 2764 2695 ο·

256 2737 496 2834 αὐτὸν,
539 2741 762 2823 οὕτως
815 2739 1073 2844 ἔχοντα
1127 2739 1452 2841 καθάπερ
1509 2737 1908 2842 εἰρήκαμεν,
1955 2740 2052 2823 ὡς
2108 2736 2184 2817 δὲ
2239 2737 2666 2838 ἀληθεύοντι

147 2892 233 2934 20
258 2861 796 2961 συναινέσομεν,
843 2862 1064 2963 αὐτὴν
1112 2860 1564 2962 ἀλωσόμεθα
1617 2861 1750 2962 τὴν
1800 2859 2024 2968 δόξαν
2074 2865 2478 2945 ἀδικοῦντες
2533 2868 2664 2942 τοῦ

258 2990 451 3066 Θεοῦ
501 2989 618 3066 καί
657 2986 967 3090 Πατρὸς,
1004 2991 1119 3066 καὶ
1169 2984 1385 3083 ὅπως,
1423 2989 1586 3090 ἐρῶ.
1670 2983 1717 3087 ἢ
1755 2984 1901 3086 γὰρ
1937 2982 2215 3087 ἀνάγκη
2255 2986 2513 3088 λέγειν,
2552 2984 2664 3066 ὅτι

252 3109 596 3216 ψεύδεται
648 3109 781 3210 τὴν
825 3108 1061 3191 εἰκόνα
1104 3119 1235 3190 τοῦ
1286 3116 1481 3191 Θεοῦ
1531 3113 1650 3190 καὶ
1696 3107 2011 3211 Πατρὸς,
2049 3108 2327 3190 οἴκοθεν
2363 3107 2497 3208 μὲν
2532 3111 2662 3190 οὐκ

252 3235 439 3340 ἔχων
500 3232 634 3336 τὴν
696 3242 844 3318 τοῖς
917 3235 1151 3337 ἔργοις
1215 3233 1671 3340 ἐξαρκοῦσαν
1735 3230 1975 3337 ἰσχὺν,
2037 3234 2206 3336 παρ’
2278 3233 2521 3335 ἐτέρου
2584 3233 2662 3314 δὲ

250 3359 519 3457 ταύτην
554 3356 1111 3465 χορηγούμενος·
1173 3359 1258 3437 οὐ
1307 3356 1452 3460 γὰρ
1504 3360 1693 3439 οὕτω
1741 3354 1830 3437 τὸ
1875 3357 2306 3464 ἀρχέτυπον·
2366 3355 2412 3459 ἢ
2464 3356 2662 3461 εἴπερ

143 3512 225 3573 25
253 3483 453 3562 ἐστὶν
508 3482 788 3583 ἀληθὴς
850 3485 928 3562 ἐν
986 3485 1216 3589 ἑαυτῷ
1283 3481 1525 3584 λέγων
1589 3483 1906 3585 ὁρᾶσθαι
1967 3479 2097 3562 τὸν
2164 3481 2480 3586 Πατέρα,
2541 3485 2661 3563 καὶ

251 3603 452 3686 οὐδὲν
517 3606 709 3692 ὅλως
774 3603 949 3686 εἶναι
1019 3606 1105 3687 τὸ
1182 3604 1627 3686 διαλλάττον
1692 3603 1736 3707 ἢ
1805 3604 1890 3686 τὸ
1954 3605 2232 3713 μεταξὺ
2297 3604 2344 3707 ἢ
2409 3641 2653 3708 παρα-

249 3730 611 3836 χαράττον
663 3731 795 3832 τὴν
851 3738 948 3815 εἰς
1004 3727 1201 3813 ἅπαν
1254 3730 1656 3837 ἐμφέρειαν,
1708 3729 1986 3832 ἀνάγκη
2039 3729 2302 3812 λοιπὸν
2355 3735 2473 3811 καὶ
2522 3732 2657 3835 οὐχ
2681 3754 2726 3820 d

248 3855 504 3937 ἑκόντα
540 3863 777 3955 εἰπεῖν,
814 3859 926 3937 ὅτι
974 3859 1091 3936 καὶ
1142 3853 1355 3938 αὐτὸς
1397 3856 1437 3934 ὁ
1476 3852 1738 3957 Πατὴρ
1775 3853 2091 3955 ἐπακτὴν
2127 3855 2272 3960 ἔχει
2319 3859 2438 3935 καὶ
2480 3856 2652 3958 παρ’

245 3980 486 4081 ἑτερου
517 3980 651 4080 τὴν
687 3978 1009 4079 δύναμιν.
1089 3980 1276 4059 οὕτω
1325 3979 1469 4082 γὰρ
1515 3979 1685 4079 ἡμῖν
1717 3976 1974 4059 ἑαυτὸν
2009 3982 2085 4058 ἐν
2120 3984 2212 4084 τῇ
2264 3977 2480 4060 εἰκόνι
2527 3983 2656 4079 τῆς
2727 3996 2737 4003 ’

140 4138 223 4196 30
248 4106 428 4189 ἰδίας
466 4104 780 4212 φύσεως,
817 4105 977 4207 ἤτοι
1010 4109 1138 4204 τῆς
1175 4103 1414 4211 δόξης,
1452 4101 1833 4204 ἠβουλήθη
1872 4103 2237 4183 δεικνύειν.

346 4227 511 4333 Ἆρ’
553 4230 679 4310 οὖν
715 4231 853 4335 οὐχ
887 4231 1122 4333 ὁρᾶτε,
1156 4227 1457 4336 φήσειεν
1490 4228 1582 4307 ἄν
1617 4261 1726 4311 τις
1777 4224 1960 4331 πρὸς
2010 4227 2317 4312 ἐκείνους
2354 4224 2645 4325 λοιπὸν,

320 4499 374 4555 6.
410 4501 458 4555 εἰ
482 4503 614 4558 θεὸς
637 4501 705 4557 Ε.
730 4500 919 4559 εὐθέως
942 4499 1049 4557 Ed.
1190 4517 1352 4627 ΕΡ.
1370 4517 1497 4569 424,
1526 4516 1558 4555 2
1583 4500 1713 4556 citat
1733 4517 1790 4571 p.
1948 4496 2035 4553 26.
2070 4496 2101 4567 ἢ
2127 4499 2190 4552 τὸ
2214 4498 2340 4569 E.p.
2368 4496 2424 4551 ἐν
2445 4499 2519 4568 τῷ
2546 4493 2654 4550 Ed.

250 4572 338 4628 28.
373 4572 486 4644 ἔχει
509 4572 634 4645 E-p.
659 4573 801 4645 ’ἔχειν
824 4571 929 4628 Ed.
952 4568 1033 4628 ἵσ.
1056 4571 1168 4644 ἔχει
1283 4611 1299 4628 .
1321 4589 1436 4642 mg.
