3238 5158
230 329 629 422 xiii.12-15.
801 336 918 401 IN
980 336 1049 400 S.
1096 334 1614 401 JOANNEM.
1707 335 1902 402 LIB.
1949 337 2073 402 IX.
2503 337 2631 402 353

231 494 376 603 ἔφη
416 532 600 603 προς
652 498 819 586 τοὺς
872 502 1127 582 ἑαυτοῦ
1183 498 1509 602 μαθητάς
1536 501 1775 656 ;Τμε’ἵς
1829 501 2116 584 καλεῖτέ
2148 538 2243 610 με
2275 503 2366 584 O
2407 500 2634 611 Κυριος

232 655 355 701 και
415 630 446 704 ὁ
504 617 1037 723 διδάσκαλος,”
1005 659 1120 705 ινα
1172 622 1276 726 μή
1332 658 1439 710 τις
1495 623 1729 726 οἴηται
1784 624 2006 732 φύσει
2057 624 2190 777 μὲν
2240 624 2458 707 αὑτὸν
2503 627 2632 707 οὐκ

230 744 407 827 εἶναι
445 749 708 852 κύριον,
746 749 909 832 οὐδὲ
946 749 1504 851 διδάσκαλον,
1455 785 1644 856 εχειν
1677 749 1906 855 γεμὴν
1943 754 2040 836 ὡς
2077 754 2153 831 ἐν
2188 749 2390 859 τάξει
2424 754 2632 849 τιμῆς

230 871 431 975 παρὰ
480 880 626 955 τῶν
660 875 1021 975 ἐσομένων
1058 876 1252 983 αὐτῷ
1303 872 1436 975 τὴν
1470 877 1898 975 ἐπωνυμίαν,
1934 874 2335 980 ἀναγκαίως
2383 908 2623 979 προσ-

164 1013 205 1075 5
231 995 496 1077 τέθεικε
526 997 657 1083 τὰς
692 1000 974 1079 ἐκείνων
1009 1000 1323 1102 ἀναιρῶν
1361 1000 1698 1086 ὑπονοίας
1741 1008 1874 1080 Καὶ
1917 998 2157 1087 mik
2194 999 2455 1102 λέγετε,
2494 1007 2629 1105 εἰμὶ

233 1120 397 1228 γάρ.
464 1122 548 1201 οὐ
585 1120 729 1226 γὰρ
767 1122 999 1229 ψιλὸν
1035 1120 1263 1224 ὄνομα
1300 1122 1633 1222 κέκτηται
1668 1125 1875 1224 τιμῆς
1913 1119 1996 1203 τό
2036 1122 2281 1231 Κύριος,
2309 1120 2634 1227 καθάπερ

232 1242 435 1343 ἡμεῖς
489 1245 751 1327 οἰκέται
815 1246 1147 1346 μένοντες
1212 1244 1346 1347 τὴν
1404 1245 1655 1354 φύσιν,
1713 1246 2350 1348 λελαμπρυσμένοι
2405 1244 2634 1348 γεμὴν

231 1367 419 1448 κατὰ
472 1367 686 1516 χάριν
737 1377 887 1455 τοῖς
940 1368 1118 1476 ὑπὲρ
1169 1368 1399 1476 φύσιν
1447 1403 1525 1450 τε
1582 1372 1701 1450 καὶ
1758 1368 1973 1477 ἀξίαν
2022 1367 2397 1470 ὀνόμασιν
2459 1370 2631 1450 ἀλλ’
2656 1400 2694 1442 a
2742 1387 2871 1445 727
2889 1384 2969 1441 Δ.

231 1488 394 1573 ἔστι
442 1498 534 1598 τῇ
581 1493 804 1602 φύσει
848 1494 1135 1599 Κύριος,
1184 1492 1761 1601 κατεξουσιάζων
1803 1527 1948 1573 των
2001 1492 2218 1591 ὅλων,
2264 1496 2360 1577 ὡς
2412 1492 2628 1592 Θεὸς,

112 1642 208 1713 (ιο
233 1649 418 1720 προς
455 1652 540 1698 ον
575 1617 849 1721 εἴρηταί
892 1652 1036 1700 που
1086 1616 1207 1697 διὰ
1254 1621 1383 1718 τῆς
1433 1625 1560 1698 τοῦ
1616 1616 2048 1723 ψάλλοντος
2104 1621 2351 1723 φωνῆς
2387 1627 2433 1665 “
2456 1613 2633 1698 Ὅτι
2721 1616 2892 1737 3351.
2893 1695 2978 1750 91·

235 1749 280 1790 ‘⁶
313 1738 407 1820 τὰ
459 1740 853 1841 σύμπαντα
908 1740 1137 1821 δοῦλά
1192 1742 1383 1824 σου.’
1479 1738 1641 1824 ἔστι
1696 1737 1770 1822 δὲ
1825 1745 1918 1848 τῇ
1968 1739 2191 1847 φύσει
2246 1745 2363 1821 καὶ
2428 1738 2629 1821 διδά-

232 1874 539 1950 σκαλος·
616 1875 661 1914 “
697 1871 928 1947 Πᾶσα
1001 1864 1146 1969 γὰρ
1220 1865 1455 1973 σοφία
1530 1863 1734 1970 παρὰ
1811 1864 2156 1970 Κυρίου,”
2232 1869 2350 1947 καὶ
2423 1871 2636 1946 πᾶσα
2721 1878 2820 1933 Sir.
2841 1880 2882 1937 i·
2909 1893 2953 1929 1·

233 1987 532 2074 σύνεσις
595 1987 683 2070 δι’
740 1991 986 2070 αὑτοῦ.
1083 1996 1320 2096 σοφοῖ
1373 1987 1515 2092 γὰρ
1580 1991 1678 2074 ὦς
1742 1990 1979 2096 σοφία
2042 1988 2136 2069 τὰ
2200 1987 2452 2090 νοητὰ,
2515 1994 2634 2071 καὶ

230 2109 445 2219 πάσῃ
518 2115 749 2195 κτίσει
810 2118 904 2220 τῇ
968 2118 1257 2220 λογικῇ,
1316 2114 1718 2221 ἐπουρανίῳ
1800 2147 1877 2193 τε
1952 2115 2074 2196 καὶ
2137 2113 2638 2221 ἐπιγείῳ,την

119 2265 147 2306 1
160 2258 201 2321 5
231 2237 419 2344 αὐτῇ
488 2239 913 2341 πρέπουσαν
984 2238 1338 2342 ἐνσπείρει
1409 2271 1734 2321 συνεσιν.
1847 2236 2068 2343 ὅνπερ
2147 2235 2293 2342 γὰρ
2366 2234 2637 2341 τρόπον

231 2361 452 2446 αὐτὸς
530 2360 873 2469 ὑπάρχων
948 2362 994 2462 ἡ
1073 2360 1257 2448 κατὰ
1322 2360 1553 2469 φύσιν
1626 2359 1770 2465 §ab
1841 2361 2181 2465 ζωογονεῖ
2240 2359 2334 2442 τὰ
2400 2360 2638 2443 πάντα
2659 2378 2703 2444 b

230 2483 329 2566 τὰ
405 2484 585 2590 ζωῆς
658 2485 959 2586 δεκτικὰ,
1034 2487 1259 2571 οὕτως
1333 2484 1618 2589 ἐπείπερ
1700 2485 1914 2570 αὐτός
2003 2488 2205 2568 ἐστιν
2276 2487 2324 2585 ἡ
2404 2487 2638 2594 σοφία

230 2618 365 2692 τοῦ
435 2610 750 2715 Πατρὸς,
810 2617 1042 2692 πᾶσιν
1106 2612 1429 2710 ἐντίθησι
1491 2608 1583 2688 τὰ
1647 2610 1919 2717 σοφίας
1993 2613 2212 2714 δῶρα,
2279 2609 2641 2717 φρόνησιν

233 2730 575 2835 δηλονότι
630 2737 747 2816 καὶ
788 2742 1043 2815 πᾶσαν
1079 2734 1357 2834 εἴδησιν
1399 2736 1716 2838 ἀγαθῶν.
1794 2731 2016 2838 φύσει
2064 2740 2451 2838 τοιγαροῦν
2493 2740 2639 2814 τῶν

122 2891 206 2935 20
234 2856 434 2939 ὅλων
491 2855 758 2964 Κύριός
819 2862 980 2939 ε’στι
1036 2859 1154 2937 καὶ
1223 2855 1667 2941 διδάσκαλος
1732 2855 1774 2935 ὃ
1828 2856 2026 2940 Υἱός.
2128 2855 2246 2937 ὅτε
2303 2857 2544 2936 τοίνυν
2597 2857 2639 2936 ὃ

228 2983 462 3085 μέγας
515 2985 592 3063 ἐν
646 2981 826 3090 δόξῃ
891 2984 1009 3062 καὶ
1062 2989 1415 3066 τοσοῦτος
1467 2977 1610 3081 ἐγὼ
1664 2978 1849 3083 πρὸς
1904 2977 2038 3079 τὴν
2093 2982 2278 3060 οὕτω
2338 3013 2640 3084 σμικρο-

229 3110 475 3211 πρεπῆ
536 3111 1025 3187 καθικνεῖσθαι
1087 3106 1526 3191 ταπείνωσιν
1589 3105 1675 3183 οὐ
1734 3100 2190 3205 κατοκνήσας
2258 3104 2635 3210 φαίνομαι,

231 3233 337 3316 ὦς
391 3232 507 3311 καὶ
564 3267 713 3317 τους
767 3228 945 3335 ὑμων
1000 3228 1359 3336 ἀπονίψαι
1415 3224 1666 3315 πόδας·
1732 3261 1889 3311 πως
1943 3225 2038 3307 ἀν
2092 3228 2194 3308 ἔτι
2250 3230 2367 3308 καὶ
2425 3229 2640 3327 ὑμεῖς,

231 3356 451 3465 φησι,
488 3359 940 3458 παραιτῆσθε
977 3352 1335 3454 ἀλλήλοις
1370 3359 1646 3449 ποιεῖν;
1706 3351 2027 3432 διδάσκει
2066 3351 2142 3433 δὲ
2180 3351 2298 3432 διὰ
2331 3350 2632 3449 τούτων,

122 3504 203 3566 25
230 3478 324 3560 τὸ
387 3477 490 3579 μὴ
560 3483 690 3580 τῆς
751 3476 1009 3582 ἑτέρων
1074 3481 1283 3577 τιμῆς
1355 3475 2050 3580 καταλαζονεύεσθαι
2126 3482 2394 3584 φιλεῖν,
2463 3474 2633 3555 ἀλλ’
2660 3513 2697 3557 ο

232 3600 658 3709 ὑπερφέρειν
690 3602 909 3682 αὐτοῦ
959 3604 1079 3680 καὶ
1124 3599 1611 3705 προτετάχθαι
1662 3599 1845 3681 κατὰ
1895 3605 2046 3685 πᾶν
2087 3601 2326 3681 ὁτιοῦν
2362 3599 2640 3679 οἴεσθαι

232 3726 367 3807 τὸν
401 3725 823 3825 ὁμόδουλον.
908 3722 1137 3804 καλόν
1173 3758 1258 3827 γε
1308 3721 1609 3833 σφόδρα
1656 3721 1742 3803 τὸ
1786 3722 2117 3824 μάθημα·
2179 3720 2641 3830 φρονήματος

232 3847 382 3955 γὰρ
445 3853 972 3957 ἀφιλοκομπεῖν
1026 3845 1357 3932 εἰωθότος
1417 3847 1545 3928 οὑκ
1600 3844 1692 3926 ἀν
1748 3843 1952 3946 οἶμαί
1998 3880 2105 3931 τις
2157 3846 2502 3952 ἐπιδείξω
2554 3843 2640 3924 τὸ

234 3976 426 4056 ἴσον·
491 3972 692 4054 οὐδέν
728 4008 805 4054 τε
842 3975 1028 4053 οὕτω
1066 3974 1387 4072 διίστησι
1425 3974 1544 4054 καὶ
1586 3967 1951 4078 ἀδελφοὺς
1988 3974 2105 4051 καὶ
2140 3970 2424 4076 φίλους,
2463 3971 2560 4052 ὦς
2593 3968 2640 4068 ἦ

122 4137 211 4196 30
234 4106 385 4183 τῶν
434 4098 710 4178 ἀθλίων
757 4095 1111 4204 δοξαρίων
1159 4092 1470 4199 ἀκρατὴς
1527 4094 1887 4194 ἐπιθυμία.
1985 4094 2094 4173 ἀεὶ
2148 4090 2290 4197 γάρ
2343 4126 2499 4176 πως
2552 4089 2639 4171 τὸ

104 4318 117 4347 ί

312 4376 366 4433 7.
401 4359 663 4433 μένοντες]
692 4360 1075 4433 legendumne
1095 4383 1190 4429 μεν
1212 4359 1393 4418 ὅντεςέ
1508 4324 1519 4333 ἱ
1572 4360 1627 4415 8.
1663 4357 1815 4428 ἀξίαν
1839 4354 1904 4413 Ε.
1928 4357 2093 4425 ἀξίοις
2119 4356 2223 4412 Ed.
2391 4371 2477 4410 21.
2517 4376 2638 4424 σμι-

272 4432 564 4558 carpe-13}-
589 4434 911 4502 μικροπρεπῆ
936 4449 984 4486 a.
988 4449 1035 4487 c.
1064 4430 1229 4487 Cord.
1256 4430 1359 4488 Ed.
1622 4446 1709 4497 24.
1744 4428 2066 4510 παραιτῆσθε
2090 4427 2156 4483 Ε.
2159 4445 2209 4482 a.
2231 4426 2566 4495 παραιτεῖσθε
2592 4442 2641 4480 c.

239 4502 390 4590 qud
630 4502 824 4558 Statim
849 4505 910 4556 τὸ
932 4502 1058 4556 αυτὸ
1081 4500 1230 4558 addit
1254 4518 1303 4557 a.
1398 4522 1595 4559 τουτων
1621 4499 1722 4555 Ed.
1746 4502 1900 4555 τοῦτο
1923 4498 2075 4570 prius
2099 4498 2312 4568 scripsit
2338 4496 2423 4561 E„
2449 4494 2641 4550 deinde

237 4571 406 4629 τούτω
430 4574 660 4628 correxit
684 4590 878 4629 manne
903 4570 1105 4628 eadem.

329 4675 473 4721 voL.
502 4675 579 4722 11.
1416 4672 1451 4717 Ζ
1481 4674 1517 4716 Ζ
