3238 5158
190 354 315 419 viii.
344 374 445 441 29.
561 355 680 419 IN
742 356 806 421 S.
856 353 1368 420 JOANNEM.
1457 354 1649 418 LIB.
1682 355 1766 419 V.
1859 356 2065 420 CAP.
2100 356 2183 420 V.
2500 354 2584 418 53

192 522 441 618 ὁμοίως
493 518 566 600 δὲ
618 524 737 599 καὶ
787 522 830 599 ὃ
864 519 1042 603 ’Υἱὸς
1094 523 1209 598 καὶ
1260 522 1344 599 τὸ
1386 526 1709 617 Πνεῦμα,
1746 521 1917 599 ἀλλ’
1959 522 2086 601 οὖν
2129 528 2222 604 εὶς
2274 523 2584 620 ὁλοτελῆ

190 644 540 744 μερισμὸν
577 646 621 744 ἡ
674 645 849 746 ἁγία
899 648 1015 723 καὶ
1065 646 1447 743 ὁμοούσιος
1498 646 1581 724 οὐ
1637 643 2275 745 διασπασθήσεται
2325 644 2580 746 Τριὰς,
2610 673 2647 713 8
2703 657 2919 714 531A.

190 775 281 852 εἷς
315 770 488 868 μίαν
524 769 599 847 δὲ
636 776 931 869 μᾶλλον
970 769 1306 868 θεότητος
1352 767 1581 874 φύσιν
1617 767 1922 869 σύμπαν
1956 771 2174 870 αὐτῆς
2219 772 2588 866 ἀναβαίνει

189 892 267 973 τὸ
311 892 702 996 πλήρωμα.
777 891 961 996 πρὸς
1012 893 1099 972 δέ
1132 926 1214 994 γε
1264 892 1541 978 τούτοις
1591 896 1870 974 κάκεῖνο
1918 895 2450 996 περισκεπτέον,
2492 899 2587 979 ὡς

133 1034 167 1094 5
189 1019 403 1102 οὐδεὶς
467 1015 563 1097 ἂν
627 1018 914 1102 εἰκότως
987 1016 1283 1097 καθέλοι
1351 1017 1573 1120 λόγος
1647 1022 1775 1118 τῆς
1848 1016 2029 1121 πρὸς
2105 1018 2230 1099 τὸν
2295 1021 2589 1123 Πατέρα

189 1146 499 1248 φυσικῆς
570 1140 1002 1242 ταυτότητος
1067 1138 1196 1222 τὸν
1248 1140 1453 1221 Υἱόν·
1542 1144 1827 1247 ἐπείπερ
1890 1150 2116 1224 ποιεῖν
2176 1141 2272 1225 ro}
2335 1142 2588 1251 ἀρεστὲι

188 1274 362 1376 αὐτῷ
415 1268 702 1348 πάντοτε
758 1268 1286 1372 διισχυρίσατο,
1343 1268 1726 1363 ὀμοούσιος
1780 1265 1856 1348 δὲ
1909 1275 2200 1367 μᾶλλον
2246 1269 2589 1373 ὑπάρχων

189 1392 397 1499 αὐτῷ,
434 1394 559 1471 καὶ
608 1390 727 1471 διὰ
775 1390 1034 1472 τούτου
1084 1389 1595 1491 γνωσθήσεται
1646 1395 1763 1472 καὶ
1801 1392 1988 1477 Θεὸς
2038 1395 2115 1473 ἐκ
2160 1398 2353 1473 Θεοῦ
2406 1391 2589 1473 κατὰ

190 1514 412 1621 φύσιν
446 1517 570 1595 καὶ
608 1513 976 1614 ἀληθινός.
1053 1517 1162 1601 τίς
1199 1513 1344 1618 γὰρ
1383 1513 1473 1595 ἂν
1510 1513 1669 1597 εἰπέ
1709 1550 1832 1611 μοι
1877 1515 2228 1623 φρονήσει
2265 1515 2358 1595 τὰ
2396 1521 2589 1595 Θεοῦ

101 1663 170 1703 10
190 1644 602 1742 θεοπρεπῶς
653 1674 730 1721 τε
776 1643 894 1719 καὶ
943 1639 1552 1743 ἀπαραλλάκτως,
1591 1645 1650 1719 εἱ
1697 1637 1799 1740 μὴ
1853 1643 1971 1720 καὶ
2020 1639 2233 1724 αὐτὸς
2284 1639 2591 1745 ὑπάρχοι
2615 1648 2659 1712 b

192 1763 369 1843 κατὰ
407 1762 645 1870 φύσιν
680 1763 867 1847 Θεός
894 1796 916 1860 3
979 1760 1026 1863 ἢ
1062 1763 1170 1848 τίς
1206 1762 1296 1842 ἂν
1332 1764 1741 1845 ἐπιτελέεται
1784 1764 2095 1878 πάντοτε
2145 1763 2229 1844 τὸ
2278 1766 2591 1870 ἀρέσκον

192 1888 397 1995 αὐτῷ,
432 1887 539 1988 μὴ
593 1889 751 1992 οὐχὶ
800 1886 934 1988 τὴν
981 1887 1212 1995 φύσιν
1263 1888 1540 1982 ἄβατον
1584 1889 1770 1994 ἔχων
1804 1896 1954 1974 τοῖς
2001 1890 2300 1995 χείροσι,
2340 1893 2455 1969 καὶ
2505 1887 2590 1969 τὸ

192 2011 547 2116 ἐξαίρετον
597 2016 727 2112 τῆς
776 2012 967 2096 θείας
1022 2011 1316 2119 φύσεως
1372 2011 1658 2119 ἀξίωμα
1713 2012 1988 2118 λαχὼν,
2041 2002 2144 2093 τὸ
2179 2013 2281 2114 μὴ
2338 2014 2591 2093 εἰδέναι

195 2137 371 2241 φημὶ
426 2134 511 2215 τὸ
576 2137 968 2239 ἁμαρτεῖν;
1044 2140 1206 2239 περὶ
1265 2136 1395 2234 μὲν
1453 2136 1595 2241 γὰρ
1650 2144 1796 2216 τῶν
1850 2136 2269 2239 κτισμάτων
2323 2137 2591 2239 εἴρηται

110 2270 174 2331 ¹5
198 2269 238 2304 “
272 2260 401 2343 Τίς
439 2260 886 2365 καυχήσεται
922 2259 1152 2362 ἁγνὴν
1189 2261 1374 2365 ἔχειν
1410 2259 1543 2361 τὴν
1581 2263 1897 2362 καρδίαν,
1935 2260 1980 2363 ἢ
2027 2263 2131 2346 τίς
2174 2261 2581 2367 παρῤησιά-
2681 2258 2839 2390 {2³32

197 2393 237 2430 “
269 2417 475 2464 σεται
532 2384 850 2486 καθαρὸς
906 2381 1083 2465 εἶναι
1139 2384 1283 2466 ἀπὸ
1341 2387 1708 2488 ἁμαρτιῶν
1737 2388 1804 2483 ;”
1866 2386 1982 2467 ὅτε
2038 2389 2155 2466 καὶ
2213 2394 2310 2471 εἰς
2366 2389 2581 2490 ἄκρο-

199 2506 409 2610 τάτην
463 2509 883 2613 ὑπερβολὴν
938 2512 1412 2591 ἀνατείνουσα
1465 2508 1549 2589 τὸ
1605 2512 1970 2613 εἰρημένον
2025 2512 2069 2611 ἡ
2127 2512 2281 2592 θεία
2336 2511 2588 2619 γραφή

202 2641 241 2679 “
261 2632 564 2738 Ἀστρα
622 2634 719 2732 δὲ,
774 2638 1028 2741 φησὶν,
1088 2636 1171 2714 οὐ
1230 2634 1510 2738 καθαρὰ
1567 2635 1869 2716 ἐνώπιον
1924 2638 2210 2716 αὐτοῦ.”
2285 2638 2587 2740 ἄγγελοι

202 2755 323 2855 μὲν
351 2758 496 2862 γὰρ
534 2760 766 2840 καίτοι
805 2757 988 2838 κατὰ
1024 2757 1218 2840 πολὺ
1255 2765 1400 2839 τῶν
1437 2761 1598 2840 καθ’
1642 2760 1825 2859 ἡμᾶς
1862 2760 2433 2859 διαλλάττοντες,
2473 2762 2588 2841 καὶ
2614 2789 2650 2833 ο

117 2904 182 2946 20
204 2881 460 2964 στάσιν
515 2883 803 2989 ἔχοντες
856 2882 1307 2987 ἑδραιοτέραν
1355 2882 1488 2983 τὴν
1537 2890 1632 2967 εἰς
1688 2882 1967 2987 ἀρετὴν,
2017 2886 2100 2964 οὐ
2155 2882 2589 2986 τετηρήκασι

2678 2627 2819 2677 Hiob

2679 2709 2797 2743 xxv.
2823 2705 2871 2757 5.

206 3015 245 3052 “
276 3005 403 3107 τὴν
437 3010 716 3089 ἑαυτῶν
750 3007 1052 3113 ἀρχήν·”
1132 3007 1249 3088 διὰ
1286 3007 1428 3113 γὰρ
1474 3006 1556 3088 τὸ
1602 3009 2118 3089 κατεσπᾶσθαί
2159 3042 2357 3093 τινας
2403 3008 2591 3092 ὅλως
2682 3003 2917 3121 ἓ;“Ῑ“ᾱ”

206 3132 451 3212 ε’κεΰεν
526 3133 651 3211 καὶ
720 3140 972 3213 πεσεῖν
1047 3137 1144 3216 εἶς
1218 3133 1597 3234 ἁμαρτίαν,
1669 3132 1808 3233 ὅλη
1882 3140 2373 3238 κατηγορεῖται
2446 3140 2592 3212 τῶν

206 3262 508 3357 λογικῶν
587 3253 1005 3354 κτισμάτων
1078 3258 1124 3358 ἡ
1196 3257 1423 3364 φύσις
1495 3261 1592 3344 ὡς
1667 3258 2016 3360 ἁμαρτίας
2098 3257 2401 3358 δεκτικὴ,
2477 3260 2595 3338 καὶ

208 3385 459 3480 τροπῆς
508 3385 643 3481 τῆς
692 3383 810 3462 ἐπὶ
858 3381 943 3461 τὸ
994 3388 1233 3487 χεῖρον
1285 3386 1599 3485 ἀμοιρεῖν
1649 3385 1777 3463 οὐκ
1826 3381 2210 3488 ἰσχύουσα·
2291 3381 2471 3491 ζῷον
2520 3381 2597 3463 δὲ

128 3516 188 3575 ²5
210 3500 284 3580 τὸ
328 3506 438 3585 ἐπὶ
490 3509 627 3604 τῆς
675 3510 809 3608 γῆς
858 3505 1155 3609 λογικόν
1190 3540 1269 3585 τε
1311 3509 1476 3598 [καὶ]
1519 3506 1932 3604 θεοείκελον,
1970 3506 2131 3588 οὐδὲ
2180 3510 2255 3588 ἐν
2298 3513 2594 3613 μακροῖς

210 3623 549 3730 ἐξῶλισθε
591 3626 892 3733 χρόνοις,
917 3632 1086 3709 ἀλλ’
1115 3632 1191 3709 ἐν
1226 3628 1491 3738 πρώτῳ
1526 3629 1855 3712 πέπτωκε
1894 3637 1997 3739 τῷ
2029 3630 2289 3730 Ἀδάμ.
2341 3634 2595 3712 οὐκοῦν

212 3749 569 3853 ἀπείρηται
606 3759 983 3838 παντελῶς
1018 3758 1110 3859 τῇ
1147 3755 1374 3834 κτίσει
1423 3753 1506 3834 τὸ
1555 3755 2016 3862 ἀμετάφορον
2052 3760 2170 3835 καὶ
2207 3755 2589 3859 ἄτρεπτον,
2621 3768 2667 3834 d

213 3876 315 3953 καὶ
349 3874 430 3957 τὸ
468 3876 820 3962 ὡσαύτως
856 3877 1039 3983 ἔχειν
1074 3877 1425 3957 δύνασθαι
1465 3884 1814 3985 φυσικῶς·
1865 3881 2064 3988 μόνῳ
2101 3879 2245 3984 γὰρ
2293 3880 2598 3985 ἁρμόσει

214 3999 306 4103 τῷ
350 4000 534 4080 κατὰ
584 3999 931 4101 ἀλήθειαν
969 4001 1121 4082 ὄντι
1165 4006 1358 4109 Θεῷ.
1439 4012 1652 4083 τοῦτο
1706 4003 1784 4082 δὲ
1834 4006 1911 4083 ἐν
1945 4010 2102 4112 Υἱῷ
2153 4004 2598 4111 διαφαίνεται

136 4146 198 4202 30
218 4130 456 4208 καλῶς’
518 4135 563 4171 “
592 4125 950 4229 ἁμαρτίαν
985 4125 1129 4230 γὰρ
1177 4128 1306 4206 οὐκ
1356 4129 1714 4228 ἐποίησεν,
1754 4130 1850 4213 ὡς
1895 4130 1935 4208 ὁ
1975 4128 2277 4213 Παῦλός
2328 4135 2590 4236 φησιν,
2688 4127 2920 4244 gfff&

282 4348 327 4385 2.
360 4339 616 4407 μερισμὸν
637 4341 900 4410 λογισμὸν
926 4339 991 4395 Β.
1017 4339 1319 4395 emendavit
1344 4339 1529 4397 Holst.
1777 4359 1832 4414 3.
1868 4342 2024 4413 αὐτῆς
2047 4360 2095 4397 a.
2123 4341 2245 4398 cat.
2276 4341 2429 4398 Harl.
2458 4342 2507 4396 Β
2532 4361 2599 4398 ex

219 4416 341 4458 corr.
361 4406 485 4477 αὐτῇ
518 4408 582 4462 Β.
604 4409 709 4464 Ed.
821 4409 873 4464 6.
899 4409 1135 4482 ἐπείπερ]
1164 4417 1221 4476 -Ι-
1243 4412 1345 4483 γὰρ
1373 4412 1475 4466 Ed.
1502 4411 1684 4466 invitis
1714 4413 1829 4469 B.a.
1904 4414 2097 4469 Statim
2121 4416 2288 4469 ποιεῖν
2312 4423 2435 4485 post
2459 4415 2597 4487 αὐτῷ

220 4478 501 4546 transponit
523 4497 574 4533 a.
813 4498 865 4551 9.
900 4483 1144 4553 φρονὴσῃ
1170 4500 1218 4536 a.
1462 4498 1544 4536 10.
1582 4484 1805 4554 ὑπάρχει
1830 4502 1879 4539 a.
2025 4494 2028 4495 ’
2121 4501 2204 4540 11.
2244 4485 2523 4554 ἐπιτελέσῃ
2549 4503 2598 4540 a.

224 4555 298 4665 ff:
332 4551 453 4601 κατὰ
476 4567 587 4603 om.
613 4549 757 4606 Aah.
961 4569 1048 4607 21.
1086 4555 1146 4608 τὸ
1171 4551 1473 4608 emendavit
1498 4553 1643 4609 Aub.
1667 4559 1820 4609 τοῦτο
1847 4555 1912 4611 Β.
1941 4554 2041 4611 Ht.
2245 4572 2331 4623 25.
2368 4557 2452 4609 καὶ
2475 4564 2599 4625 post

280 4631 393 4685 lgne
415 4619 614 4675 addidi.
828 4638 917 4693 30.
953 4627 1167 4681 Παῦλος
1194 4622 1260 4679 Β.
1287 4623 1385 4680 Ht.
1412 4623 1616 4696 Πέτρος
1638 4625 1784 4693 Aub.
