3238 5158
613 345 743 408 514
1214 343 1294 408 B.
1341 343 1766 409 CYRILLI
1823 344 2401 410 ALEXANDR.
2755 340 2891 404 xiv.
2919 336 3025 405 28.

614 515 852 606 εἰπεῖν,
887 516 1034 594 τοῖς
1076 510 1382 592 Παύλου
1417 517 1771 611 μαθηταῖς
1807 510 1890 592 τὸ
1941 512 2135 620 αὐτῷ
2185 517 2502 591 συνεῖναι
2551 505 2670 588 διὰ
2717 503 3030 590 παντός·

276 627 407 756 ξ’ἓΰ·
430 628 467 680 ³·
615 632 816 712 ἀλλὰ
873 642 1191 736 κρεῖττον
1249 644 1348 743 τῷ
1407 636 1687 744 Παύλῳ
1725 647 1768 682 “
1795 635 1878 716 τὸ
1936 640 2297 716 ἀναλῦσαι
2355 641 2471 716 καὶ
2527 633 2671 715 σῦν
2709 636 3040 739 Χριστῷ

615 770 657 805 “
695 756 926 853 εἷναι,”
989 759 1311 863 καθάπερ
1385 759 1596 845 αὐτὸς
1663 762 2229 857 διεβεβαιῶσατο
2303 760 2634 865 γράφων.
2735 755 2832 857 ἦν
2899 757 3045 836 οὖν

612 885 822 986 ἔργον
868 893 1014 969 τοῖς
1075 888 1367 986 ἀγαπᾶν
1413 887 1775 984 ἑλομένοις
1831 886 2068 983 αὑτὸν,
2106 887 2190 968 τὸ
2239 894 2568 990 πληροῦν
2603 885 3045 986 ἐπείγεσθαι

610 1007 743 1107 τὴν
781 1015 876 1094 εἷς
923 1010 1139 1088 αὐτὸν
1178 1010 1574 1111 ἀγάπησιν,
1615 1014 1732 1091 καὶ
1783 1010 1884 1111 μὴ
1935 1011 2331 1092 δύσοιστον
2365 1013 2472 1090 ἀεὶ
2519 1015 2890 1091 ποιεῖσθαι
2947 1005 3044 1088 τὸ
3069 1026 3108 1088 5

611 1134 848 1217 αὐτοῖς
904 1136 1021 1212 καὶ
1067 1131 1288 1232 μόνον
1334 1132 1489 1234 ἡδὺ,
1533 1141 2096 1239 περιαθροῦντας
2148 1133 2225 1215 δὲ
2274 1142 2567 1233 μᾶλλον
2610 1135 2727 1212 καὶ
2779 1129 2869 1212 τὸ
2927 1134 3045 1240 τῷ

552 1290 588 1334 e
614 1257 1032 1365 διδασκάλῳ
1078 1256 1439 1363 χρήσιμον
1475 1261 1962 1359 ἀποδημοῦντι
2010 1261 2432 1367 συμφέρειν·
2492 1258 2830 1360 ἠπείγετο
2880 1255 3044 1359 γὰρ

611 1388 931 1461 συνεῖναι
975 1387 1337 1490 Χριστῷ..

709 1504 961 1611 Ἔχεις
1022 1516 1152 1587 τοῦ
1217 1506 1675 1612 θεωρήματος
1740 1509 1816 1588 ἐν
1877 1514 2028 1592 τοῖς
2089 1510 2253 1590 καθ’
2315 1510 2501 1608 ἡμᾶς
2572 1503 2706 1606 τὴν
2772 1501 3031 1585 σκιάν.

612 1630 786 1740 φέρε
842 1631 930 1732 δὴ
986 1631 1244 1729 τοίνυν,
1294 1639 1440 1711 τῶν
1489 1635 1604 1712 ἐπὶ
1662 1637 1970 1741 Χριστῷ
2021 1634 2441 1738 μυστηρίων
2495 1629 2628 1732 τὴν
2683 1628 3032 1727 δύναμιν,
3065 1658 3124 1701 10

613 1756 934 1861 καθάπερ
968 1791 1037 1837 τι
1072 1762 1329 1860 χρῶμα
1365 1755 1737 1842 πολυειδὲς
1771 1765 1928 1842 ταῖς
1963 1765 2204 1842 σκιαῖς
2239 1758 2772 1859 ἐπαλείφοντες,
2804 1752 3040 1855 αὐτὴν

276 1897 356 1948 Ib-
378 1898 428 1947 ii
457 1896 504 1958 6,
615 1881 751 1981 ηδη
787 1887 1050 1985 σαφῶς
1086 1881 1546 1987 ἐπιδείξωμεν
1582 1879 1716 1981 τὴν
1753 1880 2121 1981 ἀλήθειαν.
2203 1883 2279 1961 ἐν
2311 1885 2562 1986 μορφῇ
2599 1877 2747 2025 γὰρ
2787 1880 3030 1983 {arcip-

612 2039 766 2109 χων
802 2012 930 2083 τοῦ
976 2010 1171 2084 Θεοῦ
1227 2007 1344 2083 καὶ
1384 2003 1681 2109 Πατρος
1730 2006 1771 2084 ὃ
1821 2004 2268 2108 Μονογενὴς,
2307 2041 2422 2085 και
2472 2007 2549 2084 ἐν
2592 2002 2886 2101 ἰσότητι
2945 2010 3036 2107 τῇ

614 2126 795 2208 κατὰ
853 2133 1177 2227 Πνεῦμα,
1238 2131 1373 2234 οὐχ
1428 2126 1819 2232 αρπαγμὸν
1873 2127 2207 2234 ἡγήσατο
2260 2129 2346 2210 τὸ
2401 2124 2577 2209 εἶναι
2630 2126 2766 2207 ἴσα
2823 2131 3030 2235 Θεῷ,

615 2250 733 2332 διά
791 2285 868 2331 τε
925 2251 1057 2352 τὴν
1115 2258 1214 2337 εἶς
1279 2254 1462 2353 ἡμᾶς
1521 2254 1918 2401 ἀγάπησιν,
1978 2255 2358 2336 κεκένωκεν
2414 2249 2669 2333 ἑαυτον
2726 2252 3036 2359 μορφὴν
3061 2279 3121 2341 15

279 2394 506 2452 848ss
554 2409 590 2448 a
616 2374 882 2457 δούλου
948 2377 1226 2476 λαβὼν,
1289 2380 1406 2456 καὶ
1471 2372 1750 2476 ὑπέστη
1811 2412 1897 2479 γε
1956 2386 2172 2458 τοῦτο
2233 2377 2508 2473 παθων,
2562 2375 2683 2455 ἵνα
2742 2374 3035 2461 πάντας

614 2502 799 2602 ἡμᾶς
835 2499 1197 2608 ἀπευθύνῃ
1233 2536 1417 2607 προς
1450 2507 1705 2583 πᾶσαν
1742 2502 2095 2604 εἴδησιν’
2052 2506 2326 2607 αρετῆς,
2363 2503 2481 2584 ἵνα
2535 2497 2653 2581 δια
2697 2505 2832 2603 τῆς
2880 2508 3036 2584 τῶν

613 2624 1001 2725 θαυμάτων
1033 2626 1477 2730 ἀσυγκρίτου
1515 2626 1996 2734 φαιδρότητος
2033 2627 2341 2731 θεωροὺς
2390 2627 2726 2731 γενέσθαι
2774 2662 3032 2730 παρα-

612 2751 944 2856 σκευάσῃ
980 2755 1108 2850 τῆς
1144 2750 1447 2852 ἐνούσης
1486 2756 1578 2858 τῇ
1617 2753 1773 2859 θείᾳ
1822 2752 2046 2859 φύσει
2097 2750 2458 2850 δυνάμεώς
2505 2786 2584 2832 τε
2636 2755 2755 2831 καὶ
2806 2751 3040 2859 δόξης

616 2878 732 2955 καὶ
790 2878 1196 2982 ὑπερφυοῦς
1250 2875 1610 2982 ἐξουσίας·
1681 2878 1869 2957 οὕτω
1925 2875 2070 2981 γὰρ
2127 2876 2216 2978 ἦν
2271 2880 2657 2958 ἀναπεῖσαι
2703 2872 2874 2961 τοὺς
2937 2882 3039 2962 εἰς
3065 2908 3135 2951 20

613 3000 933 3104 ἐσχάτην
989 3002 1304 3099 ἀμαθίαν
1359 2998 1863 3100 ὧλισθηκότας
1918 3004 2349 3108 ἀνασφῆλαι
2400 3001 2629 3081 πάλιν
2684 3006 2781 3085 εἷς
2845 3003 3043 3082 σύν-

615 3158 796 3222 εσιν,
854 3127 971 3205 καὶ
1026 3131 1462 3227 προσκυνεῖν
1515 3123 1649 3223 μὲν
1704 3123 1935 3205 οὐκέτι
1995 3131 2087 3231 τῇ
2151 3126 2380 3205 κτίσει
2432 3122 2633 3228 παρὰ
2691 3123 2822 3205 τὸν
2861 3127 3034 3206 κτί-

618 3283 878 3348 σαντα,
928 3246 1055 3329 τὸν
1112 3247 1187 3329 δὲ
1246 3251 1539 3348 ἀληθῶς
1593 3249 1719 3328 ἕνα
1774 3254 1889 3329 καὶ
1947 3248 2168 3354 φύσει
2226 3246 2416 3329 Θεὸν
2469 3246 3040 3354 ἐπιγράφεσθαι.

550 3383 596 3448 b
621 3372 961 3479 ὠφέλησε
1016 3371 1092 3454 δὲ
1148 3377 1266 3453 καὶ
1321 3373 1483 3454 καθ’
1543 3371 1820 3476 ἑτέρους
1882 3371 2191 3477 τρόπους
2252 3372 2438 3471 ἡμᾶς
2504 3374 2545 3452 ὁ
2604 3374 3044 3476 Μονογενὴς

620 3496 1199 3600 ἐνανθρωπήσας·
1281 3497 1730 3603 κατέστρεψε
1796 3495 1938 3602 γὰρ
2002 3505 2133 3578 τοῦ
2197 3495 2508 3576 θανάτου
2569 3494 2653 3577 τὸ
2727 3493 3033 3599 κράτος,
3067 3523 3136 3584 25
3231 3497 3232 3508 ἶ

287 3632 477 3764 {113⁰-
620 3621 973 3703 κατέλυσε
1024 3625 1153 3719 τῆς
1202 3622 1552 3722 ἁμαρτίας
1599 3619 1733 3722 τὴν
1779 3622 2098 3720 δύναμιν,
2145 3620 2445 3702 δέδωκεν
2488 3621 2658 3719 ἡμῖν
2695 3630 2739 3667 “
2773 3631 3040 3703 πατεῖν

431 3734 444 3748 ’
622 3757 667 3796 “
703 3744 941 3827 ἐπάνω
999 3743 1238 3850 ὄφεων
1286 3748 1403 3823 καὶ
1458 3747 1851 3848 σκορπίων,
1901 3749 2020 3826 καὶ
2072 3747 2188 3827 ἐπὶ
2242 3752 2495 3827 πᾶσαν
2544 3745 2677 3846 τὴν
2726 3745 3040 3848 δύναμιν

624 3883 668 3920 “
704 3879 832 3950 τοῦ
866 3869 1186 3974 ἐχθροῦ.”
1247 3866 1335 3970 ἦν
1372 3868 1497 3947 οὖν
1534 3868 1678 3973 ἄρα
1728 3874 1847 3950 καὶ
1892 3870 2060 3951 λίαν
2095 3868 2379 3953 ἀκότως
2416 3869 2586 3969 ἡμῖν
2619 3867 2754 3969 μὲν
2790 3871 3038 3957 αὐτοῖς

622 3993 669 4096 ἢ
725 3996 841 4073 καὶ
896 4000 1042 4077 τοῖς
1098 3993 1327 4095 ἁγίοις
1380 3999 1738 4094 μαθηταῖς
1795 3994 1927 4093 ἡδύ
1982 4028 2058 4074 τε
2115 3997 2231 4074 καὶ
2288 3994 2534 4100 φίλον,
2585 3996 2703 4073 καὶ
2757 3995 3039 4079 παντὸς

624 4118 832 4225 ἄξιον
893 4115 1144 4220 λόγου,
1202 4115 1287 4197 τὸ
1361 4125 1680 4198 συνεῖναι
1745 4116 1862 4198 διὰ
1924 4116 2196 4202 παντὸς
2261 4123 2365 4224 τῷ
2430 4117 2802 4197 τοσούτων
2862 4118 3038 4217 ἡμῖν
3065 4145 3130 4204 30

625 4246 920 4346 ἀγαθῶν
955 4246 1197 4346 δοτῆρι
1238 4246 1563 4350 Χριστῷ,
1601 4240 2084 4346 συμπαρόντα
2135 4275 2212 4322 τε
2261 4245 2368 4321 ἀεὶ
2419 4243 2537 4321 καὶ
2590 4243 3033 4323 συνδιαιτώ-

700 4524 749 4583 7.
797 4511 1057 4583 χρῆσιμον
1092 4511 1556 4583 ἀποδημοῦντισυ
1594 4511 1778 4583 φέρειν
1817 4509 2061 4584 ἠπείγετο
2106 4515 2211 4596 γὰρ
2253 4512 2319 4567 Ε.
2360 4512 2435 4569 ἀπ
2435 4512 2710 4637 οδημοῦητ
2925 4512 3036 4583 ’ρον

626 4583 926 4654 ἐπείγεσθαι
953 4583 1055 4637 Ed.
1226 4600 1304 4651 14.
1344 4534 1593 4654 Hvefipaff
1612 4582 1924 4654 Legendum
1952 4588 2037 4653 (ut
2062 4584 2210 4655 ahbl)
2234 4586 2355 4640 πᾶν.
2556 4582 2830 4639 mm&
