3238 5158
135 363 422 446 xvi.4-6.
493 368 609 433 IN
669 369 737 434 S.
785 369 1301 436 JOANNEM.
1389 369 1581 435 LIB.
1631 369 1714 436 X.
1807 370 2016 435 CAP.
2064 366 2160 434 ΙΙ.
2397 367 2524 430 615

133 529 260 631 τὴν
302 533 663 641 ὠφέλειαν
711 537 1119 643 κερδάνητε.
1191 545 1481 644 πρῶτον
1534 537 1668 639 μὲν
1720 536 1866 642 γὰρ
1920 534 2524 636 ἀναμνησθέντες,

133 653 222 736 ’ότι
277 663 592 761 προεῖπον
652 659 813 765 ἐγῶ,
873 662 1004 743 τὸν
1059 661 1568 768 προεγνωκότα
1642 659 2069 760 θαυμάσετε,
2132 663 2252 741 καὶ
2316 658 2528 743 αὐτὸς
2552 673 2595 737 d
2698 714 2701 717 -

60 857 61 862 ,
135 779 292 879 ὑμῖν
361 784 404 862 5
474 793 605 866 τοῦ
681 785 1008 867 κινδύνου
1077 787 1319 891 καιρὸς
1390 793 1490 873 εἶς
1556 784 2066 895 πληροφορίαν
2141 787 2532 891 ἀσφαλοῦς

133 905 586 1007 συμβήσεται
642 912 983 995 πίστεως·
1084 912 1125 991 5
1183 910 1328 1015 γὰρ
1388 909 1587 997 εἰδὼς
1648 910 1740 992 τὰ
1798 910 2127 1011 ἐσόμενα,
2185 913 2340 992 πῶς
2401 907 2534 988 οὐκ

60 1027 108 1110 Ῐ5
132 1026 216 1110 ἂν
267 1029 372 1132 ε’ίη
428 1032 612 1114 κατὰ
667 1034 894 1142 φύσιν
954 1035 1188 1131 Θεόςς
1251 1039 1369 1116 καὶ
1427 1034 1608 1141 πρός
1669 1071 1753 1139 γε
1813 1034 2045 1143 τούτῳ
2109 1032 2195 1114 τὸ
2258 1032 2528 1135 ἕτερον·

135 1153 173 1231 ὃ
223 1152 365 1257 γὰρ
420 1157 509 1258 δὴ
559 1159 1261 1263 προηυτρεπισμένος
1320 1163 1435 1241 καὶ
1489 1157 1958 1264 προεγνωκὼς
2013 1159 2124 1240 ὅτι
2170 1156 2523 1254 πείσεται,

60 1347 63 1368 ;
132 1282 658 1391 μαλθακωτερῳ
721 1283 852 1383 μὲν
913 1283 1399 1393 περιτεύξεται
1463 1292 1568 1394 τῷ
1632 1285 1870 1392 φόβῳ,
1934 1280 2531 1385 κατευμεγεθήσει

60 1477 61 1480 ,
135 1401 271 1508 γὰρ
325 1406 585 1512 ῥᾳδίως
636 1407 910 1494 παντὸς
962 1417 1093 1490 τοῦ
1150 1411 1525 1494 δοκοῦντος
1584 1406 1760 1490 εἶναι
1817 1414 2074 1507 δεινοῦ,
2130 1397 2549 1507 ἀκλόνητόν

60 1601 63 1636 z
135 1560 210 1605 τε
287 1527 418 1609 τὸν
491 1540 659 1612 νοῦν
733 1534 809 1611 ε’ν
878 1534 1118 1618 αὐτοῖς
1197 1532 1540 1634 κτήσεται
1616 1540 1765 1618 τοῖς
1850 1534 2120 1616 πόνοις·
2212 1530 2300 1612 τὸ
2383 1528 2524 1634 γὰρ
2550 1568 2586 1611 e

60 1682 113 1756 ³0
134 1649 487 1754 ἀδοκήτως
559 1651 753 1753 οἶμαι
823 1658 991 1759 παρ’
1053 1656 1313 1738 ἐλπίδα
1375 1664 1631 1738 παθεῖν
1689 1657 2117 1759 πικροτέραν
2181 1654 2324 1760 ἔχει
2388 1652 2522 1752 τὴν

135 1778 588 1881 προσβολήν.
706 1783 823 1861 καὶ
894 1789 1073 1883 γοῦν
1138 1782 1178 1861 5
1252 1780 1579 1889 ψάλλων
1655 1783 1888 1886 φησίν
1953 1791 1996 1828 “
2023 1776 2532 1877 Ἠτοιμάσθην
2618 1768 2789 1885 fssnii

60 1991 63 2014 ζ
137 1911 179 1948 “
211 1905 328 1983 καὶ
401 1905 529 1983 οὐκ
593 1903 1059 2010 ἐταράχθην.”
1147 1910 1673 2006 διαμεμνῆσθαι
1736 1906 1976 1986 τοίνυν
2041 1903 2306 1985 κελεύει
2368 1900 2534 1986 τοῦς
2621 1900 2704 1952 ⁶⁰·

60 2127 61 2132 ἵ
134 2025 455 2128 μαθητὰς
525 2037 657 2109 τοῦ
728 2026 1232 2134 προειρηκότος
1306 2031 1546 2116 αὐτοῖς
1614 2027 1711 2110 τὰ
1784 2027 2091 2129 ἐσόμενα
2161 2026 2538 2134 χρησίμως

60 2227 63 2234 ,
113 2154 251 2232 καὶ
299 2152 727 2256 ἀναγκαίως.
806 2150 897 2253 ἦν
934 2153 1079 2256 γὰρ
1135 2155 1263 2234 οὐκ
1319 2156 1763 2262 ἀμφίβολον,
1804 2154 1912 2235 ὅτι
1958 2153 2148 2234 Θεὸν
2193 2148 2542 2252 ἀληθινὸν

79 2294 111 2354 5
139 2274 477 2382 ὑπάρχειν
535 2276 756 2359 αὐτὸν
811 2279 928 2359 καὶ
995 2276 1112 2359 διὰ
1166 2287 1379 2359 τοῦτο
1442 2280 1927 2363 πιστεύοντες·
2007 2278 2186 2358 ἴδιον
2242 2275 2388 2380 γὰρ
2451 2272 2537 2354 τὸ

60 2475 61 2482 ,
134 2400 372 2481 πάντα
419 2403 671 2483 εἰδέναι
719 2410 849 2483 τοῦ
898 2401 1084 2482 κατὰ
1132 2401 1477 2504 ἀλήθειαν
1522 2402 1726 2488 ὄντος
1773 2410 1991 2484 Θεοῦ·
2053 2403 2173 2483 καὶ
2228 2400 2339 2481 ὅτι
2391 2405 2539 2481 τῶν

139 2528 384 2608 δεινῶν
418 2528 763 2635 ἐξελεΐται
798 2528 1061 2637 ῥαδίως
1097 2526 1643 2610 πιστεύσουσιν.
2559 2621 2600 2666 a
2650 2610 2774 2668 916
2797 2608 2855 2663 A

142 2756 363 2826 Ταῦτα
416 2757 489 2826 δὲ
543 2758 615 2829 ἒξ
669 2759 871 2849 ἀρχῆς
924 2758 1044 2825 οὐκ
1104 2751 1291 2825 εἶπον
1344 2753 1509 2839 ὑμῖν,
1556 2759 1659 2826 ὅτι
1719 2757 1859 2837 μεθ’
1923 2754 2104 2837 ὑμῶν
2158 2755 2350 2834 ἥμην.
2431 2758 2535 2822 νῦν
2566 2773 2604 2834 5

240 2885 314 2952 δὲ
360 2887 591 2961 finds-co
637 2886 803 2975 πρὸς
848 2884 961 2953 τὸν
1012 2886 1361 2966 πέμψαντά
1407 2908 1510 2967 με,
1555 2886 1665 2952 καὶ
1709 2883 1925 2951 οὐδεὶς
1970 2885 2044 2954 ἐξ
2089 2885 2269 2962 ὑμῶν
2316 2882 2535 2974 ἐρωτᾷ

59 3031 115 3071 20
237 3033 321 3089 με
390 3012 526 3077 Ποῦ
584 3013 889 3095 ὑπάῑειος
966 3011 1102 3078 ἀλλ’
1175 3013 1278 3080 ὄτι
1344 3017 1551 3078 ταῦτα
1621 3011 1958 3077 λελάληκα
2030 3005 2198 3089 ὑμῖν,
2255 3008 2293 3074 ἡ
2363 3008 2606 3076 λύπιιό

238 3136 680 3229 πεπλήρωκεν
734 3137 914 3217 ὑμῶν
969 3136 1087 3205 τὴν
1143 3134 1437 3228 καρδίαν.

248 3285 549 3388 Ἐτέρου
606 3283 797 3369 τινὸς
857 3284 1223 3391 χρησίμου
1282 3287 1398 3365 καὶ
1465 3283 2032 3388 ἀναγκαιοτάτου
2091 3284 2261 3363 λίαν
2316 3316 2535 3385 προε-

140 3405 406 3510 νόησεν
453 3410 494 3488 5
538 3407 888 3513 Χριστός.
967 3406 1059 3509 ἦν
1103 3408 1248 3514 γὰρ
1299 3409 1429 3489 οὐκ
1481 3408 1924 3514 ἀμφίβολον,
1963 3408 2073 3489 ὅτι
2128 3407 2546 3508 κεκλημένοι

137 3532 324 3636 πρὸς
377 3536 767 3635 μαθητείαν
817 3536 894 3614 ἐν
941 3537 1195 3640 ἀρχαῖς
1247 3536 1416 3638 παρ’
1456 3535 1696 3632 αὐτοῦ,
1740 3534 2078 3618 συνόντες
2132 3566 2211 3612 τε
2266 3534 2373 3613 ἀεὶ
2428 3532 2545 3613 καὶ

59 3681 111 3743 ³5
139 3659 744 3760 συνδιαιτώμενοι,
791 3661 908 3739 καὶ
961 3656 1257 3760 πολλὴν
1302 3665 1450 3740 τῶν
1494 3656 1928 3766 παραδόξων
1976 3657 2358 3764 ἐσχηκότες
2411 3657 2543 3761 τὴν
2567 3672 2612 3739 b

137 3789 414 3886 πεῖραν,
478 3782 1036 3890 συσκεψάμενοί
1100 3818 1178 3864 τε
1249 3781 1383 3882 τὴν
1454 3783 1894 3887 ἀσύγκριτον
1956 3785 2174 3864 αὐτοῦ
2245 3782 2546 3883 δύναμιν

140 3910 261 3985 καὶ
316 3906 674 4014 ἐξουσίαν,
714 3907 824 3988 ὅτι
876 3907 1118 3988 πάντα
1172 3907 1553 4010 νικήσουσι
1605 3906 2031 4012 πειρασμὸν,
2080 3909 2200 3988 καὶ
2251 3905 2560 3988 πάντων

139 4029 602 4138 ἁπαξαπλῶς
671 4030 1136 4135 περιέσεσθαι
1182 4038 1353 4112 ’τῶν
1426 4036 1674 4112 δεινῶν
1744 4029 2280 4130 ὑπελάμβανον.
2389 4036 2550 4115 πῶς

139 4152 288 4259 γὰρ
334 4153 425 4257 ἦν
472 4155 844 4262 ἐνδοιάζειν
887 4157 990 4237 ἔτι
1046 4160 1163 4237 καὶ
1214 4155 1398 4261 πρὸς
1451 4164 1665 4237 τοῦτο
1719 4160 2195 4261 μικροψυχεῖν
2238 4153 2371 4256 τὴν
2414 4163 2546 4236 τοῦ

59 4306 113 4360 ιο
139 4288 469 4361 τοσαῦτα
504 4281 885 4387 ἰσχύοντος
921 4279 1282 4390 λαχόντας
1331 4280 1686 4380 εὐμένειαν
1717 4311 1738 4379 3
1801 4278 2042 4381 ἐπειδὴ
2079 4279 2156 4361 δὲ
2191 4287 2337 4364 τοῖς
2373 4281 2542 4383 παρ’

140 4536 173 4607 ἢ
215 4466 408 4593 Βὲἀγᾶρ
434 4466 499 4523 Ε.
525 4468 582 4524 δὲ
608 4467 713 4526 Ed.
930 4485 1121 4538 22-24.
1156 4468 1625 4542 προενόησεν-ἀεὶ
1649 4467 1734 4523 καὶ
1758 4485 1866 4525 om.
1891 4466 1958 4525 Ε.
2187 4484 2275 4539 29.
2309 4464 2371 4535 ἦν
2395 4464 2461 4519 Ε.
2486 4464 2550 4519 ἂν

175 4561 206 4594 ν
322 4578 339 4596 .
