3238 5158
228 289 363 356 xiii.
385 313 489 380 31,
512 315 617 382 32.
813 298 927 363 IN
988 301 1054 368 s,
1102 300 1624 368 JOANNEM.
1715 302 1908 368 LIB.
1958 303 2080 367 lx.
2502 299 2633 363 37¹7

227 456 583 559 προσήκει
625 460 710 541 τὸ
759 461 966 568 ἅγιον
1013 472 1160 550 τοῖς
1215 470 1406 566 κυσὶ,
1446 467 1631 547 κατὰ
1685 465 1819 568 τὴν
1868 469 2088 547 αὐτοῦ
2144 465 2414 572 φωνὴν,
2452 466 2625 545 ἀλλ’
2653 493 2690 533 0

228 579 390 661 οὐδὲ
462 590 613 668 τοῖς
688 588 832 667 ὑῶν
901 589 1393 694 ἐνυβρίζεσθαι
1463 586 1647 672 ποσὶ
1715 589 1882 676 τοὺς
1955 591 2402 694 μαργαρίτας
2473 592 2620 668 ἐᾶν.

227 703 403 809 ὅπερ
458 709 586 789 οὖν
635 708 777 815 ἔφη
834 715 952 793 καὶ
1004 712 1375 819 πρότερον,
1420 719 1518 800 ὡς
1572 718 1650 796 ἐν
1698 716 1862 796 εἴδει
1914 717 2367 818 παραβολῆς,
2418 722 2629 793 τοῦτο

225 837 551 932 πειρᾶται
606 834 972 917 διδάσκειν
1027 847 1276 942 καιροῦ
1334 847 1730 924 καλοῦντος
1784 844 1881 925 εἶς
1944 838 2157 942 ἔργον
2211 839 2328 919 καὶ
2381 841 2620 941 σαφε·

157 981 195 1042 5
228 955 497 1055 στέραν
532 958 897 1067 ἐπίδειξιν.
975 962 1160 1061 μετὰ
1194 964 1432 1044 τοίνυν
1468 971 1597 1043 τοῦ
1639 962 1998 1066 προδότου
2041 960 2175 1062 τὴν
2210 957 2629 1042 ἀπόστασιν

227 1080 344 1158 καὶ
399 1083 528 1180 τῆς
581 1082 827 1168 ἑστίας
882 1083 1016 1185 τὴν
1063 1085 1501 1190 ἀποδρομὴν,
1541 1090 2034 1167 ἀνακοινοῦται
2090 1084 2370 1183 λοιπὸν,
2409 1088 2505 1168 ὡς
2553 1088 2629 1164 ἐν

225 1209 449 1313 καιρῷ
486 1210 590 1312 τῷ
623 1208 993 1309 πρέποντι,
1030 1218 1177 1295 τοῖς
1213 1211 1541 1315 γνησίοις
1575 1218 1722 1291 τῶν
1758 1215 2100 1313 μαθητῶν
2136 1208 2229 1290 τὰ
2263 1207 2629 1311 μυστήρια

226 1327 351 1406 καί
380 1333 572 1433 φησι
608 1334 745 1413 Νῦν
781 1328 1100 1442 ἐδοξάσθη
1139 1344 1169 1416 ὁ
1207 1334 1341 1420 υἷὶς
1378 1337 1490 1416 τοῦ
1527 1332 1882 1442 ἀνθρώπου·
1943 1337 2060 1414 καὶ
2110 1336 2443 1433 σημαίνει
2494 1331 2628 1432 μὲν

225 1448 345 1530 διὰ
377 1451 636 1535 τούτου
670 1456 755 1537 τὸ
792 1456 1154 1561 σωτήριον
1186 1457 1441 1565 πάθος,
1479 1463 1575 1543 ὡς
1613 1456 1698 1539 ὂν
1733 1460 1849 1539 ἐπὶ
1902 1457 2150 1562 θύραις
2198 1491 2276 1537 τε
2324 1458 2441 1536 καὶ
2489 1457 2624 1558 ἤδη
2651 1469 2697 1535 d

111 1617 197 1659 10
224 1574 722 1678 παρεσόμενον
775 1580 959 1680 μετὰ
1013 1584 1275 1689 βραχύ.
1353 1582 1793 1691 δεδοξάσθαι
1856 1581 2085 1685 γεμὴν
2139 1580 2267 1661 τὸν
2323 1581 2461 1661 υῗον
2518 1584 2628 1661 τοῧ

222 1697 557 1808 ἀνθρῶπου
618 1708 872 1811 φησὶν,
930 1708 1065 1813 οὐχ
1138 1704 1378 1811 ἕτερόν
1435 1741 1599 1789 τινα
1673 1706 1912 1809 λέγων
1974 1708 2142 1809 παρ’
2205 1703 2476 1803 ἑαυτὸν,
2544 1707 2626 1783 οὐ

225 1825 676 1929 διῃρημένως,
714 1829 1038 1935 καθάπερ
1089 1831 1299 1939 ἔδοξέ
1340 1866 1557 1912 τισιν·
1622 1829 1721 1916 εἷς
1771 1828 1915 1934 γὰρ
1948 1829 2127 1914 ’Υἱὸς
2174 1831 2215 1909 ὁ
2263 1827 2619 1930 Χριστὸς,

221 1950 342 2028 καὶ
377 1949 521 2054 πρὸ
557 1952 833 2057 σαρκὸς
869 1959 986 2036 καὶ
1021 1955 1206 2057 μετὰ
1240 1955 1538 2060 σαρκὸς,
1561 1959 1677 2037 καὶ
1714 1959 1887 2059 πρὶν
1923 1955 2300 2058 ἅνθροητος
2338 1954 2626 2056 γένηται

222 2075 389 2154 καθ’
429 2075 635 2175 ἡμᾶς,
672 2082 789 2158 καὶ
838 2079 956 2161 ὅτε
1005 2079 1298 2184 γέγονεν
1334 2081 1735 2185 ἅνθρωπος.
1813 2077 1898 2160 τὸ
1947 2078 2022 2160 δὲ
2074 2078 2268 2163 ὅπως
2318 2077 2615 2184 δεδοξά-

108 2230 192 2292 15
221 2205 400 2279 σθαι
442 2203 965 2309 διισχυρίζεται,
1004 2204 1356 2308 ζητητέον·
1417 2213 1630 2312 φαῖεν
1674 2203 1818 2309 γὰρ
1877 2205 2055 2288 ἰ’σως
2110 2203 2294 2288 τινές
2328 2201 2440 2282 Ἢ
2479 2200 2624 2305 γὰρ

219 2325 377 2429 οὐχὶ
422 2330 536 2406 καὶ
581 2326 933 2430 πρότερον
967 2336 1449 2431 τερατοποιεΐν
1484 2326 1901 2436 ἐδοξάζετος
1961 2329 2191 2408 καίτοι
2227 2327 2625 2407 θάλασσαν

219 2448 354 2550 μὲν
425 2454 941 2555 ἀγριαίνουσαν
1012 2455 1113 2534 ἑνὶ
1187 2454 1637 2553 δυσωπήσας
1713 2453 1936 2562 λόγῳ,
2003 2456 2119 2533 καὶ
2193 2450 2622 2545 βιαιοτάτων
2647 2485 2683 2527 e

217 2577 644 2674 πνευμάτων
699 2578 1077 2687 ἀνακόψας
1144 2576 1404 2689 φορὰν,
1458 2577 1966 2683 προσεκυνήθη
2031 2575 2161 2676 μὲν
2214 2571 2414 2678 παρὰ
2476 2579 2622 2655 τῶν

219 2703 297 2779 ἐν
340 2708 443 2809 τῷ
496 2703 733 2810 πλοίῳ
788 2704 970 2802 τότε,
1006 2702 1271 2804 ἤκουσε
1323 2701 1400 2784 δὲ
1451 2702 1558 2783 ὅτι
1595 2712 1640 2749 “
1664 2702 2004 2801 Ἀληθῶς
2043 2706 2236 2780 Θεοῦ
2290 2699 2435 2782 υἱὸς
2487 2695 2617 2779 εῗ.”
2709 2682 2957 2812 ἓξὲξ·

108 2863 196 2906 20
221 2827 340 2903 καὶ
403 2823 549 2923 μὴν
607 2829 723 2905 καὶ
787 2825 915 2907 τὸν
972 2829 1050 2907 ἐν
1106 2833 1199 2931 τῇ
1263 2828 1587 2934 Βηθανίᾳ
1647 2824 1978 2929 Λάζαρον
2035 2827 2622 2926 παλινδρομῆσαι

222 2946 649 3056 προστάξας
686 2956 781 3035 εἷς
819 2949 1023 3054 ζωὴν,
1061 2951 1447 3053 διαβόητον
1484 2951 1661 3057 ἔσχε
1697 2949 1783 3031 τὸ
1822 2957 2084 3049 θαῦμα,
2124 2951 2222 3033 ὡς
2272 2951 2387 3027 καὶ
2439 2949 2614 3026 ἀνα-

217 3073 543 3167 βαίνοντι
589 3072 773 3153 κατὰ
820 3075 948 3155 τὸν
981 3080 1108 3176 τῆς
1158 3077 1407 3180 ἑορτῆς
1457 3075 1705 3180 καιρὸν
1740 3082 1837 3160 εἰς
1871 3070 2350 3178 Ἱεροσόλυμα
2384 3103 2612 3173 πρου·

215 3201 587 3297 παντῆσαι
661 3197 1092 3298 σύμπαντας
1161 3201 1344 3300 ὁμοῦ
1409 3207 1558 3285 τοῖς
1629 3201 1924 3301 νηπίοις,
1990 3200 2108 3278 καὶ
2168 3194 2620 3304 ἀξιάγαστον

148 3321 410 3543 ὄαύτῷ
461 3320 595 3421 τὴν
649 3324 1005 3430 ευφημίαν
1058 3324 1483 3406 ἀναπλέκειν
1538 3325 1886 3428 λέγοντας
1943 3335 1985 3372 “
2014 3317 2521 3423 Ευλογημένος
2576 3320 2617 3398 ὁ
2706 3325 2787 3457 ξ’·
2809 3342 2912 3375 ¹¹¹·

217 3443 677 3552 “ε’ρχόμενος
711 3449 787 3527 ἐν
823 3445 1120 3548 ὀνόματι
1160 3450 1458 3553 Κυρίου.
1462 3450 1504 3476 ”
1579 3448 1783 3529 ἀλλὰ
1815 3484 1934 3529 και
1967 3446 2177 3528 πέντε
2213 3444 2615 3528 διακλάσας
2639 3478 2676 3518 a
2724 3464 2852 3520 '745
2872 3463 2951 3517 A.

148 3481 473 3673 5ιῗρτους
526 3570 704 3652 ποτὲ
759 3577 879 3653 καὶ
933 3570 1210 3680 ὀψάρια
1259 3573 1410 3672 δύο,
1448 3578 1877 3678 κορεσθῆναι
1930 3568 2434 3673 παρεσκεύασε
2483 3566 2618 3667 τὴν

213 3701 358 3775 τῶν
411 3698 517 3777 ἐπ’
576 3697 795 3778 αὐτον
847 3696 1536 3803 συνδεδραμηκότων
1589 3696 1897 3799 πληθυν,
1953 3697 2122 3800 δίχα
2176 3694 2447 3794 νηπίων
2501 3727 2617 3771 και
2643 3720 2664 3735 ‘

213 3825 591 3921 γυναικῶν,
636 3827 733 3907 εἷς
788 3824 1000 3903 πέντε
1055 3824 1575 3903 συντείνουσαν
1630 3820 1958 3927 χιλιάδας
2013 3821 2317 3921 ἀνδρῶν.
2395 3814 2618 3896 ἐδόκει

216 3941 294 4021 δὲ
351 3946 575 4027 οὕτως
634 3944 912 4030 εὐκλεὲς
965 3944 1050 4027 τὸ
1106 3945 1803 4052 τερατουργούμενον
1852 3941 2032 4024 εἶναί
2081 3976 2295 4039 τισιν,
2335 3944 2432 4025 ὡς
2486 3938 2618 4039 τὴν

100 4112 187 4171 3ο
213 4074 343 4147 τοῦ
396 4066 824 4171 πράγματος
882 4071 1613 4174 καταπεπληγμένους
1677 4066 2060 4173 ὑπεροχὴν,
2120 4065 2348 4169 ζητεῖν
2400 4062 2618 4144 αὐτὸν
2705 4069 2876 4196 {¹¹1}ss

213 4192 578 4300 ἀναδεῖξαι
634 4197 747 4273 καὶ
803 4193 1144 4289 βασιλέα”
1222 4203 1435 4276 τοῦτο
1488 4193 1633 4298 γάρ
1690 4190 1901 4278 αὐτὸς
1956 4191 2125 4291 ἡμῖν
2180 4191 2221 4269 ὁ
2278 4189 2608 4290 Εὖαγγε-

211 4313 477 4416 λιστὴς
515 4320 1047 4422 διεμαρτύρατο.
1105 4317 1432 4424 χαλεπὸν
1467 4318 1543 4400 δὲ
1589 4316 1792 4398 οὐδὲν
1831 4319 1947 4397 καὶ
1997 4315 2082 4395 δι’
2123 4313 2382 4418 ἑτέρων
2419 4312 2618 4394 ὅσων

289 4572 371 4612 12.
408 4554 465 4627 ὁ]
493 4556 578 4611 καὶ
603 4554 747 4613 Catt.
1023 4556 1104 4613 16.
1143 4560 1494 4630 τερατοποιεῖν
1517 4556 1584 4615 Ε.
1608 4559 1959 4629 τερατοποιῶν
1981 4553 2087 4610 Ed.
2195 4553 2454 4609 θάλατταν
2478 4551 2544 4606 Ε.

382 4660 526 4706 vot..
560 4661 635 4706 11.
1365 4662 1403 4728 3
1435 4661 1472 4706 o
