3238 5158
299 1080 446 1131 Infra

297 1148 402 1198 xix.
421 1159 501 1210 30.

633 300 764 364 518
1241 302 1321 367 B.
1367 300 1795 367 CYRILLI
1853 299 2438 365 ALEXANDR.
2814 297 2946 362 xiv.
2975 293 3074 359 28.

567 486 612 552 d
638 462 726 565 ἦν
761 464 864 545 ἔτι
907 467 1072 566 μεθ’
1108 468 1333 566 ἡμῶν,
1371 468 1766 565 τουτέστιν,
1803 469 1880 548 ε’ν
1915 474 2065 551 τοῖς
2106 468 2271 549 καθ’
2312 468 2530 567 ἡμᾶς.
2617 468 2726 550 ὡς
2775 462 2926 566 γὰρ
2976 464 3076 542 ἔτι

634 585 722 670 τὸ
769 589 1355 694 δουλοπρεπὲς*
1305 626 1491 696 εχων
1527 595 1808 696 σχῆμα,
1843 593 1961 672 καὶ
2012 589 2374 695 παρόντος
2424 592 2626 698 αὐτῷ
2682 591 2896 670 οὔπω
2945 596 3076 667 τοῦ

634 720 884 816 καιροῦ
928 716 1093 795 καθ’
1134 749 1218 794 ον
1262 715 1399 795 ἔδει
1447 719 1864 815 ἀναλαβεῖν,
1915 714 2008 796 τὰ
2061 714 2359 796 τοιαῦτά
2404 722 2624 821 φησι.
2711 717 2842 794 καὶ
2891 722 3076 816 γοῦν

638 837 754 918 ὅτε
809 837 938 918 τὸν
982 838 1216 938 τίμιον
1260 838 1435 944 ὑπὲρ
1491 840 1697 939 ἡμῶν
1743 836 2021 939 ὑπέστη
2075 838 2418 944 σταυρὸν,
2455 839 2632 945 ὅξος
2688 842 2897 946 αὐτῷ
2954 840 3076 917 καὶ

636 960 872 1067 χολὴν
945 964 1277 1044 Ἰουδαῖοι
1355 963 1842 1067 προσήγαγον
1923 963 2346 1072 διψήσαντι,
2420 967 2539 1044 καὶ
2623 962 2850 1060 πιὼν,
2926 964 3072 1069 ἔφη
3094 984 3130 1045 5

638 1085 1101 1167 Τετέλεσται.
1172 1086 1612 1192 πεπλήρωτο
1650 1086 1796 1191 γὰρ
1831 1088 1968 1189 ἤδη
2006 1089 2046 1167 ὃ
2083 1092 2213 1189 τῆς
2247 1087 2754 1172 ταπεινώσεως
2793 1084 3071 1189 καιρὸς,

638 1212 756 1289 καὶ
794 1209 1216 1315 ε’σταυρῶθη
1259 1209 1412 1313 μὲν,
1451 1215 1548 1297 ὡς
1598 1213 2002 1316 ἅνθρωπος·
2066 1213 2380 1313 νενίκηκε
2431 1211 2508 1291 δὲ
2554 1219 2689 1292 τοῦ
2738 1210 3069 1290 θανών-ου

636 1333 746 1413 τὸ’
770 1333 1048 1439 κράτος,
1086 1337 1219 1440 οὐχ
1270 1339 1367 1420 ὡς
1417 1336 1824 1440 ἅνθρωπος,
1866 1336 1969 1416 ἔτι
2016 1342 2310 1436 μᾶλλον
2347 1333 2424 1415 δὲ
2475 1339 2573 1421 ὡς
2608 1334 2834 1433 Θεὸς,
2874 1336 3068 1441 φημὶ

638 1456 728 1557 δὴ
767 1458 950 1539 κατὰ
984 1458 1117 1559 τὴν
1154 1460 1506 1563 ἐνέργειαν
1543 1464 1660 1540 καὶ
1708 1458 1841 1560 τὴν
1875 1462 1991 1541 ἐπὶ
2043 1467 2148 1568 τῷ
2197 1464 2484 1561 νικῆσαι
2537 1459 2772 1565 δόξαν
2811 1493 2893 1539 τε
2947 1464 3064 1539 καὶ

579 1616 616 1661 e
640 1583 967 1683 δύναμιν,
1025 1586 1110 1664 οὐ
1164 1581 1350 1664 κατὰ
1402 1582 1535 1684 τὴν
1590 1582 1855 1686 σάρκα.
1934 1585 2178 1693 μείζων
2225 1586 2351 1665 οὖν
2401 1593 2431 1665 ὄ
2485 1582 2742 1691 Παιτῆρ,
2803 1587 2906 1667 ὦς
2964 1584 3062 1663 ἔτι
3083 1615 3138 1654 10

638 1707 904 1788 δούλου
939 1710 1058 1787 καὶ
1093 1710 1169 1787 ἐν
1205 1713 1354 1791 τοῖς
1390 1708 1555 1788 καθ’
1598 1708 1787 1807 ἡμᾶς
1824 1707 2029 1791 ὄντος
2065 1716 2194 1789 τοῦ
2228 1714 2435 1789 Υἰοῦ·
2495 1710 2645 1788 ἐπεὶ
2698 1709 2832 1786 καὶ
2868 1708 3060 1787 Θεὸν

637 1834 891 1911 ἑαυτοῦ
950 1839 1183 1938 φησιν
1238 1828 1479 1930 αὐτὸν,
1528 1834 1649 1911 καὶ
1703 1840 1917 1911 τοῦτο
1970 1838 2074 1938 τῷ
2133 1834 2559 1940 ἀνθρωπίνῳ
2610 1831 3059 1934 προσνέμων

636 1953 987 2059 σχήματι.
1076 1960 1136 2035 εἰ
1185 1953 1332 2057 γὰρ
1384 1954 1821 2054 πιστεύομεν
1869 1954 1979 2036 ὅτι
2029 1956 2375 2037 κεκένωκέ
2414 1991 2493 2037 τε
2543 1959 2660 2035 καὶ
2713 1957 3048 2036 τεταπεί-

637 2113 857 2158 νωκεν
893 2077 1166 2177 ἑαυτὸν,
1199 2086 1356 2164 πῶς
1411 2080 1546 2186 οὐχ
1603 2076 1883 2161 ἅπασιν
1928 2080 2137 2160 ἔσται
2186 2080 2610 2187 καταφανὲς,
2647 2077 2762 2158 ὅτι
2823 2114 3048 2159 κατα-

637 2201 947 2302 βέβηκεν
1005 2203 1094 2312 ἑξ
1150 2205 1505 2309 ὑπεροχῆς
1567 2238 1758 2288 τινος
1823 2210 1921 2290 εἰς
1981 2203 2409 2304 ἐλάττωσιν,
2469 2210 2766 2302 μᾶλλον
2833 2204 2912 2285 δὲ
2975 2204 3058 2312 ἐξ
3076 2231 3129 2290 ¹5

638 2325 973 2427 ἰσότητος
1027 2332 1155 2428 τῆς
1217 2327 1400 2432 πρὸς
1463 2326 1592 2408 τὸν
1646 2328 1943 2433 Πατέρα
1995 2329 2177 2433 πρὸς
2237 2327 2322 2411 τὸ
2377 2327 2479 2429 μὴ
2543 2330 2774 2413 οὕτως
2836 2328 3046 2434 ἔχωνς

639 2448 842 2531 οὐδὲν
897 2451 974 2531 δὲ
1026 2452 1299 2532 τούτων
1354 2451 1885 2553 ὑπομεμένηκεν
1940 2454 1981 2533 ὃ
2034 2452 2321 2555 Πατήρ·
2400 2451 2748 2553 μεμένηκε
2805 2451 2888 2533 δὲ
2944 2454 3055 2532 καὶ

304 2602 438 2659 846
455 2601 535 2658 Δ.
580 2613 617 2655 a
640 2573 844 2657 ἔστιν
880 2577 956 2656 ἐν
991 2574 1094 2661 οἷς
1132 2574 1220 2677 ἦν
1259 2575 1348 2683 ἐξ
1378 2578 1625 2684 ἀρχῆς.
1692 2581 1933 2689 μείζων
1969 2578 2096 2659 οὖν
2133 2578 2273 2683 ἄρα
2310 2588 2439 2659 τοῦ
2478 2575 2608 2677 τὴν
2644 2575 3056 2659 ἐλάττωσιν

640 2705 1095 2800 οἰκονομικῶς
1145 2703 1508 2803 ἑλομένου,
1548 2705 1665 2781 καὶ
1720 2702 1893 2787 τέως
1940 2701 2147 2788 ὄντος
2196 2705 2271 2782 ἐν
2315 2705 2517 2809 αὐτῇ,
2557 2701 2766 2807 ἄχρις
2825 2702 2919 2781 ἂν
2963 2708 3054 2787 εἷς

640 2825 860 2905 ε’κεῖνο
926 2824 1154 2905 πάλιν
1214 2828 1692 2932 ἀνακομισθῇ,
1755 2825 1839 2907 τὸ
1900 2826 2080 2908 ἴδιον
2136 2826 2224 2927 δή
2293 2831 2483 2933 φημι
2550 2829 2668 2907 καὶ
2735 2824 3056 2932 φυσικὸν
3075 2857 3132 2896 ²0

636 2949 933 3052 ἀγαθὸν,
982 2951 1058 3029 ἐν
1114 2947 1308 3057 ᾧπερ
1363 2949 1454 3051 ἦν
1508 2954 1585 3031 ἐν
1640 2954 1856 3057 ἀρχῇ.
1905 2978 1914 2989 ‘
1955 2949 2174 3036 τόπος
2230 2951 2307 3031 δὲ
2359 2948 2611 3053 ὥσπερ
2666 2947 2924 3034 οἰκεῖός
2982 2984 3055 3029 τε

637 3077 756 3179 καὶ
796 3073 1107 3179 φυσικὸς
1143 3076 1336 3184 αὐτῷ
1387 3075 1670 3179 νοηθείη
1717 3073 1808 3155 ἂν
1844 3074 2130 3161 εἰκότως
2183 3077 2227 3177 ἦ
2284 3074 2539 3175 ἰσότης
2587 3075 2633 3175 ἡ
2686 3072 2878 3178 πρὸς
2927 3073 3056 3155 τὸν

641 3200 967 3303 Πατέρα,
1029 3198 1121 3300 ἣν
1175 3200 1362 3306 ἔχειν
1415 3198 1581 3309 ἐξὸν
1638 3201 2164 3300 ἀδιακωλύτως,
2222 3202 2356 3307 οὐχ
2417 3197 2813 3305 ἁρπαγμὸν
2865 3198 3048 3302 ἡγῆ·

637 3357 826 3403 σατο
883 3325 970 3403 δι’
1011 3325 1216 3425 ἡμᾶς.

755 3449 897 3527 Καὶ
931 3457 1222 3529 πολλοῦ
1257 3449 1429 3549 ἡμῖν
1464 3445 1847 3551 γεγονότος
1888 3447 2119 3551 λόγου
2154 3449 2320 3554 περὶ
2369 3452 2499 3549 τῆς
2548 3446 2892 3550 ἰσότητος
2926 3456 3055 3530 τοῦ
3073 3480 3129 3540 25

636 3576 820 3651 Υἱοῦ
884 3576 1013 3671 τῆς
1076 3607 1259 3676 προς
1318 3607 1453 3652 τον
1502 3573 1694 3654 Θεον
1751 3577 1867 3654 καὶ
1925 3573 2221 3678 Πατέρα
2280 3578 2401 3653 καὶ
2465 3575 2542 3653 ἐν
2595 3579 2746 3658 τοῖς
2813 3574 3054 3655 ὃπισω

637 3696 977 3792 βιβλίοις,
1015 3695 1206 3800 τάχα
1240 3731 1396 3780 πως
1428 3696 1520 3798 ἦν
1557 3698 1696 3800 ηδη
1743 3699 2022 3802 πρέπον
2056 3700 2172 3780 ἐπὶ
2223 3695 2355 3798 τὴν
2389 3703 2536 3779 τῶν
2574 3697 2744 3804 ἑξῆς
2787 3698 3047 3805 σαφή·

568 3837 614 3902 b
641 3852 834 3899 νειαν
869 3821 1129 3917 ἐλθεῖν,
1165 3853 1249 3899 το
1284 3825 1446 3925 περὶ
1481 3823 1756 3903 τούτων
1793 3823 1895 3904 ε”τι
1939 3830 2418 3926 μακρηγορεῖν
2456 3821 2769 3929 ἀφέντας
2821 3828 2921 3907 εἰς
2972 3858 3052 3905 το

638 3940 895 4044 παρόν.
1000 3940 1242 4045 ἐπειδὴ
1310 3944 1402 4024 δέ
1450 3979 1556 4030 τις
1622 3953 1766 4025 τῶν
1830 3945 2195 4027 ἀσυνέτων
2258 3951 2655 4050 αἰρετικῶν,
2723 3947 2810 4024 οὐ
2884 3950 3053 4028 λίαν

641 4067 1114 4165 ἀθαύμαστον
1163 4067 1364 4171 παρὰ
1418 4076 1566 4155 τοῖς
1607 4068 1976 4179 Ἰουδαίοις
2032 4069 2282 4176 λαχὼν
2337 4076 2483 4151 τῶν
2539 4074 2745 4172 ἱερῶν
2800 4106 3044 4175 γραμ-
3069 4105 3126 4164 30

639 4188 890 4291 μάτων
944 4190 1077 4294 τὴν
1136 4192 1432 4293 εἴδησιν,
1487 4191 1580 4274 τὰ
1646 4198 1722 4274 ἐν
1777 4200 1880 4303 τῷ
1936 4195 2374 4302 προκειμένῳ
2442 4194 2850 4299 ἑρμηνεύειν
2900 4198 3049 4278 ἐπι-

712 4490 764 4547 7.
804 4476 859 4531 δέ
887 4476 954 4532 Ε.
977 4478 1080 4549 γὰρ
1106 4476 1210 4532 Ed.
1476 4478 1530 4533 8.
1570 4477 1627 4533 δι’
1651 4480 1857 4548 μᾶλλον
1879 4480 2095 4535 inverso
2118 4479 2305 4536 ordine
2329 4479 2394 4535 Ε.
2668 4496 2752 4550 19.
2788 4478 2954 4537 ὅπως
2979 4479 3040 4534 Ε.

640 4548 713 4605 εἷς
737 4558 1074 4620 assumptum
1100 4566 1164 4603 ex
1197 4549 1256 4603 Ε.
1474 4565 1560 4604 20.
1598 4549 1661 4605 δέ
1685 4567 1781 4620 pro
1806 4549 1869 4620 δή
1895 4551 1960 4606 Ε.
