3238 5158
184 342 331 409 xvi.
364 346 461 409 16.
554 344 671 412 IN
729 345 797 412 S.
846 343 1365 410 JOANNEM.
1455 342 1651 409 LIB.
1697 342 1820 410 xl.
1909 344 2114 414 cAP.
2160 346 2257 413 11.
2475 344 2608 410 639

185 515 558 613 φυσικῶς.
635 506 888 613 ὥσπερ
941 505 1013 588 δ’
1054 505 1146 589 ἂν
1193 513 1448 616 φῶμεν
1494 506 1632 609 τὴν
1677 509 1757 590 ἐκ
1811 515 1960 591 τῶν
2007 507 2411 614 ἀρωμάτων
2452 514 2611 593 ταῖς

182 631 570 738 ἡμετέραις
622 631 1052 739 ὀσφρήσεσι
1104 630 1749 736 προσβάλλουσαν
1804 633 2121 732 εὐωδίαν,
2178 635 2424 739 ἑτέραν
2476 630 2611 734 μὲν

185 752 454 861 ὥσπερ
504 759 603 842 ὦς
650 755 836 862 πρὸς
883 755 1088 857 αὐτὰ,
1126 762 1184 838 εἰ
1233 763 1393 841 ταῖς
1439 758 1778 842 ἐπινοίαις
1827 758 1985 859 δοίη
2032 792 2143 843 τις
2189 756 2301 856 ἂν,
2336 791 2604 862 προεκ-
2634 794 2672 835 ο,
2715 778 2949 848 ΒΜΔ,

186 878 492 961 κύπτειν
524 878 758 984 γεμὴν
792 881 929 986 οὐχ
962 879 1218 984 ἑτέρως
1269 879 1489 960 οἴοιτο
1535 873 1841 986 τυχὸνῆ
1875 888 2024 963 τῶν
2057 882 2149 990 ἐξ
2178 878 2415 987 ‹svn-ip
2451 883 2614 963 ἐστι

111 1028 155 1090 5
186 1003 592 1108 δεχομένην
626 1000 760 1105 τὴν
795 1005 1094 1103 δύναμιν
1136 1009 1236 1090 εἰς
1283 1003 1581 1112 ἔνδειξιν
1621 1007 1897 1105 ἑαυτῆς,
1934 1008 2065 1087 οὐκ
2113 1008 2346 1087 οὖσαν
2380 1005 2614 1109 γεμὴν

187 1127 452 1231 ἑτέραν
523 1125 642 1209 διὰ
712 1126 798 1208 τὸ
884 1128 975 1236 ἐξ
1051 1128 1290 1209 αὐτῶν
1360 1161 1439 1208 τε
1521 1129 1641 1208 καὶ
1722 1130 1801 1209 ἐν
1868 1130 2109 1214 αὐτοῖς
2186 1130 2605 1236 πεφυκέναι·

187 1250 527 1332 τοιοῦτόν
557 1284 652 1350 τι,
686 1257 979 1350 μᾶλλον
1016 1249 1093 1333 δὲ
1137 1253 1257 1333 καὶ
1306 1248 1481 1353 ὑπὲρ
1534 1260 1772 1349 τοῦτο,
1810 1251 2093 1353 νοήσεις
2135 1254 2261 1334 ἐπί
2301 1287 2379 1334 τε
2418 1257 2609 1333 Θεοῦ

190 1377 323 1456 καὶ
375 1383 505 1455 τοῦ
550 1376 811 1478 Ἀγίου
857 1375 1303 1475 Πνεύματος.
1383 1377 1597 1456 οἱονεὶ
1649 1374 1798 1480 γὰρ
1853 1375 2052 1476 ὀσμή
2108 1410 2218 1462 τις
2268 1378 2429 1457 ἐστὶ
2480 1382 2622 1478 τῆς,

191 1498 459 1584 οὐσίας
493 1499 733 1596 αὐτοῦ,
769 1499 972 1603 ζῶσά
1018 1533 1097 1581 τε
1149 1501 1269 1580 καὶ
1317 1496 1657 1602 ἐναργὴς,
1697 1499 2211 1604 διακομίζουσα
2251 1502 2345 1605 τῇ
2381 1500 2612 1581 κτίσει

74 1657 162 1699 10
190 1620 297 1703 τὰ
349 1622 550 1726 παρὰ
599 1631 731 1703 τοῦ
778 1628 996 1723 Θεοῦ,
1044 1626 1163 1705 καὶ
1215 1627 1345 1724 τῆς
1398 1621 1744 1704 ἀνωτάτω
1797 1630 2064 1705 πασῶν
2111 1624 2366 1712 οὐσίας
2417 1625 2604 1705 ἐντι·

194 1752 419 1826 θεῖσα
487 1745 576 1827 δι’
630 1748 885 1847 ἑαυτῆς
947 1744 1082 1849 τὴν
1139 1746 1448 1854 μέθεξιν.
1550 1751 1612 1826 εἰ
1675 1745 1823 1851 γὰρ
1887 1746 1933 1846 ἦ
2001 1753 2149 1828 τῶν
2208 1746 2609 1851 ἀρωμάτων
2628 1763 2673 1830 b

194 1869 511 1970 εὖοσμία
561 1867 696 1969 τὴν
739 1870 925 1951 ἰδίαν
968 1868 1187 1976 ἰσχὺν
1234 1866 1803 1968 ἐναπομάττεται
1860 1876 2009 1954 τοῖς
2061 1869 2454 1972 ἐσθήμασι,
2491 1874 2612 1952 καὶ

196 1993 712 2098 μετασκευάζει
747 1991 1018 2099 τρόπον
1052 1992 1214 2076 τινὰ
1260 1991 1447 2098 πρὸς
1493 1991 1752 2094 ἐαυτὴν
1787 1990 1882 2074 τὰ
1915 1995 1994 2075 ἐν
2029 1992 2136 2081 οἷς
2170 1993 2265 2077 ἀν
2300 1994 2609 2098 γένοιτο,

195 2122 364 2201 πῶς
411 2119 542 2199 οὐκ
590 2115 682 2198 ἀν
716 2118 1025 2222 ἰσχύσαι
1071 2117 1156 2199 τὸ
1196 2123 1499 2218 Πνεῦμα
1545 2114 1634 2198 τὸ
1664 2115 1933 2220 Ἀγιον
1966 2118 2254 2225 ἐπείπερ
2297 2123 2500 2201 ἐστὶν
2533 2120 2615 2202 ἐκ

87 2262 113 2302 1
128 2258 169 2319 5
200 2244 404 2320 Θεοῦ
448 2247 803 2348 φυσικῶς,
845 2240 1224 2327 κοινωνοὺς
1270 2246 1400 2343 τῆς
1449 2240 1644 2326 θείας
1691 2242 2132 2324 ἀποτελέσαι
2174 2244 2469 2349 φύσεως
2523 2245 2610 2326 δι’

197 2364 461 2445 ἑαυτοῦ
494 2363 662 2450 τοῦς
694 2368 772 2446 ἐν
808 2364 913 2451 οἷς
949 2366 1039 2447 ἂν
1072 2367 1355 2470 γένοιτο
1383 2398 1406 2464 ;
1469 2363 1748 2469 καρπὸς
1795 2367 1924 2447 οὖν
1965 2366 2110 2471 ἄρα
2160 2371 2278 2448 καὶ
2329 2402 2606 2472 χαρακ·

197 2486 343 2592 τὴρ
402 2492 533 2590 τῆς
596 2489 1077 2576 ὑποστάσεως
1147 2498 1277 2571 τοῦ
1345 2487 1835 2594 γεννήσαντος
1898 2489 2245 2596 ὑπάρχων
2302 2492 2345 2570 ὃ
2408 2487 2612 2590 Υἱὸς,

198 2610 448 2693 πάντα
510 2613 606 2694 τὰ
644 2615 885 2721 ,αὐτοῦ
946 2613 1134 2695 κατὰ
1198 2612 1430 2723 φύσιν
1488 2613 1850 2717 ἐπάγεται.
1956 2611 2075 2693 διά
2144 2611 2358 2694 τοῦτό
2423 2621 2618 2722 φησι

205 2738 458 2818 Πάντα.
489 2737 625 2818 ’ὅσα
660 2737 800 2838 ἔχει
839 2747 869 2821 ὃ
911 2736 1144 2846 Πατὴρ
1181 2734 1326 2846 ἐμά
1361 2738 1531 2819 ἔστι·
1594 2733 1717 2819 διὰ
1753 2738 1940 2819 τοῦτο
1985 2734 2167 2820 εἶπον
2203 2741 2354 2845 ὑμῖν
2388 2745 2486 2820 ὅτι
2533 2739 2615 2821 ἐκ

95 2898 177 2939 20
203 2863 318 2942 τοῦ
361 2862 524 2968 ἐμοῦ
570 2861 926 2969 λαμβάνει
976 2872 1097 2943 καὶ
1149 2865 1544 2965 ἀναγγελεῖ
1591 2865 1762 2966 ὑμῖν,
1799 2858 1885 2942 τὸ
1927 2866 2227 2961 Πνεῦμα
2278 2859 2615 2963 δηλονότι
2636 2896 2675 2942 ο

200 2983 291 3067 τὸ
350 2988 437 3064 δι’
490 2987 712 3066 αὐτοῦ
764 3019 846 3066 τε
902 2988 1020 3066 καί
1074 2987 1153 3068 ἐν
1207 2987 1420 3094 αὐτῷ,
1472 2986 1558 3065 δι’
1609 2985 1696 3065 οὗ
1750 2991 1899 3070 τοῖς
1959 2987 2189 3088 ἀγίοις
2247 2989 2345 3072 ὦς
2396 2984 2612 3072 αὐτὸς

199 3111 474 3190 ἐνοικεῖ.
557 3111 643 3190 οὐ
697 3110 847 3214 γὰρ
899 3110 1142 3214 ἕτερον
1193 3108 1360 3214 παρ’
1414 3105 1637 3190 αὐτὸν
1683 3106 1770 3190 τὸ
1828 3114 2127 3209 Πνεῦμα
2181 3112 2422 3209 αὐτοῦ,
2476 3108 2613 3191 κάν

204 3230 555 3337 ὑπάρχειν
627 3237 874 3334 νοῆται
944 3234 1107 3314 καθ’
1186 3230 1396 3315 ἑαυτὸ
1463 3236 1580 3313 καὶ
1639 3234 1853 3319 ἰδίως·
1942 3238 2244 3334 Πνεῦμα
2304 3232 2452 3339 γὰρ
2523 3233 2609 3315 τὸ

204 3362 506 3457 Πνεῦμα
559 3359 680 3439 καὶ
735 3358 869 3463 οὐχ
924 3354 1124 3442 Υἱός.

101 3616 176 3678 25
226 3600 490 3691 Μικρὸν
544 3598 646 3668 καὶ
700 3600 916 3667 οὐκέτι
970 3594 1282 3690 θεωρεῖτέ
1332 3622 1434 3681 με,
1489 3597 1596 3665 καὶ
1650 3599 1844 3665 πάλιν
1896 3598 2128 3689 μικρὸν
2182 3597 2289 3666 καὶ
2340 3596 2584 3678 ὄψεσθέ
2643 3601 2717 3660 16

783 3748 885 3807 με,
937 3726 1041 3794 ὅτι
1091 3724 1322 3801 finds-(o
1372 3726 1538 3815 πρὸς
1590 3724 1705 3793 τὸν
1757 3723 2043 3827 Πατέρα.

316 3889 871 3996 Ἀποκαλύψειν
904 3889 1141 3974 αὐτοῖς
1193 3887 1311 3969 διὰ
1357 3896 1488 3969 τοῦ
1535 3887 1713 3970 ἰδίου
1751 3887 2173 3988 Πνεύματος
2225 3885 2320 3967 τὰ
2372 3885 2613 3967 πάντα

200 4016 573 4123 προειπὼν
609 4014 757 4097 ὅσα
797 4050 935 4120 περ
977 4014 1069 4117 ἦν
1115 4017 1471 4119 ἀναγκαῖα
1513 4016 1633 4094 καὶ
1668 4010 2216 4120 χρειωδέστατα,
2252 4011 2611 4120 ἐξηγεῖται
2635 4028 2680 4094 d

274 4247 330 4301 3.
367 4230 551 4299 ὥσπερ
584 4228 656 4285 ὃς
707 4225 839 4283 ὅσον
861 4226 933 4284 ὣς
954 4225 1182 4294 vocem,
1208 4223 1304 4281 md
1326 4226 1475 4282 ὥστε
1540 4224 1611 4281 ὣς
1639 4222 1803 4280 habet
1823 4242 1879 4297 q.
1952 4222 2020 4278 In
2045 4223 2234 4294 Epigr.
2260 4230 2440 4278 nutem
2461 4238 2610 4277 nono

201 4300 337 4356 haec
371 4300 599 4355 citantes
755 4318 815 4368 ερ
850 4298 967 4353 uine
999 4298 1071 4355 ὃς
1104 4296 1358 4352 exhibent
1391 4314 1445 4369 q.
1529 4311 1707 4351 accus.
1831 4294 1880 4349 εἰ
1913 4302 2251 4365 assumptum
2285 4311 2353 4348 ex
2457 4289 2610 4364 (bin).

204 4372 387 4426 Vecco
412 4367 569 4441 (bin).
822 4381 873 4440 7.
906 4390 957 4424 τι
982 4367 1103 4440 E.q.
1129 4366 1358 4422 Vaccus.
1384 4389 1441 4422 τι
1466 4365 1570 4422 Ed.
1819 4365 1871 4420 8.
1908 4367 2003 4420 τοῦ
2026 4380 2135 4419 om.
2159 4382 2196 4437 q
2222 4362 2374 4445 (bin).
2452 4378 2612 4417 eccm

204 4441 480 4567 fflz‘
759 4512 820 4564 ..
843 4434 1679 4580 ..mmmmm
1704 4432 2471 4580 mmmm&
2489 4431 2613 4573 ἕεις

206 4583 402 4639 Vecco.
626 4581 713 4637 28.
748 4580 1139 4654 χρειωδέστατα
1162 4579 1229 4636 Ε.
1253 4577 1637 4652 χρειυδέστερα
1660 4576 1765 4635 Ed.
