3238 5158
228 334 357 398 xiv.
392 355 488 400 11.
605 336 721 402 IN
757 338 847 413 ⁸S.
897 337 1414 405 JOANNEM.
1505 338 1700 406 LIB.
1747 339 1869 406 IX.
1961 338 2164 405 CAP.
2211 338 2267 402 Ι.
2503 331 2631 397 455

228 501 326 583 ὡς
380 501 658 605 ἐπείπερ
711 504 914 583 ἐστὶν
959 505 1359 604 ὀμοούσιος,
1417 504 1559 610 ἔχει
1611 502 1742 603 μὲν
1796 505 1873 585 ἐν
1928 506 2154 612 ἑαυτῷ
2202 498 2331 583 τᾶν
2374 496 2628 602 γεννή·
2661 504 2707 569 <l

137 693 144 704 .
226 656 486 722 σαντα,
539 626 940 732 Χε’νυποὶρχει
1016 628 1092 710 δὲ
1165 634 1281 709 καὶ
1363 628 1576 713 αὐτὸς
1659 631 1874 738 αὐτῷ·
1967 627 2015 728 ἢ
2090 625 2634 708 διδασκέτωσαν

226 747 710 850 παρελθόντες
760 756 827 832 οἶ
883 752 970 832 δι’
1010 755 1351 850 ἐναντίας,
1390 752 1501 833 ὅτι
1556 752 1771 856 γέρας
1825 752 1991 858 ἔχει,
2027 752 2351 854 καθάπερ
2406 750 2631 849 ἡμεῖς,

227 868 314 951 τὸ
349 873 425 951 ἐν
462 880 565 981 τῷ
601 879 841 977 Πατρὶ
881 884 1200 957 νοεῖσθαι
1251 880 1366 958 καὶ
1419 876 1652 975 αὐτὸς,
1692 881 1807 958 καὶ
1854 877 2220 961 πολιτείας
2267 878 2397 976 τῆς
2448 871 2636 954 κατὰ

159 1004 198 1069 5
231 992 452 1095 νόμον
507 999 992 1102 εὐαγγελικὸν,
1048 1003 1478 1107 ἀντίρῤοπον
1533 1000 1870 1103 ἀμοιβήν.
1964 1001 2138 1080 ἀλλ’
2178 996 2385 1080 οὐδὲν
2439 995 2634 1097 οἶμαι

231 1118 463 1200 δεινὸν
519 1123 802 1207 ἐκείνοις
873 1123 1199 1230 φαίνεται
1271 1129 1389 1206 καὶ
1464 1134 1696 1206 τοῦτο·
1777 1123 1883 1210 οἷς
1956 1122 2102 1227 γὰρ
2174 1121 2355 1208 εἶδος
2432 1119 2636 1202 οὐδὲν

230 1246 773 1348 γλωσσαλγίας
819 1247 1381 1349 ἀνεπιτήδευτον,
1422 1248 1497 1329 τί
1538 1256 1686 1329 τῶν
1730 1251 1899 1329 λίαν
1935 1246 2463 1353 ἀπηχεστάτων
2500 1247 2638 1348 οὐχ

232 1368 696 1468 ἱππήλατον,
779 1370 961 1457 εἰκὸς
1020 1374 1147 1452 οὖν
1199 1373 1310 1453 ὅτι
1375 1378 1656 1454 κάκεῖνο
1719 1376 2029 1475 ἐροῦσιν,
2088 1375 2186 1456 ὡς
2245 1370 2349 1471 εἴη
2405 1367 2541 1469 μὲν
2595 1370 2636 1449 5

0 1581 16 1604 .‚
230 1491 407 1578 Υἱὸς
461 1497 537 1574 ἐν
582 1499 824 1599 Πατρὶ
877 1494 995 1576 διὰ
1050 1504 1283 1602 τοῦτο,
1326 1496 1477 1602 ἔχοι
1532 1494 1609 1577 δὲ
1665 1497 1757 1576 αὖ
1812 1496 2039 1579 πάλιν
2093 1497 2171 1575 ἐν
2223 1495 2452 1603 ἑαυτῷ
2505 1490 2637 1573 τὸν
2662 1526 2699 1570 ο

126 1637 205 1679 10
237 1616 555 1720 Πατέρα,
609 1620 893 1724 ἐπείπερ
953 1628 1107 1706 ταῖς
1167 1623 1285 1701 καὶ
1342 1621 1512 1721 ἡμῖν
1563 1623 1883 1727 ε”φικταΐς
1943 1622 2224 1724 ἀρεταῖς
2289 1620 2385 1702 ὡς
2452 1615 2636 1719 πρὸς

0 1729 20 1764 ⁹
235 1737 455 1819 αὐτὸν
488 1744 1020 1848 σχηματίζεται.
1091 1739 1220 1825 ἱκαὶ
1267 1745 1346 1825 τί
1388 1743 1477 1846 δὴ
1531 1743 1779 1843 πάλιν,
1818 1740 1876 1825 ὦ
1923 1743 2325 1841 βέλτιστοι,
2364 1738 2630 1849 φαμὲν,

235 1865 611 1946 Φιλίππου
667 1867 1009 1970 λέγοντος
1067 1878 1110 1916 “
1142 1868 1364 1972 Κύριε
1428 1870 1665 1977 δεῖξον
1719 1871 1888 1970 ἡμῖν
1941 1865 2071 1948 τὸν
2123 1866 2479 1969 Πατέρα,”
2532 1862 2635 1965 μὴ
2727 1851 2908 1968 ῗξξῗξ,

229 1987 508 2074 πάντας
570 1990 736 2077 τοὺς
807 1994 1051 2095 ἁγίους
1115 1991 1581 2079 ἀποστόλους
1645 1999 1745 2078 εἰς
1808 1990 2043 2073 εἰκόνα
2103 1995 2222 2072 καὶ
2287 1989 2635 2090 ὁμοίωσιν

231 2115 492 2215 ἀκριβῆ
527 2123 655 2195 τοῦ
694 2116 1071 2217 νοουμένου
1105 2121 1447 2216 παραθεὶς
1483 2118 1806 2225 ἔφασκεν
1843 2119 1883 2198 5
1917 2115 2245 2220 Χριστός
2281 2113 2634 2222 Τοσούτῳ

126 2261 200 2323 15
231 2235 470 2347 χρόνῳ
507 2238 689 2337 μετὰ
731 2241 1087 2342 ἀλλήλων
1122 2241 1364 2340 ἐσμὲν,
1400 2246 1517 2322 καὶ
1570 2243 1699 2323 οὐκ
1748 2241 2065 2344 ἔγνωκας
2115 2238 2244 2320 τὸν
2284 2236 2573 2341 Πατέρα
2602 2271 2626 2336 3

233 2363 404 2441 ἀλλ’
443 2364 697 2444 οὐδένα
732 2372 877 2445 τῶν
911 2366 1168 2446 ἄλλων
1201 2367 1428 2475 ἑαυτῷ
1463 2366 2021 2472 συνεισδέχεται,
2055 2363 2278 2465 μόνον
2316 2363 2393 2445 δὲ
2426 2362 2627 2472 μόνῳ

230 2490 578 2590 παραθεὶς
632 2495 736 2598 τῷ
795 2493 1053 2595 Πατρὶ,
1111 2494 1207 2576 ὡς
1264 2488 1485 2595 μικρὰ
1540 2489 1673 2591 μὲν
1731 2494 1988 2597 κομιδῇ
2050 2487 2479 2596 παρατρέχει
2534 2487 2628 2568 τὰ
2659 2520 2697 2560 a
2749 2506 2878 2562 801
2895 2504 2983 2560 A·

230 2611 558 2714 ἡμέτερα,
596 2614 724 2694 οὐκ
773 2616 850 2694 ἐν
893 2613 1170 2701 τούτοις
1219 2616 1296 2696 δὲ
1349 2618 1666 2719 ἀκριβῶς
1714 2612 1850 2714 τὴν
1898 2616 2094 2696 θείαν
2142 2615 2402 2694 οὐσίαν
2446 2613 2630 2719 ἐξει-

234 2735 636 2838 κονίζεσθαι
709 2735 968 2837 θέλων,
1041 2740 1269 2847 ἑαυτῷ
1339 2736 1678 2841 τετήρηκε
1752 2737 1950 2847 μόνῳ
2026 2735 2161 2838 τὴν
2234 2742 2330 2821 εἰς
2414 2736 2637 2841 ἄκρον

120 2901 210 2944 20
236 2858 638 2964 ἐμφέρειαν.
718 2862 758 2941 5
794 2860 937 2964 γὰρ
982 2862 1309 2966 ἑωρακὼς
1359 2860 1501 2960 ἐμὲ,
1540 2865 1753 2969 φησὶ,
1790 2861 1920 2941 τὸν
1960 2859 2259 2963 Πατέρα
2294 2859 2628 2961 ἑώρακεν.
2726 2872 2807 2924 lb.
2826 2887 2875 2939 9-

235 2978 390 3061 εἷτα
421 2983 691 3069 τούτοις
726 2985 1107 3089 ἐπήνεγκεν
1134 2986 1339 3071 εὐθύς
1362 2996 1404 3034 “
1414 2984 1807 3066 Πιστεύετε
1845 2984 1953 3065 ὅτι
1990 2981 2134 3085 ἐγὼ
2168 2987 2243 3064 ἐν
2268 2988 2371 3091 τῷ
2398 2986 2637 3086 Πατρὶ
2727 2999 2809 3050 Ib-
2832 3012 2907 3049 11·

233 3116 282 3154 ‘⁶
318 3110 437 3186 καὶ
486 3111 526 3189 5
566 3107 825 3212 Πατὴρ
863 3110 939 3190 δὲ
975 3113 1053 3190 ἐν
1086 3112 1240 3211 ἐμοὶ
1284 3108 1556 3191 ε’στίν.”
1633 3110 1816 3190 ὅπου
1864 3107 2008 3213 γὰρ
2057 3105 2640 3213 ἀπαραλλάκτως

230 3229 376 3335 ἕχει
413 3232 596 3313 κατά
632 3267 716 3335 γε
751 3232 884 3333 τὴν
925 3233 1237 3316 εἰσάπαν
1271 3233 1672 3341 ἐμφέρειαν,
1708 3239 1863 3318 πῶς
1902 3234 2029 3313 οὐκ
2065 3229 2156 3312 ἂν
2192 3233 2342 3337 ἔχοι
2378 3228 2640 3311 λοιπὸν

231 3355 446 3440 αὐτὸς
499 3356 630 3457 μὲν
671 3360 747 3438 ἐν
789 3359 1016 3466 ἑαυτῷ
1069 3357 1198 3438 τὸν
1235 3358 1549 3460 Πατέρα,
1589 3357 1823 3461 ἔχεται
1879 3355 1956 3437 δὲ
2010 3354 2258 3460 ὥσπερ
2318 3354 2454 3436 ὑπὸ
2509 3362 2639 3435 τοῦ

110 3522 204 3585 25
238 3479 575 3584 Πατρός;
633 3481 855 3562 ἐννόει
908 3479 1052 3584 γάρ
1107 3516 1177 3562 τι
1232 3489 1574 3578 τοιοῦτον,
1612 3485 1732 3561 καὶ
1778 3478 1963 3585 πρὸς
2012 3476 2379 3587 ἀπόδειξιν
2428 3478 2638 3584 δέχου

232 3611 382 3684 τῶν
433 3605 839 3708 εἰρημένων.
926 3602 1067 3710 ἀρα
1120 3603 1284 3709 γὰρ,
1329 3605 1397 3687 εἴ
1444 3639 1550 3690 τις
1604 3605 1690 3685 τὸ
1725 3603 2089 3709 Ἀβραὰμ,
2128 3606 2353 3717 ἤγουν
2399 3602 2639 3707 ἑτέρου
2661 3620 2705 3683 b

232 3728 427 3813 τινὸς
483 3730 866 3834 ἀνθρώπου
919 3727 1141 3835 τυχὸν
1196 3734 1293 3813 εἰς
1346 3728 1577 3830 μέσον
1627 3728 1894 3832 ἀγάγοι
1948 3730 2252 3826 παιδίον,
2302 3725 2453 3807 εἶτα
2506 3724 2641 3828 τὴν

233 3859 367 3933 τοῦ
425 3851 754 3940 τεκόντος
809 3851 983 3934 αὐτὸ
1052 3855 1416 3957 διερωτοίη
1479 3852 1727 3959 φύσιν,
1783 3855 1890 3938 τίς
1954 3887 2031 3933 τε
2096 3852 2289 3936 ὅλως
2353 3851 2458 3951 εἴη
2524 3854 2640 3930 καὶ

231 3975 563 4062 ποδαπὸς
597 3980 637 4058 5
675 3976 899 4058 τεκὼν
933 3978 1278 4072 βούλοιτο
1312 3983 1582 4077 μαθεῖν,
1627 3979 1754 4058 οὐκ
1789 3974 1880 4057 ἂν
1920 3974 2238 4080 εὐλόγως
2274 3974 2637 4080 ἐφώνησε,

106 4141 204 4202 30
230 4107 532 4204 μᾶλλον
588 4100 664 4182 δὲ
720 4100 853 4202 τὴν
902 4103 1165 4183 οἰκείαν
1216 4102 1525 4209 ἐπέδειξε
1582 4102 1834 4209 φύσιν,
1882 4101 2120 4203 λέγων
2156 4101 2255 4179 Ὁ
2311 4092 2642 4201 ἑωρακὼς

232 4223 361 4328 ἐμὲ
410 4226 674 4330 ἑώρακε
726 4223 852 4306 τὸν
887 4225 1186 4329 πατέρα·
1256 4223 1399 4327 ε’γῶ
1447 4227 1524 4305 ἐν
1568 4230 1672 4334 τῷ
1728 4228 1946 4329 πατρὶ
2002 4227 2122 4304 καὶ
2179 4224 2221 4302 5
2274 4219 2514 4325 πατὴρ
2567 4219 2642 4299 δὲ

0 1457 18 1498 ἵ

233 4587 300 4642 3¹
317 4515 422 4625 19⁸}
437 4498 633 4624 {af-2212„
621 4498 696 4640 ξι
695 4498 880 4625 gaft:
894 4498 1000 4625 EEd.
1380 4513 1468 4553 20.
1504 4496 1647 4569 φησὶ
1670 4513 1778 4552 om.
1806 4497 1869 4551 Ε.
2228 4484 2335 4566 ι29.
2369 4490 2553 4547 παθεῖν
2577 4488 2644 4544 Ε.
