3238 5158
629 318 761 384 516
1236 317 1316 384 B.
1360 316 1780 383 CYRILLI
1836 316 2413 382 ALEXANDR.
2773 314 2910 379 xiv.
2937 311 3042 380 28.

630 482 948 586 καθάπερ
1012 484 1054 563 ὁ
1115 482 1249 585 μὲν
1303 484 1570 585 ἔμεινεν
1624 485 1701 563 ἐν
1762 481 1867 567 οἷς
1933 481 2025 585 ἦν
2081 486 2209 579 ἀεὶ,
2260 485 2301 563 ὃ
2365 481 2443 563 δὲ
2508 479 2642 582 τὴν
2706 482 3048 562 ἑκούσιον

632 608 1015 708 ὑπομείνας
1071 608 1374 688 κένωσιν
1428 609 1503 689 ἐν
1552 613 1644 711 τῇ
1697 616 1827 687 τοῦ
1884 607 2150 688 δούλου
2204 605 2471 707 κατέβη
2524 612 2801 712 μορφῇ,
2855 604 3052 708 πρὸς

294 731 379 781 Pa.
403 730 498 781 ⁰³¹·
631 730 765 831 τὴν
820 732 1080 813 οἰκείαν
1135 733 1336 817 αὖθις
1390 731 1848 832 ἀνεβιβάσθη
1905 729 2151 840 δόξαν,
2208 730 2526 815 ἀκούσας
2581 741 2626 778 “
2655 728 2913 810 Κάθου
2970 730 3054 809 ἐκ

560 861 606 926 b
634 865 676 904 “
713 857 968 964 δεξιῶν
1010 891 1150 956 μου
1200 856 1329 940 ἕως
1381 853 1472 935 ἀν
1519 861 1624 935 θῶ
1680 854 1846 939 τοὺς
1898 855 2196 962 ἐχθρούς
2249 891 2392 936 σου
2447 852 2839 937 ὑποπόδιον
2895 861 3056 933 τῶν

631 992 675 1031 “
708 986 955 1063 ποδῶν
1009 983 1218 1062 σου.”
1291 982 1410 1061 ἵνα
1474 980 1551 1062 δὲ
1623 980 1726 1082 μὴ
1802 984 2042 1085 δοκοίη
2105 981 2642 1084 πλεονεκτήσας
2710 988 2831 1062 καὶ
2909 985 3054 1089 οὐχ
3080 1014 3116 1075 5

628 1103 883 1185 ἑκόντα
965 1104 1187 1212 τυχὸν
1259 1104 1388 1186 τὸν
1460 1109 1536 1185 ἐν
1607 1115 1760 1190 τοῖς
1838 1109 2165 1211 οὐρανοῖς
2242 1107 2539 1210 Πατέρα
2611 1111 2729 1186 καὶ
2805 1106 3044 1205 Θεὸν,

630 1236 927 1311 καθῖσαι
979 1230 1161 1335 πρὸς
1223 1238 1371 1315 τοῖς
1435 1230 1692 1338 δεξιοῖς
1747 1232 1877 1312 τὸν
1925 1231 2107 1312 Υὶὸν
2162 1231 2374 1319 αὐτὸς
2429 1240 2639 1313 τοῦτο
2699 1231 2948 1333 λέγων
3005 1232 3046 1310 ὁ

633 1353 894 1460 Πατὴρ
933 1354 1430 1455 εἰσενήνεκται,
1466 1354 1550 1435 τὸ
1589 1356 1726 1436 Ἐκ
1759 1356 2015 1463 δεξιῶν
2050 1390 2192 1454 μου
2230 1356 2474 1454 κάθου,
2514 1357 2724 1463 φησί.
2798 1357 2924 1435 καὶ
2961 1356 3046 1437 οὐ

629 1477 719 1579 δή
762 1512 870 1564 τις
905 1480 1052 1583 ἐρεῖ
1081 1488 1249 1559 νοῦν
1285 1477 1494 1584 ἔχων,
1534 1483 1631 1564 ὡς
1685 1488 1833 1565 τοῖς
1889 1482 2234 1585 δευτέροις
2284 1483 2325 1561 ὁ
2364 1479 2620 1585 Πατὴρ
2667 1482 3044 1581 τετίμηται

630 1600 757 1683 τὸν
792 1602 975 1684 Υἰὸν
1030 1603 1215 1710 ἔχων
1268 1607 1347 1683 ἐκ
1409 1603 1685 1710 δεξιῶν,
1741 1612 2089 1706 λογιεῖται
2156 1606 2231 1686 δὲ
2296 1612 2587 1703 μᾶλλον
2638 1606 2868 1685 ἐκεῖνο
2927 1608 3042 1685 καὶ
3069 1641 3127 1682 ιο

628 1727 1124 1835 διασκέψεται.
1211 1726 1349 1807 ἔδει
1401 1724 1545 1831 γὰρ
1600 1727 1825 1812 ὅντως
1880 1731 1959 1809 ἐκ
2013 1729 2268 1836 δεξιῶν
2324 1736 2670 1826 νοεῖσθαι,
2731 1732 2857 1809 καὶ
2916 1728 3044 1810 τὸν

627 1852 1042 1932 ἀνύποπτον
1097 1858 1194 1936 εἰς
1248 1850 1660 1933 ἐλάττωσιν
1714 1852 1899 1958 ἔχειν
1954 1853 2199 1951 τόπον,
2245 1855 2405 1959 οὐχὶ
2458 1850 2690 1953 δήπου
2742 1850 3043 1938 πάντως

567 2011 603 2054 ο
629 1973 756 2054 τὸν
797 1976 1110 2080 Πατέρα,
1146 1982 1439 2075 μᾶλλον
1478 1977 1552 2055 δὲ
1607 1974 1736 2058 τὸν
1771 1976 1973 2075 Υἰὸν,
2011 1975 2128 2057 διὰ
2181 1977 2314 2078 τὴν
2354 1978 2685 2058 ἑκούσιον
2725 1976 3040 2057 κένωσιν

627 2101 743 2179 καί
808 2098 1195 2201 ὑποταγὴν,
1254 2102 1352 2183 ὡς
1404 2102 1512 2180 ἐπ’
1559 2099 1904 2182 ἐλάττοσι
1958 2102 2574 2206 κατηγορούμενον
2622 2099 2834 2204 παρὰ
2893 2108 3039 2181 τῶν

625 2220 942 2302 συνιέναι
978 2222 1080 2322 μὴ
1118 2223 1525 2322 δυναμένων
1561 2222 1646 2304 τὸ
1684 2227 1788 2306 ἐπ’
1831 2227 2023 2334 αὐτῷ
2059 2226 2480 2329 μυστήριον.
2545 2225 2667 2305 διὰ
2702 2234 2930 2306 τοῦτο
2964 2228 3037 2306 ἐκ
3065 2252 3119 2313 15
3211 2218 3212 2243 ¹

627 2346 882 2453 δεξιῶν
917 2355 1047 2427 τοῦ
1083 2347 1498 2447 μηδαμόθεν
1535 2356 2095 2452 κατηγορεῖσθαι
2132 2349 2521 2449 δυναμένου
2558 2347 2887 2453 Πατρὸς,
2924 2350 3038 2431 ἵνα

624 2467 710 2550 τὸ
750 2466 1079 2569 ἰσότιμον
1114 2468 1431 2573 σώζηται
1463 2476 1567 2579 τῷ
1601 2477 1781 2581 Υἱῷ.

740 2599 887 2676 Καὶ
922 2602 1123 2678 ταυτὶ
1172 2596 1303 2696 μὲν
1339 2597 1508 2697 ἡμῖν
1544 2596 2009 2698 εἰσεκομίσθη
2058 2595 2150 2677 τά
2193 2599 2601 2699 διηγήματα
2650 2600 3036 2702 χρησίμως

627 2725 724 2805 εἰς
775 2719 861 2802 τὸ
910 2722 1165 2824 παρὸν,
1205 2723 1332 2801 οὐκ
1368 2725 1734 2821 ἀσυντελῆ
1772 2727 1921 2805 τοῖς
1956 2722 2435 2824 προκειμένοις
2471 2722 2733 2827 ἔχοντα
2769 2721 3029 2828 λόγον.

625 2844 1019 2941 ἀναλαβὼν
1075 2846 1151 2926 δὲ
1203 2849 1518 2941 ἐσαῦθις,
1569 2851 1688 2925 καὶ
1744 2846 1940 2945 ὅλον,
1993 2848 2088 2930 ὡς
2144 2845 2313 2931 ἔπος
2367 2853 2614 2945 εἰπεῖν,
2662 2847 2756 2954 ἐξ
2805 2850 3034 2955 ἀρχῆς
3057 2885 3116 2926 20

625 2969 1268 3074 ἀναμηρυσάμενος
1303 2974 1431 3067 τῆς
1467 2966 1883 3076 ἐξηγήσεως
1918 2967 2047 3050 τὸν
2082 2969 2389 3063 σκοπὸν,
2430 2973 2568 3074 ε’ρῶ
2605 2972 2695 3070 δὴ
2732 2971 3029 3072 λοιπὸν,

557 3109 602 3175 d
629 3098 724 3179 ὡς
778 3093 912 3195 ἡδὺ
965 3094 1098 3195 μὲν
1152 3096 1320 3194 ἡμῖν
1375 3097 1493 3173 καὶ
1549 3095 1634 3175 δι’
1689 3096 1897 3199 εὐχῆς
1951 3097 2070 3174 καὶ
2126 3093 2350 3198 φίλον
2403 3091 2488 3175 τὸ
2544 3102 2864 3175 συνεῖναι
2917 3096 3036 3175 διὰ

288 3248 420 3298 Phil.
432 3248 538 3313 iiq.
625 3219 900 3304 παντὸς
973 3225 1078 3329 τῷ
1152 3222 1437 3323 Σωτῆρι
1506 3222 1835 3326 Χριστῷ,
1904 3219 2132 3298 καίτοι
2207 3220 2293 3297 δι’
2362 3220 2546 3318 ἡμᾶς
2618 3219 3036 3301 κεκενωκότι

626 3344 898 3443 ἑαυτὸν,
960 3343 1145 3424 καθά
1214 3346 1635 3447 γέγραπται,
1694 3345 1812 3421 καὶ
1875 3348 1972 3426 εἰς
2035 3339 2121 3422 τὸ
2185 3346 2442 3447 σχῆμα
2513 3345 2874 3455 γενομένῳ
2952 3344 3036 3424 τὸ

629 3468 991 3565 οἰκετικὸν,
1028 3472 1145 3548 καὶ
1204 3474 1300 3553 εἰς
1354 3465 1487 3567 τὴν
1532 3470 1661 3566 τῆς
1715 3467 2162 3569 ἀνθρωπίνης
2218 3466 2509 3573 φύσεως
2565 3467 2889 3574 ἀδοξίαν.
2967 3472 3040 3549 τί
3061 3500 3116 3562 ²5

627 3589 772 3696 γὰρ
821 3592 864 3691 ἦ
913 3593 1297 3695 ἀνθρώπου
1346 3589 1589 3696 φύσις,
1625 3594 1723 3675 ὡς
1769 3591 1951 3693 πρὸς
1988 3591 2227 3685 Θεόνς
2286 3589 2457 3670 ἀλλ’
2497 3593 2628 3672 οὐκ
2680 3594 2878 3701 αὐτῷ
2935 3601 3036 3702 τῷ

626 3721 785 3822 Υἱῷ
823 3724 1036 3796 τοῦτο
1074 3713 1456 3819 χρήσιμον,
1484 3712 1868 3798 λυσιτελὲς
1902 3712 1981 3795 δὲ
2014 3720 2307 3814 μᾶλλον
2333 3712 2418 3795 τὸ
2456 3718 2812 3815 ἀναβῆναι
2847 3718 3033 3821 πρὸς
3211 3719 3212 3794 ἰ

627 3838 755 3920 τὸν
806 3839 1125 3940 Πατέρα,
1187 3841 1303 3918 καὶ
1359 3835 1491 3937 τὴν
1545 3838 1807 3918 οἰκείαν
1861 3840 2447 3936 ἀνακομίσασθαι
2500 3838 2723 3946 δόξαν
2778 3875 2861 3920 τε
2920 3845 3033 3921 καὶ
3211 3817 3212 3864 ³

627 3963 965 4070 ε’ξουσίαν
1038 3966 1156 4044 καὶ
1228 3963 1514 4069 ἀξίωμα
1586 3961 1673 4041 τὸ
1747 3962 2130 4066 θεοπρεπὲς
2201 3961 2618 4070 ἀναφανδὸν
2689 3964 2852 4066 ἤδη,
2919 3969 3034 4046 καὶ

629 4085 860 4168 οὐκέτι
918 4086 1560 4185 κατεσκιασμένως.
1640 4086 1961 4166 κεκάθικε
2009 4084 2154 4190 γὰρ
2209 4088 2287 4167 ε’κ
2341 4087 2613 4194 δεξιῶν,
2658 4084 3035 4174 ἐθέλοντος
3058 4113 3114 4173 3ο
3211 4095 3212 4104 ¹

567 4254 604 4299 ο
629 4219 842 4291 τοῦτο
893 4215 1009 4291 καὶ
1059 4212 1276 4293 αὐτοῦ
1327 4219 1456 4291 τοῦ
1500 4207 1814 4313 Πατρός.
1896 4217 2106 4316 φιλεῖ
2151 4211 2295 4315 γὰρ
2352 4214 2449 4296 ὧς
2498 4212 2677 4292 ἴδιον
2711 4211 3034 4315 γέννημα
3211 4205 3212 4210 ¹

695 4422 748 4477 8.
788 4420 1121 4510 Legeqdum,
1146 4432 1209 4477 ut
1232 4422 1362 4486 vid„
1388 4422 1434 4493 φ
1466 4421 1543 4494 μί.
1849 4440 1902 4493 9.
1941 4419 2004 4491 δή
2058 4421 2138 4476 δεῖ
2161 4421 2227 4477 Ε.
2541 4438 2625 4489 14.
2663 4422 2961 4479 ἐλάττοσιν
2981 4442 3028 4478 c.

625 4515 1063 4576 xarqyopfvpevov
1087 4494 1152 4550 E.
1178 4515 1402 4565 κατηγορ
1463 4515 1618 4563 μενον
1641 4490 1841 4546 habent
1865 4510 1961 4547 a.c.
2070 4490 2153 4547 rd.
2481 4509 2564 4564 19.
2599 4493 2816 4566 ἔχοντα]
2852 4502 2910 4560 -Ι-
2940 4497 3028 4550 τὸν

624 4563 730 4618 Ed.
755 4575 924 4620 mvxto
949 4563 1015 4620 E.
1230 4581 1321 4636 29.
1354 4564 1451 4633 ἤδη
1475 4575 1816 4634 assumptum
1840 4581 1905 4618 ex
1930 4564 1996 4618 E.
