3238 5158
236 331 317 400 ix.
346 337 448 404 26.
610 337 729 402 IN
791 338 857 403 S.
905 336 1420 403 JOANNEM.
1510 337 1704 404 LIB.
1735 338 1859 405 VI.
1951 340 2158 406 CAP.
2206 342 2263 406 Ῑ.
2515 341 2638 403 181

240 574 438 647 Εἶπον
493 577 610 649 οὖν
666 583 847 669 αὐτῷ
893 584 1092 649 πάλιν
1144 582 1225 649 Τί
1277 582 1546 649 ὲποίι-ισὲ
1601 604 1746 668 σοις
1816 584 1962 650 πῶς
2014 584 2265 670 ἀνέῳξε
2319 606 2435 651 σου
2485 582 2639 649 τούς
2672 578 2748 635 26

1223 708 1649 798 ὀφθαλμούς,

346 875 942 951 Φιλοπευστοῦσι
989 871 1219 953 πάλιν
1260 874 1379 952 καὶ
1429 870 1556 953 τὸν
1602 876 1732 972 τῆς
1786 874 2182 972 θεοσημίας
2235 874 2646 975 διερευνῶσι

230 992 529 1097 τρόπον,
567 995 696 1075 οὐκ
732 996 813 1074 ἐκ
846 993 1111 1100 φρενὸς
1152 997 1431 1099 ἀγαθῆς·
1482 994 1528 1097 ἢ
1578 995 2159 1101 χρηστομαθείας
2211 991 2295 1073 τὸ
2342 1001 2645 1097 πρᾶγμα

169 1144 204 1205 5
228 1118 663 1216 ποιούμενοι,
698 1119 902 1198 ἀλλὰ
938 1121 1166 1199 καίτοι
1204 1119 1453 1224 ζημίας
1491 1120 1788 1219 ἁπάσης
1821 1120 2183 1225 αἰσχίονα,
2220 1120 2337 1197 καὶ
2374 1115 2645 1202 παντὸς

227 1250 457 1322 κακοῦ
521 1243 839 1322 ἐπέκεινα
906 1244 1213 1329 τιθέντες
1276 1247 1395 1324 καὶ
1458 1241 1909 1346 λογιζόμενοι
1962 1241 2046 1323 τὸ
2103 1239 2242 1323 ὑπό
2307 1275 2438 1322 του
2499 1246 2645 1319 τῶν
2669 1263 2708 1308 Θ

228 1366 465 1446 ὄντων
520 1367 999 1473 εὖφημεῖσθαι
1055 1366 1407 1471 Χριστὸν,
1466 1376 1693 1447 ταῦτα
1746 1363 1988 1448 πάντα
2038 1364 2268 1447 πάλιν
2323 1367 2646 1444 ἀνασκα-

228 1488 600 1588 λεύουσιν,
637 1489 952 1590 οἰόμενοί
987 1526 1144 1574 πως
1191 1489 1320 1571 τὸν
1357 1491 1743 1594 ἄνθρωπον
1779 1491 1863 1571 οὐ
1900 1488 2469 1592 ταυτολογήσειν
2506 1487 2639 1584 ἔτι,

229 1617 607 1693 διαπεσεῖν
644 1613 732 1694 δέ
755 1648 911 1698 πως
959 1617 1122 1716 περὶ
1172 1623 1302 1695 τοῦ
1350 1614 1778 1719 πράγματος
1825 1613 2200 1722 ἐξήγησιν,
2238 1612 2364 1692 καί
2393 1646 2463 1691 τι
2497 1617 2646 1694 τοῖς

133 1772 209 1816 ιο
228 1735 589 1842 πρότερον
635 1739 964 1822 ἐναντίως·
1013 1738 1179 1843 ἕχον
1228 1741 1430 1842 ἐρεῖν,
1465 1740 1583 1818 ἵνα
1630 1744 1756 1839 τῆς
1808 1738 2198 1843 διαφωνίας
2249 1731 2636 1842 ἐπιδραξά-

229 1895 461 1960 μενοι,
516 1862 1039 1960 πεπλασμένον
1096 1862 1258 1942 τινὰ
1322 1865 1438 1942 καὶ
1502 1862 1840 1969 ψεύστην
1895 1860 2113 1941 αὑτὸν
2168 1859 2636 1967 ἀποφήνειαν.

231 1984 717 2088 διελογίζοντο
764 1983 911 2089 γὰρ
958 1991 1026 2066 οὶ
1074 1987 1189 2067 ἐπὶ
1238 1991 1491 2092 πολλῇ
1529 1985 1828 2094 σφόδρα
1864 1986 2156 2066 συνέσει
2194 1991 2641 2092 κατωφρυω·

230 2109 439 2209 με’νοι
493 2111 570 2188 ἐν
613 2113 875 2216 ψιλαῖς
928 2118 1058 2191 τοῦ
1107 2109 1495 2264 ἀνθρώπου
1545 2118 1819 2217 φωναῖς
1868 2107 2002 2209 τὴν
2046 2118 2176 2191 τοῦ
2229 2108 2648 2216 παραδόξου

233 2230 605 2334 σώζεσθαι
660 2232 979 2333 δύναμιν,
1015 2236 1132 2313 καὶ
1191 2235 1349 2340 οὐχὶ
1397 2242 1689 2334 μᾶλλον
1736 2237 1812 2315 ἐν
1853 2241 1957 2343 τῷ
2013 2233 2426 2340 πεπράχθαι
2481 2238 2638 2313 δια-

133 2381 209 2444 15
237 2357 657 2463 φαίνεσθαι.
739 2353 939 2456 οἶμαι
972 2357 1059 2437 δέ
1084 2391 1155 2437 τι
1190 2361 1309 2474 καὶ
1345 2365 1670 2438 τοιοῦτον
1703 2357 1960 2443 αὐτοὺς
2004 2361 2373 2458 ὑπομεῖναι
2417 2358 2646 2439 παλιν
2668 2393 2706 2434 a
2758 2379 2881 2436 619
2901 2377 2979 2433 Δ.

236 2483 309 2560 οἱ
363 2486 606 2577 μισεῖν
652 2482 909 2565 ἀδίκως
960 2482 1044 2560 οὐ
1093 2482 1671 2586 καταναρκῶντές
1719 2516 1940 2578 τινας,
1980 2481 2155 2562 ὅταν
2204 2481 2651 2563 ἐκπύθωνταί

237 2638 315 2684 τι
349 2611 497 2684 τῶν
535 2605 774 2691 αὐτοῖς
810 2604 1276 2710 δεδραμένων,
1317 2603 1469 2689 εἶτα
1504 2616 1720 2687 τοῦτο
1754 2605 1856 2706 μὴ
1902 2608 2185 2691 δικαίως
2234 2606 2646 2711 πεπράχθαι

241 2732 440 2834 δοκῇ,
480 2729 615 2835 οὐχ
651 2726 860 2837 ἅπαξ
890 2727 1092 2811 ἀλλὰ
1130 2733 1245 2809 καὶ
1280 2729 1644 2813 πολλάκις
1681 2730 1858 2810 αὐτὸ
1906 2727 2106 2834 παρὰ
2154 2735 2301 2810 τῶν
2338 2730 2640 2836 ἐξηγου-

241 2849 478 2951 μένων
542 2852 810 2933 ἐπαΐειν
882 2853 1279 2950 ἐθέλουσιν,
1344 2856 1735 2939 ἀκονῶντες
1808 2886 2058 2955 ωσπερ
2132 2857 2232 2936 εἰς
2303 2852 2648 2960 ὀξυτέραν

137 3007 219 3049 20
244 2976 528 3075 κίνησιν
587 2974 1039 3081 βραδύνοντά
1106 3011 1260 3061 πως
1322 2975 1451 3057 τὸν
1505 2978 1612 3058 ἐπ
1672 2977 1909 3085 ἐκείνῳ
1971 2972 2219 3075 θυμόν.
2329 2979 2659 3056 δυσωπεῖ

241 3098 388 3204 γὰρ
437 3102 545 3180 αἐὶ
595 3101 683 3181 τὸ
732 3100 1059 3188 συνειδὸς
1105 3099 1491 3209 ἐξελεγχον
1535 3098 1629 3182 τὰ
1680 3104 1757 3181 ἐν
1804 3101 1991 3200 ἡμῖν,
2030 3103 2148 3179 καὶ
2196 3101 2322 3197 τῆς
2377 3098 2649 3184 ἀδικίας

245 3230 669 3328 κατηγορῶν
724 3226 809 3303 οὐ
862 3223 1186 3323 παύεται,
1214 3234 1219 3243 ’
1247 3223 1381 3304 κᾶν
1435 3225 1513 3304 ἐκ
1566 3224 2066 3329 προσπαθειάς
2122 3221 2254 3324 ἡδὺ
2309 3223 2657 3330 φαίνηταί

243 3381 402 3431 πως
456 3346 542 3428 τὸ
598 3350 887 3428 ἀδικεῖν.
969 3350 1383 3428 ἀνακινοῦσι
1437 3345 1697 3446 τοίνυν,
1740 3349 1858 3426 καὶ
1913 3347 2048 3453 οὐχ
2103 3346 2354 3428 ἑκόντα
2407 3381 2637 3451 παρο·
2670 3357 2714 3424 b

243 3468 632 3570 τρύνουσιν
676 3476 774 3556 εἷς
825 3469 911 3552 τὸ
960 3474 1079 3552 καὶ
1134 3476 1451 3556 εἰσαῦθις
1506 3472 2046 3577 ἀνακυκλοῦντα
2101 3469 2319 3551 αὐτὸν
2362 3473 2480 3550 καὶ
2530 3469 2649 3550 διὰ

143 3629 216 3687 ²5
245 3599 393 3672 τῶν
450 3593 686 3674 αὐτῶν
740 3594 1082 3698 ἔρχεσθαι
1136 3592 1381 3697 λόγων
1430 3591 1557 3674 τὸν
1608 3592 2230 3698 τεθεραπευμένον,
2267 3598 2648 3700 μονονουχὶ

245 3715 683 3801 διανεύοντες
739 3714 1098 3817 ἀλλήλοις
1158 3720 1276 3798 καὶ
1330 3717 1500 3797 λίαν
1555 3719 1911 3820 ἐπιτηρεῖν
1965 3717 2532 3817 διακελευόμενοι
2587 3724 2647 3798 εἰ

324 3952 374 3991 1.
407 3933 601 4007 ἀνέῳξε
637 3934 886 3991 emendat
924 3934 1125 4007 noym.
1162 3935 1231 3990 cf.
1262 3953 1364 4005 sup
1365 3953 1425 3989 ra
1456 3936 1562 4017 ⁶¹3
1589 3936 1644 3991 d.
1674 3935 1754 4008 [et
1788 3937 1866 3992 ita
1898 3934 1977 4007 a.]
1985 3934 2229 4075 5ἦνεωζεν
2249 3934 2312 3990 Β.
2338 3934 2512 4060 &aa
2544 3935 2647 3991 Ed.

287 4006 422 4060 ,καὶ
450 4005 635 4060 deest
620 4023 678 4060 m
709 4004 771 4060 B.
798 4006 959 4061 habet
981 4023 1031 4061 a.
1150 4006 1452 4070 θεοσεβείας
1477 4006 1602 4075 (⁸10)
1628 4024 1677 4063 a.
1985 4021 2037 4075 5.
2208 4007 2320 4061 ίονα
2437 4006 2648 4078 αἷσχίον

311 4076 458 4141 0.,18τ
483 4085 547 4130 ut
569 4075 789 4131 adnotat
812 4076 1087 4132 Aubertus
1111 4076 1264 4132 etita
1287 4077 1405 4130 vult
1432 4075 1981 4147 Heyne.1.acunam
2009 4030 2125 4132 obm
2108 4077 2162 4131 di
2223 4078 2475 4131 cultatem
2500 4076 2645 4130 Aub.

247 4145 403 4202 Haec
429 4164 538 4201 om.
565 4146 697 4202 Nik.
899 4164 953 4219 9.
986 4145 1157 4238 περὶ]
1167 4152 1227 4211 -Ι-
1255 4147 1348 4216 τὴν
1370 4164 1419 4201 a.
1517 4095 1602 4201 καί
1623 4168 1675 4201 τι
1697 4168 1807 4205 τοις
1827 4147 2132 4218 πρότερον’
2105 4146 2342 4203 εναντίως
2363 4147 2489 4237 ἕχον
2510 4147 2648 4216 ἐρεῖν

248 4217 318 4274 Β.
343 4218 432 4272 καί
459 4240 512 4273 τι
543 4219 653 4274 τοῖς
681 4216 957 4289 προτέροις
988 4217 1215 4273 ἐναντίον
1238 4217 1374 4288 ἐρεῖν
1395 4235 1443 4272 a.
1469 4217 1635 4272 καίτοι
1658 4220 1768 4274 τοῖς
1789 4239 1829 4272 π
1950 4240 2045 4287 ρον
2067 4218 2254 4304 ἔχειν’
2225 4240 2464 4274 εναντιως
2485 4239 2648 4272 ειπειν

248 4287 352 4344 Ht.
378 4286 485 4344 Ed.
668 4303 751 4354 14.
788 4289 910 4359 οὐχὶ
931 4306 980 4345 a.
1005 4289 1067 4343 οὗ
1091 4287 1195 4343 Ed.
1377 4303 1461 4358 17.
1498 4287 1821 4358 δεδραμένων
1872 4288 2244 4359 πεπραγμένων
2266 4305 2315 4342 a.
2343 4287 2463 4342 Cat.
2492 4288 2646 4343 Harl.

250 4361 339 4415 18.
374 4359 502 4448 δοκῃ
537 4374 586 4412 a.
612 4367 667 4413 et
702 4358 778 4413 ita
810 4358 1060 4413 emendat
1097 4359 1219 4428 Hey
1222 4375 1297 4413 so.
1321 4358 1463 4413 δοκεῖ
1495 4358 1599 4412 Ed.
1696 4357 1893 4414 Statum
1926 4359 2225 4430 πεπράχθαι
2258 4357 2563 4428 transponit
2596 4375 2645 4414 a.

246 4445 336 4485 20.
375 4427 457 4485 ἐπ’
483 4427 658 4501 ἐκείνῳ
685 4426 804 4482 Ba.
831 4428 948 4484 Cet.
977 4429 1184 4485 HarL’
1156 4426 1236 4485 «π’
1261 4429 1455 4485 ἐκεῖνον
1480 4428 1581 4483 Ht.
1609 4427 1716 4485 Ed.
1967 4446 2054 4484 21.
2092 4428 2297 4485 συνιδᾶς
2322 4427 2389 4483 Β.
2414 4428 2649 4485 συνειδεσ

240 4500 354 4629 Εἴ.
373 4497 1126 4640 Ἑέἔέῗὲώᾞᾴᾏ
1150 4569 1218 4626 a
1244 4502 1785 4627 &W
1806 4498 2057 4555 ‘'md“
2082 4499 2280 4570 ΒΨ
2399 4498 2648 4568 W
