3238 5158
182 381 301 422 xv.
331 378 390 425 2.
580 360 687 424 IN
748 361 815 424 S.
863 359 1381 424 JOANNEM.
1473 359 1668 424 LIB.
1714 359 1799 424 X.
1890 359 2094 425 CAP.
2143 360 2235 426 II.
2480 361 2605 423 551

187 524 428 625 κρίσει
485 522 561 603 δὲ
617 530 931 625 μᾶλλον,
980 524 1353 605 τουτέστιν
1406 526 1483 604 ἐν
1536 523 1919 630 διασκέψει
1977 528 2094 605 καὶ
2150 525 2409 632 μέτρῳ,
2464 529 2611 603 τῶν

190 645 685 754 καρποφόρων
720 649 766 748 ἡ
804 650 1295 750 διακάθαρσις,
1324 649 1582 751 ὀλίγον
1617 649 1894 753 ἔχουσα
1931 653 2187 755 κομιδῇ
2227 647 2353 728 τὸν
2386 646 2612 728 πόνον

190 777 292 856 εἶς
347 775 844 880 καρποφορίας
908 771 1390 879 παροξυσμὸν
1452 775 1572 853 καὶ
1638 773 2150 875 εὑανθεστέρας
2205 775 2612 874 ἀναδρομῆς

191 892 332 994 τὴν
369 898 694 978 ἐντεῦθεν
727 896 1128 1050 πρόφασιν.
1203 901 1321 977 καὶ
1357 905 1535 999 γοῦν
1571 895 2083 1002 ἀποδεχόμενοι
2120 904 2335 977 τοῦτο
2371 896 2616 991 βοῶσί

3 1137 4 1144 ¹
104 1040 151 1100 5
195 1055 383 1105 τινες
423 1032 465 1069 “
497 1020 810 1125 Κύριε,’
772 1058 849 1101 εν
887 1023 1142 1128 θλίψει
1179 1026 1404 1128 μικρᾷ
1436 1022 1481 1122 ἡ
1516 1021 1803 1102 παιδεία
1837 1056 1980 1101 σου
2013 1022 2243 1121 ἦμῖν.”
2303 1054 2608 1122 σμικρο-
2699 1027 2837 1144 {vi
2866 1094 2943 1144 16.

196 1141 383 1245 τάτη
434 1145 565 1242 μὲν
608 1143 753 1250 γὰρ
802 1146 846 1244 ἡ
896 1155 1027 1227 τοῦ
1076 1146 1665 1248 διακαθαίρεσθαι
1714 1146 1993 1251 θλίψις,
2030 1144 2232 1225 ἀλλὰ
2285 1143 2611 1226 παιδείαν

197 1269 372 1367 ἡμῖν
437 1271 863 1374 παρέχουσα
933 1268 1066 1369 τὴν
1141 1269 1443 1366 ανωθεν,
1511 1270 1902 1371 μακαρίους
1977 1270 2385 1375 ἀποφαι’.νει
2494 1268 2612 1347 καὶ

195 1393 867 1499 παραληφθήσεται
938 1392 1213 1498 μάρτυς
1285 1395 1328 1473 ὃ
1398 1390 1748 1495 μακάριος
1812 1396 2081 1473 Δαυειδ
2155 1426 2341 1472 ουτω
2413 1398 2613 1486 βοῶν
2636 1419 2673 1463 0

200 1528 246 1564 “
290 1516 667 1621 Μακάριος
722 1520 1125 1622 ἅνθρωπος,
1164 1516 1247 1599 ὃν
1297 1515 1386 1598 ἂν
1434 1516 1833 1623 παιδεύσῃς
1886 1516 2131 1621 Κύριε,
2177 1520 2294 1596 καὶ
2353 1518 2430 1596 ἐκ
2486 1524 2614 1596 τοῦ
2703 1510 2790 1634 {³22
2809 1510 2946 1640 3¹¹¹·

202 1651 249 1688 “
291 1638 514 1739 νόμου
561 1676 701 1723 σου
748 1642 1042 1749 διδάξῃς
1092 1640 1333 1741 αὐτὸν,
1369 1650 1499 1722 τοῦ
1546 1638 1857 1743 πραῧναι
1909 1639 2128 1721 αὐτὸν
2164 1638 2291 1746 ἀφ’
2333 1640 2616 1744 ἡμερῶν

202 1775 249 1812 “
287 1769 688 1868 πονηρῶν.”
768 1766 1022 1871 ἡμέραι
1053 1764 1199 1869 γὰρ
1235 1766 1461 1852 ὅντως
1497 1764 1916 1874 ἀποφράδες
1953 1768 2071 1845 καὶ
2115 1767 2425 1868 πονηραὶ
2468 1770 2616 1847 τοῖς

199 1892 727 1989 ἀποτμηθεῖσιν
799 1892 1165 1977 ὁλοτελῶς
1250 1893 1369 1971 καὶ
1442 1896 1541 1976 εἶς
1610 1890 1924 1970 κόλασιν
1996 1888 2131 1989 τὴν
2200 1886 2319 1969 διὰ
2392 1884 2618 1990 πυρὸς

197 2015 774 2120 κατοιχήσεσθαι
825 2012 1256 2115 μέλλουσιν,
1294 2021 1367 2095 αἱ
1419 2019 1548 2115 τῆς
1597 2011 2003 2095 ἀδεκάστου
2052 2014 2375 2118 κρίσεως,
2415 2009 2628 2091 ἀλλὰ·

197 2136 369 2220 τότε
403 2148 552 2226 τοῖς
586 2141 1116 2238 παιδευομένοις
1153 2138 1632 2242 καταπραῧνει
1671 2138 1880 2224 Θεός.
1959 2138 2202 2238 τελοίη
2253 2135 2399 2241 γὰρ
2447 2136 2538 2218 ἂν
2575 2138 2616 2215 ὁ

1 1849 12 1859 .

3 2253 19 2292 Γ
62 2294 99 2335 1
114 2287 164 2350 5
198 2272 524 2348 τοιοῦτος
579 2266 908 2366 οὐδαμῶς
961 2267 1037 2346 ἐν
1092 2271 1241 2350 τοῖς
1298 2264 1436 2345 ὑπὸ
1490 2265 1732 2369 κρίσιν
1774 2267 1893 2344 καὶ
1949 2264 2282 2362 κόλασιν,
2330 2264 2615 2367 ε’πείπερ

1 2379 23 2427 ³
200 2388 339 2469 οὐκ
387 2388 715 2492 ἄκαρπον
757 2390 1012 2491 γέγονε
1066 2388 1338 2495 κλῆμα..
1417 2386 2186 2492 συμπαραζευγνύσθω
2236 2396 2618 2491 τοιγαροῦν

200 2517 300 2619 τῇ
354 2516 483 2613 τῆς
535 2512 853 2600 πίστεως
908 2514 1264 2622 ὁμολογίᾳ
1320 2516 1435 2596 καὶ
1487 2514 1532 2614 ἡ
1588 2510 1710 2594 διὰ
1763 2519 1908 2594 τῶν
1954 2512 2185 2616 ἔργων
2235 2510 2612 2617 θερμότης,
2644 2534 2688 2600 d

203 2640 330 2717 καὶ
365 2640 716 2719 συνθείτω
753 2646 901 2723 τοῖς
937 2641 1104 2743 περὶ
1141 2644 1336 2719 Θεοῦ
1372 2637 1622 2740 λόγοις
1656 2636 1749 2717 τὰ
1783 2635 2201 2740 πράγματα.
2275 2633 2437 2715 τότε
2474 2633 2620 2738 γὰρ

202 2758 375 2841 τότε
409 2761 869 2862 συνεσόμεθα
912 2768 1015 2871 τῷ
1052 2767 1381 2870 Χριστῷ,
1419 2766 1537 2842 καὶ
1589 2766 1718 2861 τῆς
1766 2795 1949 2864 προς
1999 2758 2217 2841 αὐτον
2252 2762 2620 2845 κοινωνίας

3 2874 8 2937 3
57 2922 169 2966 20
202 2883 345 2985 τὴν
397 2885 697 2988 δυναμιν
755 2890 1069 2994 ἀσφαλῆ
1123 2921 1202 2968 τε
1258 2891 1377 2967 καὶ
1430 2889 1739 2984 βεβαίαν
1796 2920 2139 2989 ευροιμεν,
2182 2918 2310 2964 τον
2357 2885 2436 2963 ἐκ
2491 2888 2618 2984 τῆς

1 3030 23 3065 ³*
200 3013 577 3110 ἀποτομῆς
612 3009 1117 3116 διαφευγοντες
1154 3012 1504 3092 κίνδυνον.

1 3146 21 3161 ’
326 3134 626 3238 Εἴρηται
662 3134 738 3215 δὲ
776 3143 1004 3215 ταῦτα
1041 3139 1195 3216 νυνὶ
1230 3137 1398 3238 παρ’
1439 3136 1664 3235 ἡμῶν,
1700 3135 1986 3237 ἐπείπερ
2023 3130 2245 3214 ε’δόκει
2288 3167 2612 3233 πνευμα-

196 3262 424 3343 τικῶς
460 3264 552 3364 τῇ
590 3265 737 3339 τῶν
770 3259 1251 3363 προκειμένων
1288 3261 1546 3368 θεωρίᾳ
1582 3257 2116 3362 προσβάλλειν·
2177 3256 2361 3342 εἰκὸς
2403 3256 2481 3337 δὲ
2525 3256 2616 3358 δή

196 3416 279 3463 τι
337 3387 454 3463 καὶ
511 3383 751 3486 ἕτερον
794 3383 1066 3465 ἐθέλειν
1110 3387 1521 3485 ὑποδηλοῦν
1568 3383 1695 3464 τὸν
1738 3381 2009 3485 Κύριον
2047 3381 2165 3464 διὰ
2213 3390 2343 3463 τοῦ
2393 3380 2615 3489 φάναι
2641 3415 2677 3460 e

1 3517 29 3566 -:=
54 3544 163 3607 25
200 3512 476 3614 σαφῶς
522 3511 674 3589 niv
725 3506 971 3612 κλῆμα
1021 3511 1080 3590 ἐν
1128 3511 1270 3612 ἐμοὶ
1328 3506 1425 3616 μῆ
1482 3509 1671 3616 φέρον
1724 3504 1978 3615 ›capu-bv
2024 3508 2188 3615 αἴρει
2243 3507 2428 3605 αὐτὶ,
2490 3511 2613 3589 καὶ

3 3660 6 3665 “
202 3633 358 3714 πᾶν
399 3629 473 3712 r&
532 3636 985 3742 καρποφοροῧν
1034 3632 1329 3740 καθαίρει
1384 3630 1571 3732 αιῦτδ,
1608 3633 1722 3714 ‘lm
1783 3633 2037 3741 καρπὶν
2088 3636 2374 3715 πλείονα.
2428 3631 2612 3748 φέρῃ.

208 3754 466 3862 κλῆμα
534 3755 678 3859 γὰρ
747 3753 943 3857 οἶμαι
1016 3753 1100 3838 τὸ
1169 3765 1261 3863 τῇ
1335 3766 1465 3838 τοῦ
1532 3755 1827 3860 Πατρὸς
1897 3759 2262 3866 ἀποτομία
2326 3761 2456 3859 τῆς
2520 3763 2618 3843 εἰς

204 3878 546 3984 Χριστὸν
600 3882 964 3965 κοινωνίας
1029 3883 1624 3981 ἀπεσπασμένον,
1679 3881 1809 3963 τὸν
1873 3888 1971 3967 εἰς
2036 3883 2425 3986 εὐκαρπίαν
2489 3883 2617 3964 οὐκ

1 4030 23 4075 1³¹
200 4003 605 4105 επιτήδειον
667 4012 812 4086 τῶν
876 4006 1243 4087 Ἰουδαίων
1312 4007 1644 4107 σημαίνει
1718 4005 1923 4105 λαὸν,
1987 4005 2092 4091 οἷς
2167 4009 2285 4086 καὶ
2360 4005 2617 4113 ἀξίνην
2705 4014 2954 4131 {3⁰³2ng-

48 4166 169 4227 30
200 4128 836 4233 ἐπενεχθήσεσθαί
866 4135 1099 4238 φησιν
1136 4132 1177 4210 ὃ
1214 4130 1732 4236 τρισμακάριος
1767 4128 2125 4229 Ἰωάννης,
2160 4132 2333 4232 πυρὶ
2368 4164 2611 4232 παρα-

200 4252 662 4353 δοθήσεσθαι
699 4254 936 4356 λέγων
973 4252 1057 4335 τὸ
1094 4253 1672 4356 ἀποτεμνόμενον
1709 4254 2024 4358 δένδρον·
2084 4252 2180 4333 τὰ
2222 4252 2300 4335 δὲ
2341 4255 2617 4339 τελείας

1 2766 21 2810 t

1 3388 31 3429 1‘

288 4473 376 4512 10.
413 4457 571 4513 αὐτὸν
593 4458 687 4514 alt.
714 4457 782 4513 E.
807 4459 919 4530 (13.
946 4459 1013 4513 al.
1020 4458 1040 4529 )
1067 4459 1210 4553 αὐτῷ
1231 4457 1799 4515 Ed.11-1
1866 4459 2034 4515 citant
2059 4458 2285 4514 Niketas
2312 4456 2619 4528 Catenaque

201 4529 354 4586 alia·
340 4545 397 4583 m
426 4528 699 4583 Psalmum
727 4529 816 4585 cit.
1036 4547 1119 4601 13.
1156 4528 1210 4585 οἳ
1235 4529 1340 4586 Ed.
1365 4530 1572 4585 correxi
1596 4549 1662 4586 ex
1690 4530 1755 4586 E.
1864 4539 1929 4585 tt.
2154 4542 2238 4599 17.
2276 4528 2526 4597 θερμότης
2551 4525 2615 4579 Ε.

200 4599 505 4674 <tumme
530 4598 633 4654 nd
