3238 5158
587 341 717 407 362
1194 343 1273 409 Β.
1318 342 1733 409 CYRILLI
1794 343 2368 410 ALEXANDR.
2721 335 2861 401 xiii.
2893 351 3006 398 21.

589 508 866 592 τούτοις
899 507 1031 606 μὲν
1067 509 1285 589 αὐτοῦ
1321 517 1470 595 τοῖς
1512 509 1795 613 ῥήμασι
1843 509 1927 592 τὸ
1982 511 2100 590 διὰ
2149 514 2279 610 τῆς
2329 505 2683 616 εὐφημίας
2721 497 3000 601 δηλού-

590 666 810 731 μενον
854 634 1124 712 κατίδοι
1178 665 1285 717 τις
1341 634 1458 713 ἅν.
1537 638 1936 733 μετατιθεὶς
1992 633 2069 713 δὲ
2123 633 2209 714 τὸ
2263 630 2581 713 ἐναντίον
2623 625 2806 731 πρὸς
2858 620 3006 721 τὴν

592 745 913 860 θεωρίαν,
952 753 1084 855 τὴν
1120 763 1249 837 τοῦ
1281 756 1642 860 προδότου
1677 756 2112 853 δυσσέβειαν
2150 760 2280 838 οὐκ
2327 762 2425 841 εἷς
2468 751 2692 853 μόνον
2727 747 3001 853 ὄψεται

589 881 1106 975 διαβαίνουσαν
1160 916 1287 962 τον
1339 880 1544 980 Υιὸν,
1600 881 1806 961 ἀλλὰ
1870 917 1990 963 και
2050 888 2149 966 εἷς
2213 878 2431 962 αὐτον
2485 912 2615 959 τον
2673 871 2997 975 Πατέρα.

590 1001 856 1104 τρόπος
909 1013 1292 1107 τοιγαροῦν
1337 1007 1640 1105 ἀπειλῆς
1690 1040 1776 1086 το
1825 1006 2190 1110 εἷρημενον
2223 1008 2446 1101 ἐστὶν,
2482 995 3002 1106 εὐφημοτέροις
3031 1019 3072 1079 5

592 1125 669 1206 δὲ
722 1126 1001 1230 ῥήμασι
1054 1130 1733 1232 προκεκομισμένος,
1788 1128 2153 1232 παριστάς
2208 1162 2288 1209 τε
2348 1123 2600 1228 ὥσπερ
2663 1120 2782 1204 διὰ
2844 1125 3000 1200 τῶν

590 1251 993 1356 ἀριστερῶν
1029 1252 1112 1333 τὸ
1149 1251 1613 1353 δηλούμενον.
1691 1288 1910 1356 ονπερ
1958 1251 2102 1357 γὰρ
2138 1250 2406 1356 τρόπον
2441 1283 2570 1330 τον
2606 1250 2991 1327 ἀπεσταλ-

524 1383 566 1449 d
590 1374 806 1475 με’νον
838 1375 1040 1478 παρὰ
1077 1382 1268 1458 Θεοῦ
1305 1376 1591 1485 δέξεταί
1617 1411 1728 1462 τις
1762 1384 1909 1458 τῶν
1944 1379 2109 1457 καθ’
2151 1377 2354 1476 ἡμᾶς,
2382 1380 2531 1457 τοῖς
2566 1372 2734 1472 παρ’
2774 1369 3001 1449 αὐτοῦ

592 1501 1027 1586 συναινεὲτας
1102 1500 1374 1606 λόγοις,
1441 1503 1559 1581 καὶ
1632 1499 1752 1582 διὰ
1824 1509 1953 1581 τοῦ
2015 1504 2331 1605 τηρῆσαι
2399 1496 2486 1578 τὸ
2559 1491 2991 1589 θεσπισθὲν,

591 1623 904 1726 τιμήσας
974 1624 1103 1705 τὸν
1166 1624 1716 1725 κηρυττόμενον·
1805 1627 1959 1706 κατ’
2027 1623 2245 1705 αὐτὸν
2307 1620 2504 1724 οἶμαι
2575 1618 2704 1700 τὸν
2764 1615 3000 1720 λόγον
3035 1649 3118 1690 10

594 1747 1022 1855 ὖποδέξαιτό
1077 1782 1186 1832 τις
1239 1745 1333 1827 ἀν
1385 1747 1515 1829 τὸν
1569 1749 1863 1853 Κύρων,
1910 1753 2028 1829 καὶ
2082 1749 2170 1829 δι’
2224 1748 2442 1828 αὐτοῦ
2497 1743 2627 1825 τὸν
2672 1741 2997 1846 Πατέρα,

592 1870 958 1951 πιστεύων
1022 1877 1119 1955 εἰς
1181 1871 1384 1952 Υἶόν.
1488 1872 1982 1977 συνειστρέχει
2044 1870 2185 1976 γὰρ
2250 1872 2353 1979 τῷ
2415 1865 2803 1973 γεννήματι
2865 1872 3002 1945 τοῦ

593 1992 926 2078 τεκόντος
989 1994 1035 2093 ἡ
1101 1994 1443 2095 δήλωσις.
1546 1998 1588 2075 ὃ
1654 1994 1798 2099 γὰρ
1860 1995 2052 2080 ὅλως
2114 1993 2297 2076 Υὶὸν
2356 1990 2530 2074 εἶναι
2592 1989 3001 2073 πιστεύσας

596 2114 835 2214 αὐτὸν,
888 2116 1333 2221 ὁμολογήσει
1392 2118 1482 2221 δὴ
1535 2118 1825 2205 πάντως
1879 2119 2010 2200 τὸν
2066 2117 2432 2227 φύσαντα.
2512 2112 2818 2223 φρικτὸν
2872 2113 3004 2193 οὖν

595 2241 741 2343 ἄρα
774 2249 904 2321 τοῦ
939 2240 1297 2346 προδότου
1339 2242 1424 2323 τὸ
1470 2251 1711 2349 κρῖμα,
1748 2246 1867 2325 καὶ
1914 2249 2014 2328 είς
2062 2241 2279 2324 αὐτὸν
2315 2239 2835 2348 ἐξυβρίσαντος
2867 2234 3002 2317 τὸν
3031 2271 3113 2330 15

599 2362 791 2444 Θεὸν
829 2367 947 2443 καὶ
992 2365 1285 2468 Πατέρα
1343 2365 1460 2447 διὰ
1515 2371 1646 2467 τῆς
1700 2373 1799 2452 εἶς
1852 2365 1981 2447 τὸν
2015 2365 2197 2447 Υἱὸν
2233 2363 2682 2459 δυσσεβείας.
2759 2359 2807 2462 ἢ
2852 2359 3000 2464 γὰρ

538 2522 575 2567 ο
599 2486 691 2567 ἂν
732 2487 1178 2597 παρεδέξατο
1234 2492 1351 2569 καὶ
1400 2488 1754 2591 τετίμηκε,
1792 2488 2098 2595 γνήσιον
2135 2490 2418 2573 ὑποθεὶς
2467 2491 2564 2572 ὡς
2611 2487 2856 2598 Κυρίῳ
2911 2483 3000 2565 τὸ

599 2611 963 2721 φρόνημα,
1001 2619 1059 2694 εἶ
1107 2612 1597 2724 ἀνενδοιάστῳ
1647 2622 1739 2720 τῇ
1787 2616 2029 2696 πίστει
2064 2612 2255 2696 Θεὸν
2298 2612 2639 2717 ὑπάρχειν
2679 2614 2756 2691 ἐκ
2804 2615 3001 2691 Θεοῦ

599 2735 1178 2838 καθωμολόγησε
1234 2736 1362 2818 τὸν
1405 2739 1607 2838 Υὶὸν,
1665 2745 1992 2845 αἰσχρῶν
2046 2773 2125 2819 τε
2180 2734 2582 2840 λημμάτων
2635 2734 3001 2839 κρείττονα

598 2859 733 2961 τὴν
784 2865 883 2945 εἷς
936 2858 1155 2942 αὐτὸν
1210 2860 1504 2965 ἀγάπην
1559 2864 1600 2943 ὃ
1658 2864 1967 2948 δείλαιος
2020 2862 2435 2963 ἐποιήσατο,
2483 2861 2652 2940 ἀλλ’
2703 2859 2854 2939 οὐδ’
2910 2856 3001 2938 ἂν
3033 2893 3119 2935 20

598 2979 795 3084 οἶμαι
845 2982 1206 3089 προδότης
1256 2984 1498 3085 ἀλοῦς,
1539 2986 1828 3088 ἄμεινον
1864 2988 2093 3096 ἑαυτῷ
2143 2984 2228 3067 τὸ
2278 2982 2616 3088 μηδόλως
2662 2981 3004 3088 γενέσθαι
3091 3082 3100 3087 “

597 3106 1168 3213 παρεσκεύασεν.

499 3342 571 3385 21
600 3328 826 3397 Ταῦτα
879 3326 1085 3396 εἰπὼν
1129 3331 1168 3397 ὁ
1204 3329 1461 3398 Ἰησοῦς
1512 3333 1844 3423 ἐταράχθη
1898 3338 1997 3419 τῷ
2041 3333 2379 3413 πνεύματι,
2429 3331 2536 3395 καὶ
2588 3330 3000 3417 ἐμαρτύρησε

703 3454 812 3518 καὶ
879 3448 1061 3522 εἶπεν
1113 3456 1322 3536 'Am-lv
1391 3457 1569 3537 ἅμι-ἰν
1631 3458 1806 3532 λὲΓω
1876 3452 2025 3534 ὑμῖν
2084 3459 2189 3525 ὅτι
2243 3450 2346 3523 εἷο
2417 3456 2489 3525 ἐξ
2551 3455 2733 3532 ὑμῶν
2790 3476 3004 3542 παρα-

703 3578 906 3647 δώσει
954 3604 1059 3659 με.
3035 3592 3116 3654 ²5

268 3760 403 3820 ’184
416 3759 500 3815 Δ.
544 3774 582 3816 a
718 3747 865 3823 Καὶ
916 3745 1054 3825 τίνι
1101 3750 1247 3826 τῶν
1283 3744 1513 3827 ὄντων
1550 3745 1680 3827 οὐκ
1730 3745 1822 3827 ἂν
1859 3747 2135 3850 γε’νοιτο
2184 3745 2445 3854 σαφὲς,
2483 3749 2579 3831 ὦς
2629 3747 2790 3826 οὔτε
2840 3749 2995 3825 δια-

603 3868 817 3966 νοίας,
855 3870 1019 3948 οὔτε
1072 3868 1218 3971 μὴν
1268 3868 1515 3974 λόγων
1561 3870 1606 3970 ἡ
1664 3871 1970 3976 ἡμετέρα
2025 3871 2251 3978 φύσις
2303 3872 2604 3974 εὐπορεῖ,
2641 3872 2727 3950 δι’
2769 3865 2869 3948 ὧν
2913 3866 3006 3948 ἂν

604 3992 890 4074 δύναιτο
925 3991 1148 4100 τυχὸν
1183 3992 1643 4097 ἀνεγκλήτως
1689 4028 1768 4075 τε
1818 3999 1934 4077 καὶ
1985 3995 2451 4079 ἀδιαπτώτως
2496 3999 2712 4075 εἰπεῖν
2747 3991 2842 4073 τὰ
2877 3996 3005 4091 τῆς

602 4113 795 4201 θείας
858 4151 936 4198 τε
1000 4122 1119 4198 καὶ
1177 4117 1490 4223 ἀῤῥήτου
1546 4116 1840 4223 φύσεως
1899 4117 2091 4215 ἵδια;
2176 4117 2294 4199 διὰ
2335 4125 2571 4231 ,τοῦτο
2627 4122 2776 4201 τοῖς
2835 4113 3003 4196 καθ’

603 4237 864 4342 ἑαυτὴν
902 4243 1347 4346 ύπηρετεῖται
1399 4242 1650 4345 λόγοις
1694 4237 1880 4346 πρὸς
1931 4242 2231 4348 μετρίαν
2265 4241 2617 4350 ἐξήγησιν
2648 4246 2797 4320 τῶν
2832 4236 3006 4343 ὑπὲρ
3032 4275 3114 4334 30

675 4431 730 4488 6.
768 4432 851 4488 καὶ
914 4452 974 4489 ro
997 4435 1055 4490 δὲ
1082 4436 1148 4491 Ε.
1282 4435 1769 4508 προκεκοσμημένος
1793 4436 1919 4507 (sio)
1944 4436 2010 4492 Ε.
2256 4437 2311 4493 8.
2347 4436 2551 4506 δέξεται
2577 4435 2642 4491 Ε.
2667 4435 2875 4502 δέξηται
2901 4431 3007 4489 Ed.

602 4524 708 4629 ἔιδον
730 4520 1182 4647 (ἅὶνὲςητῖὶάν
1208 4577 1310 4632 Ed
1365 4507 1448 4562 16.
1486 4507 1544 4579 ἢ]
1569 4505 1649 4563 ἶσ.
1672 4506 1849 4563 dm.
1873 4524 1988 4580 mg.
2297 4523 2384 4579 27.
2418 4506 2684 4579 λόγωνΕ.
2708 4503 3007 4576 λόγουΕᾶ.
