3238 5158
215 359 359 426 xiii.
388 362 492 447 38.
805 359 921 424 IN
983 361 1047 425 S.
1099 359 1610 425 JOANNEM.
1706 360 1895 425 LIB.
1943 360 2064 425 IX.
2500 361 2630 426 397

218 525 565 628 κρείττων
598 524 735 630 ἕσῃ
785 531 931 605 τῶν
974 525 1340 625 ἐσομένων
1377 523 1968 622 ὑπολαμβάνεις;
2035 524 2238 603 ἀλλά
2288 532 2416 604 τοῦ
2466 558 2624 605 πει·-

216 657 520 752 ρασμοῦ
555 646 639 730 τὸ
675 649 906 752 βάρος
943 650 1072 728 οὐκ
1108 648 1529 729 ἐπίστασαι·
1590 652 1674 728 οὐ
1725 647 1869 753 γὰρ
1920 647 2284 752 ἀραρότως
2331 648 2624 752 προκεί-

220 807 439 853 σεται
497 771 583 853 τὸ
642 780 920 871 παθεῖν,
982 776 1107 853 σοὶ
1172 771 1249 852 δὲ
1314 772 1398 853 τὸ
1455 777 2016 881 μικροψυχῆσαι
2080 775 2249 853 λίαν
2314 774 2430 851 καὶ
2495 773 2632 877 οὐχ

220 894 458 978 ἑκόντι
513 896 1000 997 συμβήσεται,
1050 899 1169 976 καὶ
1224 898 1456 1012 ἀρνήσῃ
1512 932 1604 1002 με
1659 905 1813 1003 τρὶς,
1857 900 1979 976 καὶ
2031 898 2107 976 ἐν
2163 898 2361 976 νυκτὶ
2416 904 2630 975 τοῦτο
2654 906 2696 969 b

149 1038 192 1099 5
223 1021 404 1102 αὐτὸ
475 1028 631 1130 μιᾷ.
746 1022 959 1101 ταυτί
1031 1055 1187 1105 πως
1269 1019 1551 1100 οἴεσθαι
1635 1020 1871 1123 λέγειν
1945 1018 2433 1120 ὑποτοπητέον
2503 1019 2632 1100 τὸν

221 1148 544 1247 Ἰησοῦν·
612 1144 986 1245 θαυμάσαι
1036 1144 1266 1248 γεμὴν
1302 1146 1438 1224 κάν
1474 1144 1708 1253 τούτῳ
1759 1143 1847 1245 δὴ
1896 1144 2124 1225 πάλιν
2159 1143 2292 1245 τὴν
2328 1147 2634 1224 ἐνοῦσαν

224 1271 422 1378 αὐτῷ
480 1270 1031 1377 φιλανθρωπίαν
1086 1268 1317 1376 ἄξιον·
1396 1267 1836 1371 προειρηκὼς
1898 1269 2062 1372 γάρ,
2120 1267 2231 1348 ὅτι
2291 1274 2392 1375 τῷ
2449 1267 2634 1376 τόνῳ

223 1397 356 1492 τῆς
431 1393 734 1495 ἐνούσης
805 1394 999 1500 αὐτῷ
1059 1395 1464 1496 προθυμίας
1533 1392 1579 1492 ἢ
1651 1397 1778 1493 τῆς
1850 1397 2096 1501 ψυχῆς
2173 1427 2307 1498 ουχ
2383 1392 2638 1496 ἕψεται

228 1518 548 1617 δύναμις,
599 1516 905 1598 ὀκλάσει
954 1513 1188 1619 γεμὴν
1235 1520 1353 1596 καὶ
1402 1515 1799 1597 ὑπενδωσει
1849 1526 2224 1613 τοσοῦτον,
2278 1550 2470 1595 ωστε
2521 1520 2638 1596 καὶ

109 1676 205 1719 10
232 1674 416 1744 προς
464 1641 689 1741 μόνον
724 1645 1046 1723 ἀπειπεῖν
1083 1675 1211 1722 τον
1247 1650 1377 1722 τοῦ
1424 1641 1752 1722 κινδύνου
1801 1641 2062 1749 φόβον,
2101 1640 2375 1721 ουδὲν’
2338 1641 2631 1742 επηπεί-

230 1778 446 1864 λησε,
504 1765 620 1845 διὰ
679 1774 890 1845 τοῦτο
952 1764 1194 1869 τυχὸν,
1253 1769 1351 1850 ὡς
1416 1766 1570 1844 οὐδ’
1633 1763 1770 1845 ὑπὸ
1831 1766 2027 1847 θείαν
2083 1766 2290 1845 ἔσται
2355 1767 2642 1867 κίνησιν

225 1888 454 1991 λέγει·
543 1892 661 1969 καὶ
727 1887 845 1969 διὰ
902 1891 1120 1970 ποίαν
1186 1889 1418 1970 αἰτίαν
1457 1951 2629 1972 ................................

227 2012 540 2095 παθόντι
586 2015 674 2095 δέ
711 2049 780 2094 τι
818 2021 963 2094 τῶν
1000 2013 1474 2117 ἀνθρωπίνων
1506 2015 1634 2094 οὐκ
1673 2014 2106 2095 ἐπανατείνει
2136 2013 2270 2115 τὴν
2305 2015 2637 2098 κόλασιν.
2665 2048 2702 2091 ο

228 2138 382 2243 ᾔδει
455 2138 602 2241 γὰρ
670 2141 1136 2218 ἀσθενοῦσαν
1200 2136 1302 2217 ἔτι
1374 2136 1509 2238 τὴν
1574 2138 1827 2244 φύσιν,
1893 2142 2009 2219 καὶ
2084 2141 2169 2219 οὗ
2243 2141 2640 2241 δυναμένην

113 2291 204 2354 15
232 2265 545 2364 ἐνεγκεῖν
583 2272 713 2343 τοῦ
749 2261 1065 2342 θανάτου
1101 2258 1234 2360 τὴν
1269 2261 1601 2362 ἀπειλήν.
1680 2264 1879 2343 οὔπω
1931 2261 2076 2367 γὰρ
2122 2266 2320 2345 οὔπω
2366 2299 2633 2369 κατηρ-

231 2388 545 2491 γημένος
601 2385 718 2466 διὰ
771 2391 901 2486 τῆς
954 2385 1426 2470 ἀναστάσεως
1482 2388 1722 2485 αὐτοῦ,
1760 2393 1888 2486 τῆς
1943 2385 2285 2469 ἁπάντων
2331 2392 2642 2474 διανοίας

235 2509 830 2615 κατεθρασύνετο,
870 2512 986 2591 καὶ
1038 2508 1277 2595 ἱκανὸς
1325 2507 1417 2611 ἦν
1460 2510 1563 2591 ἔτι
1613 2515 1730 2591 καὶ
1779 2508 1977 2620 μόνῳ
2027 2517 2483 2616 συνθραῦσαι
2537 2525 2642 2623 τῷ

240 2637 513 2735 δείματι
569 2639 687 2715 καὶ
736 2633 863 2716 τὸν
913 2631 1215 2742 σφόδρα
1265 2632 1588 2714 νεανικὸν
1639 2638 1759 2714 καὶ
1806 2634 2035 2716 δεινὸν
2081 2643 2176 2721 εἶς
2226 2640 2636 2735 εὐτολμίαν.

238 2768 584 2842 παθοῦσα
619 2758 763 2862 γὰρ
799 2756 1000 2863 παρὰ
1045 2759 1276 2867 φύσιν
1310 2759 1355 2859 ἡ
1409 2757 1636 2866 φύσις
1686 2757 1814 2839 τὸν
1850 2759 2181 2861 θάνατον,
2219 2765 2317 2846 ὡς
2361 2796 2634 2861 νενικη-

123 2923 214 2966 20
242 2884 399 2966 κότι
449 2891 885 2989 παραχωρεῖ,
939 2889 1233 2982 μᾶλλον
1288 2883 1365 2963 δὲ
1418 2883 1820 2990 παρεχώρει
1875 2881 2060 2964 τότε·
2131 2883 2644 2992 διαρῤήξαντος

241 3007 322 3090 δὲ
385 3017 514 3089 τοῦ
575 3012 913 3112 Σωτῆρος
976 3007 1180 3106 ἡμῶν
1242 3005 1336 3088 τὰ
1399 3007 1662 3088 ἐκείνου
1727 3007 1985 3108 δεσμὰ,
2048 3007 2319 3112 γλυκὺς
2382 3011 2642 3091 ἀναπέ-
2668 3030 2713 3095 d

242 3140 511 3240 φανται
582 3138 730 3216 τοῖς
804 3134 1152 3233 ἀγαπῶσι
1226 3130 1582 3237 Χριστὸν,
1651 3137 1712 3212 εἶ
1787 3135 1904 3213 καὶ
1977 3136 2271 3237 προσίοι
2342 3140 2640 3237 πικρῶς·

241 3257 758 3355 ἀντεισβέβηκε
824 3255 969 3359 γὰρ
1034 3256 1079 3354 ἡ
1145 3256 1424 3342 αἰώνιος
1486 3256 1654 3361 ζωὴ,
1722 3257 1805 3337 τὸ
1871 3262 2000 3357 τῆς
2064 3263 2344 3364 φθορᾶς
2411 3292 2645 3362 παρα-

242 3381 529 3461 λύουσα
573 3376 854 3483 κράτος.
937 3380 1199 3460 οἰέσθω
1251 3378 1328 3460 δὲ
1376 3378 1604 3461 πάλιν
1641 3383 1946 3463 ἐνταῦθα
1993 3386 2235 3485 μηδεὶς
2288 3383 2654 3487 ἠρνῆσθαί

132 3538 214 3601 25
243 3539 322 3585 τε
358 3508 474 3585 καὶ
512 3508 865 3604 ἀτονῆσαι
900 3503 1029 3584 τὸν
1068 3505 1373 3609 Πέτρον,
1415 3503 1532 3585 διὰ
1581 3505 1665 3586 τὸ
1713 3508 1910 3611 ῥῆμα
1946 3512 2302 3611 Χριστοῦ·
2371 3509 2456 3587 οὖ
2500 3506 2645 3610 γὰρ

246 3628 566 3732 ἀνάγκην
600 3631 951 3726 ἐπιτιθεὶς,
988 3631 1160 3708 ἀλλ’
1202 3628 1364 3708 οὐδὲ
1415 3631 1494 3709 ἐκ
1535 3631 1701 3726 βίας
1741 3630 1974 3711 ἕλκων
2010 3635 2109 3715 εἰς
2145 3630 2229 3711 τὸ
2265 3636 2519 3713 παθεῖν
2556 3628 2649 3711 τὰ

246 3752 539 3834 τοιαῦτά
574 3758 827 3859 φησιν·
885 3753 1057 3831 ἀλλ’
1097 3751 1275 3856 ὅπερ
1312 3750 1519 3853 οἶδεν,
1558 3757 1655 3840 ὡς
1693 3752 1901 3854 Θεὸς,
1938 3753 2228 3840 πάντως
2266 3758 2382 3835 καὶ
2420 3758 2649 3854 ἀναμ-

249 3876 650 3985 φιλόγως’
614 3877 961 3977 εσόμενον
995 3877 1340 3980 προλέγει
1378 3884 1479 3986 τῷ
1512 3883 1827 3984 μαθητῇ.

385 4000 680 4100 Ἐπειδὴ
753 3998 832 4080 δὲ
910 4035 1004 4080 τα
1072 4008 1223 4084 τοῖς
1306 4003 1790 4108 ἀρχαιοτέροις
1865 4002 2390 4104 συμβεβηκότα
2463 4003 2648 4109 πρὸς
2741 4029 2792 4134 ἑ
2787 4016 2903 4133 01011'

141 4159 222 4217 30
250 4125 630 4204 νουθεσίαν
682 4130 829 4205 τῶν
883 4125 1035 4225 μετ’
1087 4122 1345 4209 αὐτους
1398 4125 1958 4230 ἀναγεγραπται,
2016 4127 2190 4234 φερε
2246 4126 2335 4229 δή
2390 4162 2460 4208 τι
2518 4128 2712 4215 λε’θ-

245 4281 486 4349 γωμεν
522 4255 667 4328 τῶν
704 4246 1115 4350 ἀναγκαίων
1160 4253 1260 4335 εἶς
1308 4249 1564 4352 ὄνησιν
1600 4252 1681 4330 ἐκ
1733 4258 1861 4331 τοῦ
1915 4253 2318 4357 κεφαλαίου
2367 4286 2644 4352 κεκινη-

244 4372 463 4472 μένοι.
543 4372 627 4451 οὖ
679 4370 824 4477 γὰρ
883 4368 1079 4473 οἶμαι
1135 4377 1280 4453 δεῖν
1327 4369 1928 4477 ἐπαγγέλλεσθαί
1976 4409 2045 4456 τι
2100 4375 2499 4481 προχείρως
2551 4382 2655 4483 τῷ

467 4618 550 4657 12.
590 4603 690 4659 Est
713 4621 946 4660 vacuum
972 4612 1024 4659 et
1049 4605 1107 4659 in
1133 4605 1199 4661 E.
1901 4623 1991 4662 21.
2024 4604 2351 4678 ἅναπέφαται
2376 4604 2443 4659 Ε.
