3238 5158
622 347 706 410 72
1229 349 1306 414 B.
1355 349 1773 415 CYRILLI
1835 349 2415 415 ALEXANDR.
2758 366 2893 408 vm
2919 356 3026 427 37.

619 513 1179 615 συναγείρουσα,
1214 521 1369 599 ταῖς
1408 514 1603 599 ἴσαις
1647 521 1794 595 τῶν
1830 518 2126 616 ἀγαθῶν
2163 513 2374 599 ἰδέαις
2422 506 3030 610 ἐπισεμνύνεσθαι

618 643 826 734 ποιεῖ,
868 638 1246 738 ἀναλόγως
1284 637 1359 718 δὲ
1410 639 1686 724 τούτοις
1737 643 1856 720 καὶ
1904 638 1991 720 τὸ
2040 641 2381 719 ἐναντίον.
2459 639 2608 717 ἐπεὶ
2645 630 2828 713 κατὰ
2862 631 3027 710 τίνα

620 756 894 861 τρόπον
947 758 1093 840 ἀπὸ
1149 766 1284 862 γῆς
1339 762 1537 848 ὄντες
1595 764 1814 862 ἡμεῖς,
1871 767 1989 843 καὶ
2053 767 2132 843 ἐκ
2191 769 2435 860 πηλοῦ
2499 756 3021 860 διηρτισμένοι,

622 883 808 961 κατὰ
849 883 933 963 τὸ
983 884 1502 988 γεγραμμένον,
1539 896 2072 992 χρηματιοῦμεν
2105 894 2234 967 τοῦ
2272 882 2563 965 πάντων
2600 879 3021 975 Δεοπότου,

283 1024 423 1148 iffi
440 1022 524 1147 SAS·
561 1038 599 1078 a
622 1007 944 1111 καθάπερ
998 1010 1124 1089 οὖν
1180 1011 1220 1088 ὁ
1282 1008 1578 1093 Παῦλός
1635 1018 1824 1115 φησι
1876 1020 1921 1056 “
1951 1009 2164 1093 Γένος
2220 1010 2346 1089 οὖν
2402 1005 2837 1110 ὑπάρχοντες
2893 1010 3026 1081 τοῦ
3054 1021 3089 1083 5

283 1134 531 1228 Ap.1vii'.
624 1141 670 1177 “
698 1137 890 1211 Θεοῦ
913 1134 977 1226 ;”
1020 1133 1611 1235 ὁμολογουμένως
1649 1132 1781 1234 μὲν
1809 1132 1952 1236 γὰρ
1989 1140 2363 1236 συγγενεῖς
2395 1128 2794 1234 γεγόναμεν
2829 1128 3028 1231 αὐτῷ

290 1242 368 1295 '⁹'
622 1254 741 1334 διὰ
793 1255 926 1354 τὴν
980 1256 1223 1359 σάρκα
1276 1255 1408 1358 τὴν
1460 1259 1536 1337 ἐν
1590 1262 1697 1365 τῷ
1749 1256 1935 1337 κατὰ
1988 1256 2320 1360 Χριστὸν
2375 1254 2775 1359 μυστηρίῳ·
2846 1250 3022 1330 ἀλλ’

620 1381 779 1460 ἔστι
832 1416 987 1465 πως
1043 1385 1160 1461 καὶ
1216 1382 1382 1462 καθ’
1431 1381 1675 1483 ἕτερον
1733 1380 2004 1484 τρόπον
2059 1389 2271 1462 τοῦτο
2326 1376 2795 1483 συνυπάρχον
2852 1380 3027 1455 ἰδεῖν

621 1503 907 1605 ἀληθές.
967 1511 1399 1613 φρονοῦντες
1437 1504 1580 1608 γὰρ
1619 1504 1713 1585 τὰ
1745 1508 1965 1585 αὐτοῦ
2001 1508 2118 1585 καὶ
2156 1505 2267 1585 ὅτι
2302 1508 2670 1607 προσῆκεν
2697 1502 3028 1594 εὐσεβεῖν

620 1630 704 1708 οὐ
775 1627 1150 1732 παρέργως
1227 1629 1823 1727 διενθυμούμενοι,
1894 1637 2423 1734 χρηματιοῦμεν
2497 1629 2629 1707 υἱοὶ
2701 1633 2832 1705 τοῦ
2906 1625 3026 1704 ἐπὶ
3057 1651 3126 1690 10

618 1752 896 1836 πάντας
962 1758 1177 1849 Θεοῦ,
1242 1756 1361 1831 καὶ
1431 1752 1615 1856 πρὸς
1689 1750 1822 1851 τὴν
1887 1756 1963 1832 ἐν
2037 1754 2230 1860 αὐτῷ
2305 1749 2614 1849 θέλησιν
2678 1746 2865 1829 κατὰ
2938 1747 3023 1827 τὸ

618 1876 987 1980 ἐγχωροῦν
1022 1873 1150 1955 τὸν
1188 1882 1441 1957 οἰκεῖον
1478 1874 2037 1961 διαπλάττοντες
2084 1885 2274 1973 νοῦν,
2311 1878 2497 1955 οὕτω
2543 1909 2622 1954 τε
2668 1869 2803 1972 τὴν
2839 1872 3020 1974 πρὸς

621 2000 838 2079 αὐτὸν
910 1998 1299 2102 ὁμοιότητα
1379 2005 1496 2081 καὶ
1582 2000 2115 2104 ἀκριβεστάτην
2186 2000 2567 2107 ἐμφέρειαν
2641 2005 3019 2100 συγγενεῖς

621 2122 846 2207 ὅντως
900 2124 1145 2223 ε’σμέν.

706 2246 884 2328 Ὅτι
919 2247 994 2328 δὲ
1033 2247 1163 2348 τὴν
1188 2248 1276 2354 ἐξ
1307 2248 1537 2351 ἔργων
1567 2249 1723 2349 ἤτοι
1757 2255 1904 2329 τῶν
1930 2245 2218 2351 τρόπων
2246 2247 2628 2348 ὁμοιότητα
2666 2248 2782 2325 καὶ
2822 2249 3015 2348 ἀκρι-
3053 2263 3123 2323 15

551 2383 595 2448 b
619 2372 988 2471 βεστοῖτην
1025 2373 1403 2478 ἐμφέρειαν
1440 2378 1537 2456 εὶς
1587 2376 2010 2475 συγγενείας
2061 2372 2363 2469 δύναμιν
2408 2368 2766 2468 λαμβάνει
2803 2367 3014 2460 Θεὸς,

622 2494 1170 2598 διαγνωσόμεθα
1207 2503 1471 2603 σαφῶς
1506 2504 1653 2579 τοῖς
1692 2502 1898 2599 ἱεροῖς
1934 2495 2403 2599 ἐγκύπτοντες
2441 2493 2709 2597 λόγοις,
2734 2497 2852 2573 καὶ
2886 2490 3020 2591 τὴν

622 2621 820 2699 θείαν
847 2629 1431 2722 περινοστοῦντες
1469 2620 1780 2727 γραφήν.
1840 2621 2096 2699 οὐκοῦν
2123 2623 2198 2699 ἐν
2229 2626 2495 2722 καιροῖς
2515 2618 2857 2722 Ἱερεμίου
2892 2626 3022 2697 τοῦ

284 750 427 800 Hiob

283 816 460 866 xxxiii.
483 814 533 866 6.

283 2735 460 2853 ,¹1¹³ssss
621 2742 1023 2848 προφήτου,
1045 2744 1303 2848 γέγονέ
1330 2780 1435 2829 τις
1468 2745 1812 2843 ἐλαμίτης
1840 2743 2149 2843 Σαμείας
2177 2745 2493 2841 τοῦνομα
2518 2741 3021 2847 ψευδομάντις,

283 2883 527 2983 {2316-
622 2867 713 2949 τὰ
751 2869 895 2949 ἀπὸ
935 2869 1225 2972 καρδίας
1260 2864 1715 2970 ἐρευγόμενος
1751 2872 1879 2967 τῆς
1916 2869 2189 2966 ἑαυτοῦ,
2228 2865 2416 2947 καθὰ
2454 2867 2871 2968 γέγραπται,
2904 2868 3018 2944 καὶ
3050 2898 3126 2939 20

622 2993 750 3073 οὐκ
788 2993 931 3074 ἀπὸ
970 2991 1334 3090 στόματος
1370 2993 1659 3096 Κυρίου.
1722 2988 1961 3091 ἐπειδὴ
1999 2991 2077 3071 δὲ
2110 2990 2360 3089 πολλή
2397 3025 2503 3073 τις
2538 2988 2626 3089 ἦν
2664 2993 2781 3068 καὶ
2816 2989 3022 3091 ἑτέρα

619 3114 906 3216 πληθὺς
961 3116 1572 3222 ψευδομαρτύρων
1628 3119 1744 3196 καὶ
1799 3119 2443 3223 ψευδοπροφητῶν,
2494 3119 3025 3216 περιπλανῶσα

563 3271 601 3316 ο
622 3237 786 3323 τοὺς
842 3238 1105 3344 ὄχλους
1162 3243 1276 3319 καὶ
1331 3242 1443 3345 ἐφ’
1494 3237 1542 3319 ἃ
1595 3238 1696 3340 μὴ
1750 3244 2117 3341 προσῆκεν
2161 3237 2586 3346 ἐξέλκουσα,
2639 3233 3024 3338 ἠγανάκτει

624 3360 884 3442 λοιπὸν
921 3361 1206 3446 εἰκότως
1250 3366 1290 3443 ὅ
1335 3363 1627 3445 πάντων
1665 3361 2023 3464 δεσπότης
2063 3361 2275 3447 Θεός.
2357 3358 2509 3442 εἶτα
2543 3356 2870 3441 πολλοὺς
2906 3360 3022 3438 ἐπὶ

623 3491 726 3593 τῷ
766 3486 1040 3592 Σαμείᾳ
1086 3484 1510 3588 δαπανήσας
1559 3485 1854 3590 λόγους,
1899 3490 2017 3567 καὶ
2063 3488 2272 3570 ποίας
2320 3485 2565 3591 ὑφέξει
2601 3481 2729 3568 τὰς
2765 3484 3021 3562 τούτου
3049 3507 3123 3567 25

622 3618 751 3690 τοῦ
817 3609 1278 3711 τολμήματος
1343 3611 1539 3695 δίκας
1602 3612 2035 3714 λεπτότερον
2099 3609 2405 3707 διειπὼν,
2462 3611 2537 3688 ἐν
2594 3606 3023 3689 τελευταίοις

285 3724 543 3855 ξξζωή
623 3732 895 3836 ἐπάγει,
936 3736 1051 3814 καὶ
1097 3732 1449 3834 ἐκδικήσω
1490 3743 1533 3780 “
1560 3736 1676 3814 ἐπὶ
1715 3733 2031 3833 Σαμείαν
2067 3737 2184 3813 καὶ
2233 3736 2347 3813 ἐπὶ
2398 3730 2481 3812 τὸ
2528 3731 2733 3834 γε’νος
2776 3730 3020 3826 αὐτοῦ,

622 3868 668 3906 “
695 3856 859 3942 τοὺς
886 3865 1268 3941 ποιοῦντας
1295 3856 1387 3937 τὰ
1414 3857 1623 3957 ὅμοια
1654 3858 1915 3965 αὐτῷ·”
1944 3855 2219 3942 ἀκούεις
2246 3856 2437 3941 ὅπως
2472 3857 2549 3935 ἐν
2575 3862 2721 3938 τοῖς
2751 3854 3022 3951 ὁμοίοις

696 4053 746 4093 1.
778 4035 904 4095 ἴδως
929 4036 995 4092 Β.
1021 4034 1179 4094 Ζδέαις
1202 4035 1505 4091 emendavit
1530 4036 1717 4092 Holst.
1912 4052 1962 4090 2.
1998 4037 2139 4091 ποιεῖ
2164 4034 2229 4090 Β.
2254 4036 2395 4089 ποιεῖ
2417 4034 2475 4088 δὲ
2504 4032 2603 4088 Ht.
2627 4030 2773 4087 unde
2795 4032 3024 4086 ποιεῖται

619 4156 924 4213 emendavit
944 4163 1010 4213 ut
1032 4156 1255 4212 adnotat
1276 4157 1392 4228 ipse
1414 4157 1559 4212 Aub.
1758 4158 1811 4212 6.
1845 4159 2128 4228 γεγόναμεν
2152 4153 2400 4210 emendat
2426 4153 2623 4225 Heyse.
2777 4174 2922 4206 ναται
2949 4151 3019 4208 Β.

669 4230 714 4283 ’ν
734 4231 980 4300 γεγόνατε
1009 4227 1109 4283 Ht.
1134 4227 1237 4282 Ed.
1497 4227 1688 4282 12-16.
1724 4225 2143 4295 οὕτω-δύναμιν
2164 4225 2380 4280 exhibet
2406 4224 2586 4295 Heyse
2609 4241 2674 4277 ex
2757 4263 2770 4276 .
2794 4223 2876 4277 ὅτι
2904 4221 3023 4295 [ὅτε

619 4251 857 4371 ffiigue]
886 4298 947 4353 δέ
966 4321 1025 4354 τε
1047 4299 1140 4367 τὴν
1163 4298 1293 4367 πρὸς
1322 4298 1478 4353 αὐτὸν
1505 4301 1783 4366 ὁμοιότητα
1808 4298 1892 4352 καὶ
1912 4298 2293 4368 ἀκριβεστάτην
2317 4296 2597 4367 ἐμφέρειαν
2617 4293 2692 4351 εἷς
2715 4295 3025 4365 συγγενείας

621 4368 833 4438 δύναμιν
858 4369 981 4433 Ed„
1011 4368 1110 4424 Ht.
1143 4368 1254 4423 fere
1289 4386 1535 4441 eoquens.
1560 4368 1642 4423 ὅτι
1675 4368 1849 4438 μέντοι
1882 4369 1977 4438 τὴν
2011 4369 2071 4435 ἐξ
2105 4369 2136 4421 ἕ
2200 4390 2272 4422 ων
2301 4368 2578 4435 ὁμοιότητα
2609 4365 2684 4421 εἷς
2714 4365 3027 4436 συγγενείας

618 4438 835 4508 δύναμιν
856 4438 1072 4494 exhibet
1094 4456 1164 4503 a„
1190 4438 1430 4493 scholion
1454 4440 1735 4510 incipiens.
1902 4440 1983 4494 16.
2023 4440 2154 4495 Θεὸς
2209 4439 2437 4508 Χριστὸς
2460 4453 2509 4491 a.
2674 4449 2760 4502 25.
2795 4437 2889 4491 τὰς
2911 4453 3022 4490 aas.

619 4529 686 4567 ex
714 4510 780 4566 B.
923 4510 1009 4564 26.
1035 4512 1130 4564 τοῦ
1152 4509 1357 4564 addidit
1385 4510 1482 4565 Ht.
1579 4512 1897 4580 λεπτότερον
1920 4519 2260 4580 assumptum
2284 4525 2351 4562 ex
2376 4508 2443 4561 B.
2539 4507 2749 4561 διειπὸν
2770 4504 3025 4560 emendat

623 4582 676 4636 H
682 4600 825 4654 eyse-
847 4581 906 4637 δὲ
929 4582 1087 4637 εἰπὸν
1111 4580 1178 4637 Β.
1203 4581 1361 4638 εἰπὼν
1385 4579 1485 4636 Ht.
1513 4580 1619 4636 Ed.
1809 4594 1901 4651 27.
1935 4579 2137 4651 σαμέαν
2159 4596 2370 4649 semper
2392 4596 2444 4634 a.
2467 4575 2837 4648 (Fra-Aug.)
