3238 5158
729 335 861 400 548
1337 334 1417 399 B.
1464 331 1890 397 CYRILLI
1949 330 2527 396 ALEXANDR.
2893 343 2973 386 xv.
2993 340 3030 385 2·

394 507 640 629 ¹}ng2}-
732 500 1068 600 κλήματα
1101 497 1232 598 μὲν
1268 496 1605 597 ἐσόμεθα,
1644 495 1859 600 νεκρὰ
1894 497 2046 578 δὲ’
2006 533 2199 596 ομως
2237 501 2354 578 καὶ
2390 498 2697 600 ἄκαρπα.
2769 493 2908 595 δίχα
2935 488 3034 589 γὰρ

398 646 530 703 86⁰7
550 646 632 702 Δ.
671 660 706 700 a
731 623 963 777 ἔργων
993 625 1039 723 ἡ
1088 623 1335 707 πίστις
1372 623 1587 728 νεκρά
1640 626 1820 720 ἐστι,
1858 621 2042 703 κατὰ
2090 620 2221 721 τὴν
2265 632 2396 703 τοῦ
2452 623 2658 724 ἀγίου
2711 615 2943 725 φωνήν.
2999 615 3038 689 εἷ

730 749 967 828 τοίνυν
1012 783 1155 851 αρα
1210 746 1393 827 κατὰ
1449 757 1705 827 τοῦτον
1749 746 1878 827 τὸν
1921 748 2189 850 τρόπον
2238 745 2465 855 ὁρῷτό
2520 778 2599 825 τε
2652 745 2763 823 καὶ
2812 738 3041 839 ὑπάρχοι

733 870 1001 976 κλῆμα,
1043 871 1298 970 μάτην,
1345 874 1442 955 ὡς
1496 871 1666 955 ἔπος
1721 877 1957 967 εἰπεῖν,
2004 878 2151 952 τῶν
2198 876 2324 970 τῆς
2379 869 2706 968 ἀμπέλου
2755 862 3041 964 στελέχων

732 993 1402 1099 ἐκκεκρεμασμένον,
1440 996 1627 1075 ἰ’στω
1678 994 1766 1095 δὴ
1816 996 2104 1081 πάντως
2154 1002 2244 1101 τῇ
2292 1003 2421 1075 τοῦ
2457 1000 2774 1097 γεωργοῦ
2806 982 3075 1092 &pardum

728 1118 1341 1224 περιτευξόμενος.
1438 1123 1785 1219 ἀποτεμεῖ
1833 1119 1977 1223 γὰρ
2030 1118 2317 1205 πάντως
2375 1118 2574 1217 αὐτὸ,
2628 1119 2743 1199 καὶ
2800 1108 3040 1207 καθάπερ

730 1250 991 1325 εἶκαῖον
1054 1243 1425 1352 συρφετὸν
1483 1248 1658 1346 πυρὶ
1727 1247 2067 1346 νέμεσθαι
2140 1244 2383 1325 δώσει·
2487 1253 2702 1325 τοῦτο
2771 1237 2893 1341 γὰρ
2943 1238 3040 1311 τῶν

728 1367 1073 1474 ἀκάρπων
1118 1370 1201 1450 τὸ
1258 1377 1498 1472 κρῖμα·
1562 1370 1886 1473 καθάπερ
1941 1366 2135 1467 οἶμαι
2193 1375 2308 1450 καὶ
2363 1372 2478 1450 ε’πὶ
2527 1372 2659 1467 τῆς
2707 1369 2797 1448 ὡς
2834 1367 2896 1442 ἐν
2933 1357 3038 1438 εἴδει

730 1499 1166 1598 παραβολῆς
1220 1495 1829 1600 παραληφθείσης
1882 1499 2130 1594 συκῆς,
2175 1500 2277 1602 τῷ
2330 1490 2767 1598 γηπονοῦντί
2811 1479 3037 1595 φησινὸ

664 1622 859 1698 bros}
907 1618 1173 1723 χωρίου
1224 1616 1583 1718 δεσπότης
1622 1615 2078 1726 “’Έκκοψον
2120 1618 2362 1719 αὐτὴν,
2406 1619 2600 1697 ὶνατί
2649 1618 2764 1695 καὶ
2812 1610 2923 1710 τὴν
2951 1608 3082 1706 7²5¹st

1132 1742 1256 1769 Α),

733 1751 781 1788 “
818 1775 1207 1846 καταργει;
1319 1744 1505 1822 οὕτω
1561 1743 1869 1821 κάνθάδε
1924 1740 2183 1845 νομίζω
2237 1740 2362 1822 τὸν
2408 1740 2751 1821 ἀπάντων
2785 1733 2942 1816 Θεὸν
2966 1730 3035 1808 καὶ

390 1609 590 1691 Βῖηῐιυο.

392 1693 498 1728 xm.
531 1689 575 1741 7.

733 1866 1049 1968 Πατέρα,
1085 1862 1211 1945 τᾶν
1248 1863 1558 1967 στεγνόν
1595 1900 1675 1945 τε
1718 1869 1835 1944 καὶ
1879 1866 2143 1967 ἄγονον
2180 1872 2325 1945 τῶν
2362 1862 2755 1965 κλημάτων
2787 1852 3031 1956 ἀποθερῖ·

730 1988 869 2093 ζειν
920 1989 1166 2094 ὄχλον,
1222 1992 1326 2070 ἐπ’
1388 1991 1616 2070 οὐδενὶ
1675 1995 1818 2068 τῶν
1874 1992 2255 2095 χρησίμων
2308 1993 2434 2089 τῆς
2491 1993 2750 2089 νοητῆς
2799 1978 3035 2085 ἀμπέλου

728 2114 1298 2217 παρηρτημένον.
1366 2111 1565 2215 οἶμαι
1602 2114 1678 2193 δὲ
1716 2114 1879 2217 ἐγὼ,
1918 2114 2045 2194 τὸν
2090 2122 2235 2194 τῶν
2279 2112 2639 2217 ἡμετέρων
2675 2117 2912 2220 ψυχῶν
2935 2108 3032 2185 ἐπι·

727 2236 1073 2338 μελητὴν,
1113 2238 1443 2319 τουτέστι
1491 2238 1703 2336 Θεὸν,
1742 2239 2082 2346 ἐπιδεῖξαι
2130 2239 2364 2320 θέλειν
2404 2238 2520 2319 διὰ
2569 2243 2701 2339 τῆς
2749 2241 2820 2317 ἐν
2849 2230 3077 2314 τούπιιςῐὸ

727 2368 1179 2464 παραβολῆς,
1217 2362 1464 2443 ὁποῖόν
1508 2398 1587 2444 τε
1643 2366 1759 2443 καὶ
1816 2363 1997 2443 ὅσον
2041 2361 2370 2464 ὑπομένει
2419 2361 2503 2442 τὸ
2559 2363 2842 2460 βλάβος
2888 2358 2921 2456 ἡ
2960 2383 3035 2446 ⁷¹75

729 2484 913 2590 πρὸς
970 2487 1187 2568 αὐτὸν
1242 2488 1606 2573 κοινωνίας
1661 2490 2163 2588 ἀποτμηθεῖσα
2217 2488 2444 2597 ψυχή.
2532 2487 2719 2593 πρὸς
2772 2485 2848 2566 τὸ
2893 2473 3035 2581 μηδὲν

730 2609 876 2716 γὰρ
914 2612 1282 2717 οἰχήσεται
1320 2615 1435 2693 καὶ
1473 2613 1839 2718 ἄχρηστος
1878 2612 2082 2692 ἔσται
2120 2611 2301 2716 πρὸς
2334 2620 2589 2694 πᾶσαν
2624 2603 3034 2716 ἀγαθουργῶν,

670 2765 707 2807 c
732 2736 1252 2844 ἀναμφιβόλως
1332 2736 1562 2838 γεμὴν
1646 2735 1949 2817 κολάσει
2027 2739 2629 2841 παραδοθήσεται,
2707 2738 2820 2818 καὶ
2889 2720 3035 2829 πυρὸς

732 2861 936 2941 ἔσται
992 2870 1120 2941 τοῦ
1173 2859 1577 2968 παμφάγου
1632 2858 1894 2967 τροφή.
1990 2866 2104 2942 καὶ
2162 2870 2339 2963 γοῦν
2395 2861 2512 2940 διὰ
2563 2870 2698 2942 τοῦ
2750 2849 3077 2962 προφῆῒωκ

728 2984 955 3065 πάλιν
988 2985 1322 3090 Ἱεζεκιὴλ
1359 2982 1531 3065 αὐτὸ
1571 2983 1660 3085 δὴ
1697 2992 1911 3064 τοῦτο
1948 2988 2065 3064 καὶ
2099 2986 2304 3085 μάλα
2347 2991 2611 3092 σαφῶς
2657 2975 3037 3088 διερμηνεύων

729 3106 983 3213 ελεγεν
1021 3121 1065 3157 “
1093 3110 1221 3190 Υὶε
1259 3109 1661 3212 ἀνθρωπου,
1698 3110 1775 3188 τί
1804 3107 1894 3188 ἀν
1928 3110 2204 3212 γε’νοιτο
2239 3110 2321 3190 τὸ
2359 3110 2587 3218 ξύλον
2621 3115 2752 3210 τῆς
2795 3099 3039 3205 ἀμπέλου

3117 2572 3125 2602 ἢ

389 3095 637 3151 Eukxv.

753 3236 888 3314 (ἐκ
952 3233 1245 3315 πάντων
1309 3241 1456 3313 τῶν
1521 3233 1768 3340 ξύλων
1829 3240 1978 3312 τῶν
2041 3233 2270 3314 ὄντων
2331 3238 2407 3315 ε’ν
2471 3242 2618 3360 τοῖς
2690 3233 2920 3342 ξύλοις
2962 3251 3040 3301 1'01’

728 3368 774 3406 “
809 3362 1122 3461 δρυμοῦ·
1104 3422 1125 3454 ,
1201 3357 1302 3458 μὴ
1359 3356 1733 3464 λήψονται
1788 3357 1876 3464 ἐξ
1926 3359 2144 3438 αὑτοῦ
2201 3355 2431 3465 ξύλον
2485 3355 2612 3438 τοῦ
2673 3363 2949 3456 ποιῆσαι
2985 3373 3042 3421 ⁶⁶⁹

726 3484 1202 3583 ((ἐργασίαν·
1181 3544 1204 3581 ,
1266 3481 1311 3583 ἢ
1366 3491 1494 3562 τοῦ
1544 3481 1902 3584 κρεμάσαι
1946 3483 2023 3562 ἐν
2059 3482 2251 3589 αὐτῷ
2299 3490 2447 3563 πᾶν
2482 3491 2765 3581 σκεῦος,
2800 3479 2916 3580 τὴν
2942 3487 3083 3553 κατ”ἓ

752 3603 1127 3684 ’ἐνιαυτὸν
1176 3604 1533 3707 κάθαρσιν
1583 3608 1802 3705 αὐτῆς
1857 3606 2232 3685 ἀναλίσκει
2286 3604 2372 3685 τὸ
2427 3615 2602 3709 πῦρ,
2646 3610 2764 3687 καὶ
2817 3596 3042 3684 {naemu

658 3744 702 3809 d
730 3736 772 3774 “
809 3733 906 3811 εἷς
939 3725 1172 3826 τέλος,
1209 3727 1308 3827 μὴ
1346 3727 1708 3831 χρήσιμον
1746 3729 1952 3809 ἕσται
1998 3735 2093 3813 εἶς
2132 3731 2481 3832 ε’ργασίαν
2504 3733 2568 3829 ;”
2627 3731 2840 3814 σύνες
2870 3723 2941 3823 δὴ
2968 3715 3042 3797 οὖν

725 3848 809 3929 τὸ
869 3847 1076 3958 ἅπαξ
1126 3850 1559 3951 ἀποτμηθὲν,
1606 3858 1726 3932 καὶ
1782 3851 2201 3955 ὁλοκλήρως
2257 3855 2843 3955 ἀπεσπασμένον,
2882 3849 3042 3954 ἅχρη·
3123 3919 3124 3930 ,

725 4005 909 4054 στον
944 4009 1078 4072 μεν
1112 3981 1487 4060 παντελῶς
1538 3979 1655 4056 καὶ
1705 4011 1802 4061 εις
1851 3976 2149 4058 οὐδεν”
2099 4012 2202 4058 ετι
2251 3985 2397 4059 τῶν
2440 3978 2844 4082 ἀναγκαίων
2881 3998 3042 4073 παρα·

2891 4100 2909 4131 Ι

724 4103 1093 4203 ληφθῆναι
1153 4098 1562 4200 δυνάμενον,
1613 4098 1812 4210 μόνω
1870 4100 1945 4183 δε
2000 4101 2190 4208 τάχα
2245 4112 2688 4209 χρησιμεῦον
2740 4136 2919 4205 πυρι.
2980 4086 3078 4189 39³³

723 4222 848 4302 οὖν
913 4225 997 4302 οὐ
1060 4221 1450 4327 πρόδηλον,
1515 4229 1612 4311 ὡς
1687 4232 1746 4306 εἷ
1821 4261 1938 4306 και
2014 4227 2260 4332 κλῆμα
2331 4229 2726 4330 γενοίμεθα,
2791 4231 2909 4326 τῆς
2965 4212 3045 4317 μέθ’

792 4449 845 4506 5.
884 4435 1352 4506 ἐκκεκρεμοσμένον
1376 4439 1581 4494 correxi
1606 4457 1671 4494 ex
1697 4439 1785 4504 E„
1809 4439 1902 4512 qui
1930 4439 2437 4510 ἐκκεκρεμμασμένον
2459 4424 3043 4524 exhibet.e’xxeaepww1¹⁴²

723 4527 824 4648 ζι9ον
848 4506 964 4632 gin
990 4507 1241 4650 Migne6.
1274 4513 1700 4581 περιτευξόμενος
1724 4510 1789 4566 Ε.
1815 4512 2243 4581 περιτευξόμενον
2267 4511 2373 4568 Ed.
2612 4525 2699 4583 25.
2734 4510 2986 4583 κρεμμιῑσω
3002 4493 3040 4551 Β
