3238 5158
200 289 331 359 xiv.
364 314 465 361 11.
573 297 691 363 IN
749 299 819 365 S.
865 300 1381 368 JOANNEM.
1473 303 1668 368 LIB.
1715 302 1837 368 IX.
1930 303 2137 369 CAP.
2182 302 2244 367 Ι.
2480 302 2611 366 449

0 536 11 565 f
203 455 458 557 ἀμέλει
495 465 613 544 καὶ
650 463 865 551 αὐτὸς
907 469 985 548 ἐν
1021 470 1263 573 Πατρὶ
1312 473 1430 550 καὶ
1475 470 1517 548 5
1554 466 1816 572 Πατὴρ
1858 470 1936 550 ἐν
1969 469 2188 574 αὐτῷ·
2248 464 2367 545 διὰ
2402 465 2481 545 ‘n'
2510 462 2610 564 μὴ

205 581 488 687 μακρὸν
520 588 1006 675 ἀνατείνοντες
1051 590 1180 673 τὸν
1216 592 1501 699 αὐχένα,
1539 596 1658 674 καὶ
1708 589 2003 700 ὑψηλὸν
2036 597 2187 675 τοῖς
2239 591 2611 670 ὑπαντῶσι

208 707 598 796 δεικνύντες
632 709 720 792 τὸ
756 712 1180 817 πρόσωπον,
1215 716 1398 815 μετὰ
1432 717 1842 822 παῤῥησίας
1875 715 2116 823 φαμέν
2147 711 2348 816 Ἐγὼ
2398 713 2474 791 ἐν
2509 716 2614 820 τῷ

210 834 520 943 Χριστῷ
568 839 687 916 καὶ
734 838 776 917 5
814 839 1140 942 Χριστὸς
1185 844 1262 923 ἐν
1297 843 1476 942 ἐμοί·
1541 843 1582 922 5
1627 839 1955 945 ἑωρακὼς
2001 837 2124 940 ἐμὲ
2173 838 2440 942 ἑώρακε
2485 832 2615 916 τὸν

126 970 174 1032 5
217 957 576 1060 Χριστόν·
617 959 762 1065 ἐγὼ
798 965 917 1043 καὶ
953 965 995 1043 5
1030 964 1357 1069 Χριστὸς
1393 966 1470 1046 ἕν
1503 969 1730 1067 ἐσμεν
1757 998 1780 1063 3
1831 961 1984 1045 εἶτα
2018 966 2093 1044 τί
2122 961 2207 1044 τὸ
2244 963 2607 1056 ἐντεῦθενς

209 1081 340 1161 οὐκ
398 1079 489 1162 ἂν
546 1081 752 1185 οἶμαί
801 1121 910 1172 τις
967 1090 1450 1170 καταδείσειεν
1503 1092 1757 1194 ὀρθῶς,
1812 1089 1966 1170 οὐδ’
2024 1086 2116 1168 ἀν
2170 1083 2613 1185 κατοκνήσαι
2638 1117 2675 1161 ο

206 1204 627 1308 πρεπόντως
671 1209 775 1291 ἔτι
823 1220 1037 1293 τοῦτο
1085 1212 1261 1294 αὐτὸ
1311 1212 1536 1319 φάναι
1585 1212 1968 1314 τολμήσας
2017 1214 2134 1293 καὶ
2182 1213 2347 1314 περὶ
2395 1211 2615 1291 αὐτοῦ

209 1328 472 1412 λοιπὸν
509 1339 731 1416 εἰπεῖν
775 1345 906 1417 τοῦ
956 1336 1246 1443 Πατρός
1282 1337 1483 1442 Ἐγὼ
1533 1340 1652 1419 καὶ
1702 1339 1743 1418 5
1796 1334 2056 1441 Πατὴρ
2105 1336 2182 1416 ἕν
2224 1337 2472 1436 ἐσμεν.
2553 1340 2615 1413 εὶ

212 1453 360 1558 γὰρ
397 1458 473 1537 ἕν
509 1461 713 1539 ἐστιν
747 1463 788 1541 5
830 1460 1092 1566 Πατὴρ
1134 1462 1318 1566 πρὸς
1365 1462 1495 1544 τὸν
1528 1462 1730 1562 Υὶὸν,
1765 1469 1921 1547 πῶς
1958 1462 2086 1542 οὐκ
2122 1462 2317 1569 αὐτῷ
2354 1457 2616 1540 λοιπὸν

96 1609 129 1651 1
142 1610 188 1651 0
218 1581 667 1685 ἰσομοιρήσει
722 1590 825 1694 τῷ
875 1589 1134 1690 Πατρὶ,
1173 1586 1379 1668 εἰκὼν
1427 1586 1993 1690 ἀπαράλλακτος
2047 1581 2618 1687 ἀπαραλλάκτων

0 1692 3 1705 ’
214 1704 530 1807 γεγονὼς
565 1707 850 1807 εἰκόνος,
886 1709 1212 1792 τουτέστι
1248 1720 1377 1792 τοῦ
1412 1717 1642 1809 Υἱοῦ;
1703 1712 1811 1795 τίς
1848 1711 1976 1791 οὖν
2009 1710 2151 1812 ἄρα
2185 1705 2369 1810 πρὸς
2404 1715 2619 1787 τοῦτο

214 1828 472 1926 μανίας
522 1831 1036 1939 κατοιχήσεταί
1074 1870 1274 1934 ποτε,
1311 1840 1410 1920 ὡς
1461 1834 1832 1935 τολμήσαι
1884 1833 2123 1936 λέγειν
2156 1834 2254 1912 Ὁ
2292 1829 2620 1934 ἑωρακὼς

212 1950 337 2053 ἐμὲ
381 1954 646 2058 ἑώρακε
694 1957 822 2038 τὸν
860 1960 1217 2063 Χριστόν·
1296 1958 1439 2064 ἐγὼ
1487 1962 1604 2041 καὶ
1656 1961 1698 2041 5
1734 1956 2061 2063 Χριστὸς
2108 1957 2186 2038 ἕν
2230 1957 2499 2056 ε’σμεν;
2557 1958 2618 2034 εἰ

213 2076 361 2182 γὰρ
397 2088 751 2186 σχετικῶς
786 2087 906 2164 καὶ
943 2086 1028 2165 οὗ
1065 2083 1250 2166 κατὰ
1285 2083 1515 2194 φύσιν
1548 2084 1919 2182 ἀπονέμεις
1963 2087 2067 2191 τῷ
2100 2086 2258 2190 Υὶῷ
2306 2078 2392 2161 τὸ
2440 2076 2615 2161 εἶναι
2639 2088 2685 2154 d

92 2233 125 2276 ¹
141 2227 185 2291 5
214 2205 292 2284 ἐν
341 2211 444 2313 τῷ
498 2211 758 2310 Πατρὶ,
810 2207 996 2313 ἔχειν
1042 2244 1122 2290 τε
1177 2212 1254 2290 ἐν
1302 2211 1531 2318 ἑαυτῷ
1579 2206 1711 2289 τὸν
1757 2206 2071 2311 Πατέρα,
2127 2206 2314 2287 οὕτω
2370 2202 2446 2284 δὲ
2500 2205 2618 2284 καὶ

214 2330 416 2429 ἡμεῖς
451 2331 527 2410 ἐν
565 2335 875 2440 Χριστῷ
924 2335 1043 2414 καὶ
1077 2332 1405 2439 Χριστὸς
1451 2335 1529 2415 ἐν
1564 2334 1756 2435 ἡμῖν·
1814 2338 2104 2435 πρῶτον
2138 2327 2271 2431 μὲν
2306 2330 2384 2409 ἐν
2420 2326 2620 2436 τάξει

217 2456 311 2560 τῇ
368 2455 532 2535 καθ’
572 2454 759 2556 ἡμᾶς
814 2458 855 2537 5
903 2456 1100 2555 Υἱὸς,
1137 2455 1291 2539 εἶτα
1344 2457 1429 2538 τὸ
1483 2455 1766 2538 κωλύον
1811 2454 2013 2537 οὐδὲν
2059 2453 2621 2558 παρελάσαντας

217 2582 339 2658 καὶ
390 2577 629 2679 αὑτὸν,
667 2586 728 2661 εἰ
772 2583 1237 2683 βουλοίμεθα,
1273 2581 1403 2664 τὸν
1437 2579 1640 2680 wem,
1678 2585 1774 2667 ὧς
1822 2578 1939 2661 διὰ
1985 2578 2215 2681 μέσου
2264 2577 2612 2676 κείμενον,

219 2703 331 2783 ἐπ’
372 2701 588 2785 αὐτὸν
621 2702 870 2809 ὥσπερ
905 2708 1356 2811 εὖθυδρομεῖν
1390 2704 1519 2787 τὸν
1558 2706 1875 2810 Πατέρα,
1913 2705 2029 2785 καὶ
2080 2704 2274 2811 αὐτῷ
2312 2735 2611 2805 προσω-

96 2867 196 2910 20
220 2831 583 2925 μοιῶσθαι
634 2827 871 2931 λέγειν
909 2831 1090 2929 ἡμᾶς
1140 2833 1367 2915 οὕτως
1415 2833 1753 2933 ἀκριβῶς,
1790 2833 1887 2914 ὡς
1928 2826 2151 2929 μηδὲν
2187 2828 2499 2929 ὁρᾶσθαι
2534 2822 2620 2905 τὸ

224 2950 686 3034 διαλλάττον.
762 2952 848 3034 τὸ
890 2954 1032 3058 γὰρ
1079 2954 1155 3035 ἓν
1191 2952 1367 3036 εἶναι
1413 2953 1598 3057 πρός
1642 2988 1714 3035 τι
1760 2953 2111 3056 λε’γεσθαι
2159 2948 2494 3048 τοιαύτην
2530 2946 2622 3028 ἂν

226 3073 379 3181 ἔχοι
416 3073 552 3175 τὴν
586 3077 911 3178 δύναμιν.
990 3075 1102 3183 ἀρ’
1142 3081 1268 3160 οὖν
1304 3081 1440 3186 οὐχ
1475 3082 1688 3183 ὁρᾶτε
1721 3083 1820 3163 εἷς
1857 3076 2043 3178 ὅσην
2078 3077 2316 3160 αὐτοῖς
2348 3076 2612 3154 ἀσυνε-
2644 3098 2681 3142 Θ

219 3199 396 3280 σίαν
448 3235 524 3281 τε
580 3203 762 3299 ὁμοῦ
816 3204 934 3283 καὶ
988 3201 1329 3298 ἀσέβειαν
1384 3203 1796 3285 κατόλισθε
1851 3199 1945 3281 τὰ
1998 3198 2447 3307 φρονήματα,
2503 3199 2621 3277 καὶ

229 3321 430 3403 ὅσων
465 3324 635 3424 ἡμῖν
667 3333 1053 3429 λογισμῶν
1084 3327 1374 3409 ἀτόπων
1410 3326 1891 3429 εἶσπεπήδηκε
1927 3325 2283 3428 θόρυβος;

94 3483 134 3526 2
148 3476 195 3539 5
332 3447 467 3532 Τίς
515 3450 642 3529 οὖν
685 3450 730 3549 ἦ
776 3449 1154 3557 πρόφασις
1207 3459 1336 3533 τοῦ
1391 3460 1617 3533 ταῦτα
1671 3452 1911 3554 λε’γειν
1953 3453 2071 3530 καὶ
2126 3444 2619 3542 διατείνεσθαι,

222 3574 339 3651 καὶ
391 3580 540 3658 τοῖς
595 3576 821 3659 οὕτως
873 3575 1126 3659 ἑώλοις
1182 3574 1651 3682 ἐπινήχεσθαι
1705 3574 1956 3679 λόγοις
2008 3571 2286 3671 αὐτοὺς,
2334 3573 2471 3674 ἐρῶ
2526 3570 2619 3670 δὴ

217 3691 468 3777 πάλιν.
544 3696 824 3782 σκοπὸς
878 3697 977 3784 εἷς
1029 3700 1288 3797 αὐτοῖς,
1323 3697 1718 3804 ἀλλότριόν
1758 3734 1837 3782 τε
1893 3702 2010 3779 καὶ
2064 3698 2384 3806 ἔκφυλον
2424 3730 2610 3776 παν-

217 3824 448 3904 τελῶς
482 3824 611 3920 τῆς
645 3829 775 3902 τοῦ
814 3818 1109 3926 Πατρός
1158 3824 1411 3908 οὐσίας
1458 3825 1829 3931 ἀποφῆναι
1872 3821 2001 3904 τὸν
2036 3821 2243 3902 Υὶόν.
2323 3819 2431 3901 ὅτι
2476 3818 2622 3923 γὰρ

220 3940 691 4041 ἀληθεύοντες
746 3942 839 4025 τὰ
885 3945 1182 4027 τοιαῦτά
1234 3959 1499 4054 φαμεν,
1557 3949 1636 4027 ἐκ
1689 3953 1837 4027 τῶν
1890 3945 2154 4053 ἐφεξῆς
2212 3947 2330 4024 καὶ
2386 3977 2614 4046 παρε-

93 4104 195 4165 30
220 4062 620 4168 (wype'vmy
700 4076 854 4152 ταῖς
934 4071 1314 4175 προτέραις
1403 4071 1624 4151 αὑτοῦ
1715 4070 2156 4174 δυσφημίαις
2244 4066 2612 4168 εἰσόμεθα.
2644 4102 2680 4143 a
2721 4089 2854 4146 ¹797
2871 4088 2951 4143 Α.

219 4188 472 4293 ἐπάγει
530 4190 677 4296 γὰρ
751 4194 975 4279 οὕτως
1032 4255 1078 4293 ,,
1104 4195 1326 4275 Ἀλλ’
1388 4193 1641 4298 ὥσπερ
1704 4194 1923 4294 ἡμεῖς,
1983 4195 2236 4299 φησὶν,
2294 4193 2371 4271 ἐν
2425 4192 2619 4300 αὐτῷ

293 4416 345 4475 7.
381 4403 584 4475 πρέπον
605 4404 677 4462 ὃς
700 4403 769 4460 Ε.
884 4403 1075 4461 Statim
1099 4406 1176 4461 ἔτι
1199 4418 1538 4478 assumptum
1562 4425 1629 4461 ex
1655 4407 1720 4461 E.
2097 4421 2180 4462 10.
2215 4404 2620 4476 ὀποραλλάκτου

217 4474 485 4617 amm
511 4547 577 4604 Ε.
824 4490 908 4544 15.
944 4477 1081 4547 ἔχεις
1104 4477 1172 4533 Ε.
1332 4479 1388 4533 δὲ
1414 4487 1753 4549 assumptum
1779 4494 1843 4532 ex
1869 4475 1936 4532 E.
2331 4492 2415 4546 19.
2448 4496 2619 4546 προσ-

306 4647 453 4695 vo1..
484 4649 559 4694 11.
1375 4654 1412 4718 3
1444 4653 1494 4696 n
