3238 5158
640 357 769 419 522
1245 354 1327 419 B.
1374 354 1791 419 CYRILLI
1851 352 3069 419 ALEXANDR.1iv.28

642 519 893 619 ὀρθῶς.
967 519 1513 620 τετελειωμένου
1568 519 1714 624 γὰρ
1770 519 1910 618 ἤδη
1965 522 2084 598 καὶ
2139 526 2237 605 εἰς
2289 520 2518 621 πέρας
2575 519 2900 617 ἥκοντος
2952 522 3073 594 τοῦ

2941 639 2978 666 U

642 649 890 743 καιροῦ
962 642 1078 722 ἐπὶ
1149 647 1278 742 τῆς
1352 644 1734 798 νοουμένης
1800 649 1906 750 τῷ
1971 648 2376 745 Μονογενεῖ
2434 640 2854 737 κενώσεως,
2919 671 3076 737 ητοι

643 766 1163 864 ταπεινώσεως,
1207 768 1334 845 οὐκ
1382 763 1571 873 ἐξ’
1513 800 1617 845 ων
1660 768 1912 869 ὁρᾶται
1965 767 2456 865 κεκενωμένος,
2492 771 2808 860 μᾶλλον
2857 761 2940 842 δὲ
2991 761 3076 867 ἐξ

644 885 745 967 ὧν
792 891 952 969 ἐστι
1009 888 1193 969 κατὰ
1248 889 1478 996 φύσιν
1514 887 1725 981 Θεὸς,
1778 890 2266 990 διακηρύπειν
2317 923 2394 968 τε
2449 886 2679 966 αὐτὸν
2735 890 2864 965 καὶ
2919 890 3062 966 ἐπι-

576 1029 621 1095 d
643 1012 1025 1113 γινώσκειν
1098 1015 1475 1116 ἐπείγεται.
1593 1013 2045 1115 γνωσθέντος
2119 1012 2264 1115 γὰρ
2337 1009 2550 1117 ἅπαξ
2619 1015 2746 1089 καὶ
2823 1045 3063 1112 παρα-
3091 1040 3122 1097 5

643 1137 1017 1241 δεχθέντος
1085 1145 1214 1216 τοῦ
1289 1135 1399 1217 ὅτι
1472 1136 1771 1239 γέγονεν
1835 1136 2240 1239 ἄνθρακι-ος,
2306 1136 2441 1215 ἔδει
2504 1132 2779 1213 λοιπὸν
2845 1138 3066 1212 ἐκεῖνο

642 1258 1117 1341 διδάσκεσθαι
1166 1258 1332 1345 τοὺς
1380 1257 1980 1357 πεπιστευκότας,
2024 1258 2132 1339 ὅτι
2183 1262 2300 1338 καὶ
2348 1255 2535 1340 Θεὸς
2581 1256 2780 1336 κατὰ
2834 1258 3064 1363 φύσιν

639 1386 818 1482 ἐστὶ,
862 1383 980 1463 διὰ
1028 1393 1243 1465 τοῦτο
1292 1391 1586 1482 μᾶλλον
1627 1389 1777 1466 τοῖς
1826 1383 2258 1485 θεοπρεπέσι
2307 1385 2468 1483 περὶ
2527 1383 2759 1460 αὐτοῦ
2811 1378 3060 1483 λόγοις

640 1505 687 1606 ἢ
725 1514 872 1593 τοῖς
908 1505 1164 1613 ἑτέροις
1201 1505 1560 1615 ἐφήδεται.

751 1629 1117 1734 Θαυμάζω
1170 1630 1340 1711 δε”’
1301 1666 1496 1715 οπως
1544 1633 1675 1712 οὐκ
1723 1635 2035 1739 ἐρυθριᾷ,
2073 1631 2331 1734 λέγων,
2370 1635 2468 1715 ὡς
2521 1630 2824 1734 ἐπείπερ
2875 1629 3056 1776 μόνα
3081 1662 3130 1702 10

306 1764 471 1892 {262⁸
639 1791 734 1838 τα
766 1757 1071 1858 ὁμογενῆ
1111 1815 1154 1854 ,,
1175 1753 1309 1854 τὴν
1342 1753 1523 1857 πρὸς
1560 1755 1862 1854 ἄλληλα
1895 1757 2285 1860 σύγκρισιν
2321 1754 2826 1860 ἐπιδε’χεται,’
2780 1753 3056 1856 ἀνάγκη

641 1941 687 1979 ,,
711 1877 969 1963 αὐτους
997 1878 1537 1981 ὀμολογῆσαι,”
1499 1913 1607 1959 οτι
1638 1880 1678 1958 ὁ
1705 1879 1963 1982 Πατὴρ
1997 1879 2252 1982 μείζων
2273 1883 2402 1977 τῆς
2426 1885 2555 1957 τοῦ
2584 1884 3055 1980 Μονογενοῦς

641 2063 684 2102 ,‚
710 2002 1044 2103 θεότητος
1079 2001 1447 2107 ὑπάρχει.”
1489 2004 1618 2082 οὐκ
1647 2002 2065 2083 αἰσθάνεται
2091 2001 2255 2108 γὰρ,
2279 2006 2376 2086 ὦς
2412 2002 2616 2099 εἰκὸς,
2639 2000 2776 2082 τὸν
2803 2009 3054 2082 οἰκεῖον

582 2159 620 2203 e
641 2129 869 2234 ἑαυτῷ
916 2116 1319 2233 ἐξοπλίσας
1370 2127 1618 2228 λόγον·
1677 2125 1948 2229 λεγέτω
1999 2125 2143 2231 γὰρ
2195 2128 2364 2226 ἡμῖν
2398 2129 2621 2205 ἐκεῖνο
2670 2126 3052 2229 χρησίμως

639 2252 929 2354 ἐρέσθαι
981 2251 1455 2349 βουλομένοις
1510 2256 1607 2330 Αἱ
1660 2284 1843 2354 προς
1903 2251 2205 2350 ἄλληλα
2261 2256 2408 2330 τῶν
2461 2251 2817 2347 ὁμοειδῶν
2873 2283 3050 2351 συγ-
3075 2287 3126 2346 15

640 2373 930 2476 κρίσεις,
967 2372 1113 2454 ἀπο
1149 2373 1378 2454 ποίων
1412 2381 1707 2473 μᾶλλον
1745 2375 2185 2454 ἐπιτελοῖντο
2228 2372 2886 2475 πρεπωδέστερον·
2862 2437 2886 2468 ,
2949 2371 3050 2475 ἆρ’

638 2493 826 2604 ἐξ1Ρ
771 2530 871 2575 ων
908 2501 1073 2595 εἱσι,
1111 2494 1296 2576 κατά
1343 2531 1427 2602 γε
1476 2495 1604 2578 τὸν
1639 2494 1877 2577 κοινὸν
1913 2501 2043 2598 τῆς
2093 2498 2384 2605 φύσεως
2430 2494 2760 2599 λόγον,
2718 2533 2770 2598 η
2822 2496 3012 2606 ἐξ
2960 2534 3055 2577 ων

639 2621 949 2701 ἕκαστον
995 2620 1137 2725 ἔχει
1187 2628 1334 2701 τῶν
1378 2621 1524 2701 ὅσα
1572 2620 2056 2723 προσγίνεταί
2098 2655 2176 2700 τε
2225 2624 2341 2700 καὶ
2390 2620 2842 2722 ἀπογίνεται,
2893 2626 3048 2703 ἐνυ·

638 2743 897 2849 πάρχει
952 2779 1029 2825 τε
1086 2748 1202 2824 καὶ
1257 2745 1386 2825 οὐκ
1440 2743 1839 2850 ἐνυπάρχει,
1887 2747 1971 2824 δι’
2017 2747 2245 2829 αἰτίας
2300 2743 2692 2846 εὐλόγους;
2771 2744 2933 2824 οἷον
2986 2747 3055 2826 δὲ

639 2868 729 2968 δή
776 2902 846 2948 τι
902 2869 1108 2975 φημί·
1167 2868 1575 2972 παραθήσω
1632 2867 1776 2970 γὰρ
1831 2870 2051 2949 ἐκεῖνο
2100 2866 2439 2964 λαβῶν”
2400 2902 2575 2972 οπερ
2623 2865 2842 2952 αὐτος
2889 2871 3056 2969 ἡμῖν
3081 2908 3142 2949 20
3191 2874 3192 2885 ’

639 2992 1121 3090 εἶσκεκόμικεν
1155 3026 1253 3077 εις
1288 2992 1864 3096 παραδείγματος
1900 2990 2152 3094 λόγον·
2226 2992 2324 3072 Εἴ
2366 3027 2474 3077 τις
2523 2993 2892 3098 ἀνθρώπῳ
2929 2992 3059 3073 τὸν

639 3116 1019 3221 ἄνθρωπον
1044 3114 1386 3216 ἐθελήσω
1423 3118 1853 3220 συγκρίνειν,
1878 3122 1976 3201 εἶς
2010 3151 2141 3217 μεν
2176 3150 2304 3197 τον
2338 3115 2463 3196 ἕνα
2499 3150 2614 3195 και
2652 3114 2900 3195 κοινὸν
2929 3122 3060 3217 τῆς

307 3265 444 3322 849
465 3262 545 3320 Δ.
582 3278 618 3319 a
642 3242 892 3326 οὐσίας
941 3240 1381 3348 ἀποβλέψας
1429 3239 1682 3343 λόγον,
1722 3238 2127 3336 οὐδεμίαν’
2091 3241 2195 3320 επ’
2234 3242 2507 3344 ἀμφοῖν
2542 3241 2730 3341 εὕροι
2779 3241 3056 3348 διαφο-

636 3365 795 3472 ράν·
853 3363 1014 3446 οὐδὲ
1060 3363 1201 3470 γὰρ
1252 3364 1630 3469 ἅνθρωπος
1664 3362 2048 3467 ἀνθρώπου
2082 3364 2334 3444 διοίσει
2367 3361 2562 3459 ποτὲ,
2600 3360 2788 3441 κατά
2828 3397 2929 3465 γε
2974 3364 3060 3445 τὸ

639 3487 815 3570 εἶναι
856 3488 1035 3596 ζῷον
1057 3487 1378 3590 λογικὸν,
1400 3484 1686 3588 θνητὸν,
1712 3494 1837 3566 νοῦ
1874 3490 1991 3567 καὶ
2025 3485 2426 3587 ἐπιστήμης
2463 3483 2804 3566 δεκτικόν·
2840 3489 3060 3575 οὗτος
3085 3533 3143 3589 ²5

638 3614 783 3718 γὰρ
817 3614 892 3692 ἐν
928 3609 1229 3708 ἅπασιν,
1257 3609 1354 3695 εἷς
1388 3645 1466 3691 τε
1502 3615 1629 3711 τῆς
1668 3610 1918 3695 οὐσίας
1954 3612 2171 3710 αὐτῆς
2205 3609 2389 3715 ὅρος·
2438 3609 2609 3692 ἀλλ’
2640 3610 2796 3689 οὐδ’
2827 3611 3061 3699 ἵππος

638 3737 863 3818 ἵππου
924 3734 1076 3814 κατ’
1126 3731 1300 3814 αὐτό
1354 3768 1437 3836 γε
1493 3741 1706 3814 τοῦτο
1762 3731 1846 3814 τὸ
1901 3733 2119 3818 ἵππος
2184 3731 2367 3814 εἷναί
2420 3741 2627 3841 φημι,
2685 3734 3061 3840 διαφέρειν

639 3859 717 3940 δὲ
781 3859 1163 3964 ἄνθρωπον
1220 3858 1626 3963 ἀνθρώπου,
1688 3859 1854 3939 καθ’
1915 3858 2165 3959 ἥντινα
2227 3860 2357 3939 οὖν
2411 3855 2840 3958 ἐπιστήμην,
2904 3859 3062 3941 οἷον

638 3979 1164 4089 γραμματικὴν,
1201 3979 1248 4082 ἢ
1299 3988 1416 4062 καὶ
1465 3983 1635 4062 καθ’
1675 3981 1952 4086 ἐτέρους
1999 3981 2198 4066 τινὰς
2254 3983 2657 4063 τοιουτουσὶ
2703 3980 3054 4085 τρόπους.

637 4107 839 4187 ἀλλὰ
889 4116 1116 4189 ταῦτα
1164 4106 1299 4207 μὲν
1341 4109 1476 4212 οὐχ
1528 4106 1800 4214 ἅψεται
1846 4111 1976 4205 τῆς
2027 4105 2300 4205 οὐσίας,
2347 4106 2578 4187 αἰτίαν
2627 4103 2704 4184 δὲ
2751 4112 3062 4205 μᾶλλον
3086 4148 3140 4206 30

638 4233 883 4334 ἑτέραν
920 4230 1246 4338 λαχόντα
1291 4230 1643 4339 φαίνεται.
1723 4228 1926 4309 ἀλλὰ
1981 4234 2099 4310 καὶ
2151 4230 2373 4314 ἵππος
2426 4231 2559 4330 μὲν
2601 4229 2829 4309 ἵππου
2883 4234 3060 4334 δρο-

569 4375 612 4440 b
637 4355 1044 4459 μικῶτερος,
1100 4354 1146 4457 ἢ
1216 4353 1398 4436 κατὰ
1456 4360 1675 4454 σῶμα
1734 4353 1948 4453 μείων
2002 4352 2049 4454 ἦ
2115 4352 2788 4458 περιπληθέστερος,
2843 4355 3061 4455 πλὴν

715 4541 737 4579 1
785 4565 799 4580 .
836 4527 1004 4582 κοινὸν
1027 4527 1119 4595 τῆς
1142 4524 1357 4614 φῦσεως
1381 4524 1483 4580 hoc
1508 4523 1695 4579 ordine
1720 4524 1788 4579 E·
1947 4541 2034 4579 20.
2071 4521 2134 4593 δὴ
2160 4541 2268 4579 om.
2295 4523 2361 4578 E.
2503 4538 2593 4593 32.
2628 4542 2695 4576 πε
2670 4523 3055 4648 εὲιπληθέστε-

637 4618 729 4666 ρος
801 4598 1349 4667 .περιλειπιθεστερος
1376 4595 1439 4653 Ε.
1463 4592 1963 4666 περιλιπηθέστερος
1988 4594 2093 4651 Ed.
2117 4616 2206 4666 γρ.
2230 4591 2662 4666 περιλιπέστερος
2734 4591 2773 4648 d
2818 4610 2938 4666 mg.
