3238 5158
256 299 393 365 xiv.
425 321 526 369 20.
642 303 755 369 IN
816 304 884 371 S.
933 306 1439 376 JOANNEM.
1532 310 1727 376 LIB.
1774 310 1896 377 IX.
1987 311 2192 377 CAP.
2240 311 2295 376 Ι.
2534 309 2667 375 479

257 478 561 580 ψεῦδος,
597 473 1009 583 ἐξέλκοντες
1042 475 1177 578 μὲν
1211 483 1341 580 τῆς
1375 487 1506 559 τοῦ
1547 477 1839 584 Πατρὸς
1877 480 2129 563 οὐσίας
2162 476 2291 559 τὸν
2329 478 2417 585 ἐξ
2446 476 2666 557 αὐτοῦ

258 603 384 679 καὶ
440 598 530 679 δι’
573 602 794 681 αὐτοῦ
850 601 1050 700 Υἱὸν,
1100 601 1421 706 σαθροῦς
1476 602 1554 684 δὲ
1609 605 1777 683 λίαν
1829 605 2310 702 ἐπινοούμενοι
2365 602 2660 705 λόγους,

257 726 385 803 καὶ
439 724 776 832 στροφὰς
831 724 1121 808 ἀτόπων
1175 731 1618 811 ἐπινοοῦντες
1680 734 2263 830 συλλογισμῶν·
2242 789 2265 825 ,
2349 727 2460 808 ὅτι
2522 725 2668 828 γὰρ

261 845 649 998 ἠγάπησεν
684 851 871 950 ἡμᾶς
916 850 1050 952 μὲν
1085 854 1127 932 ὁ
1175 852 1622 955 Μονογενὴς,
1656 852 2143 955 ἠγαπήσαμεν
2177 850 2254 932 δὲ
2304 856 2421 931 καὶ
2466 851 2666 950 ἡμεῖς

186 994 233 1056 5
264 971 503 1071 αὐτὸν,
539 975 764 1054 παντί
809 1009 915 1084 τῳ
962 978 1419 1080 προκείσεται
1474 981 1588 1057 καὶ
1646 979 1813 1057 λίαν
1858 979 2152 1081 ετοίμως
2209 979 2399 1073 ἰδεῖν,
2444 973 2667 1073 αὐτὴν

261 1096 599 1199 ἐπαθρεῖν
636 1098 952 1180 ἐθέλοντι
1006 1105 1135 1201 τῆς
1190 1102 1534 1201 ἀληθείας
1589 1100 1725 1201 τὴν
1762 1101 2012 1209 φύσιν.
2092 1104 2170 1181 ἐν
2211 1105 2463 1207 μορφῇ
2519 1098 2663 1201 γὰρ

263 1220 607 1326 ὑπάρχων
659 1233 791 1304 τοῦ
848 1230 1043 1306 Θεοῦ
1096 1228 1213 1306 καὶ
1270 1227 1585 1330 Πατρὸς,
1636 1238 1680 1275 “
1701 1229 1835 1379 οὐχ
1890 1225 2277 1329 ἁρπαγμὸν
2330 1226 2662 1328 ἡγήσατο
2685 1249 2729 1314 b
2752 1226 2884 1358 Ph}
2906 1226 2962 1278 ¹¹·

264 1344 431 1424 “rb
486 1343 661 1427 εἶναι
716 1348 846 1429 ἴσα
904 1354 1090 1458 Θεῷ,
1145 1353 1315 1430 ἀλλ’
1375 1351 1629 1432 ἑαυτον
1687 1353 1989 1432 ἐκένωσε
2049 1350 2343 1456 μορφὴν
2399 1348 2664 1431 δούλου

264 1478 312 1516 “
348 1471 666 1565 λαβών.υ
748 1471 899 1554 εἶτα
955 1477 1083 1573 τίς,
1139 1475 1300 1556 εἶπέ
1342 1509 1487 1576 μοι,
1542 1511 1690 1556 των
1743 1476 2082 1556 τοιούτων
2135 1476 2181 1576 ἡ
2241 1474 2654 1581 πρόφασις·
2636 1535 2657 1572 ,

138 1631 242 1675 10
267 1588 378 1705 ἆρ’
420 1598 504 1675 οὐ
536 1601 663 1696 τῆς
699 1603 798 1684 εἷς
835 1600 1024 1700 ἡμᾶς
1059 1600 1348 1703 ἀγάπης
1395 1602 1435 1680 ὁ
1483 1599 1758 1703 λόγος-ς
1820 1602 1937 1681 καὶ
1985 1605 2143 1684 πῶς
2191 1604 2392 1682 ἐστιν
2427 1599 2661 1708 ἀμφι-

263 1726 571 1818 βαλεῖν,
639 1720 724 1804 τὸ
782 1723 858 1805 δὲ
913 1728 1030 1804 καὶ
1084 1726 1271 1824 ἡμᾶς
1324 1726 1595 1807 ἐθέλειν
1637 1724 1829 1829 *ὑπὲρ
1883 1730 2216 1828 Χριστοῦ
2272 1726 2388 1803 καὶ
2443 1721 2666 1822 αὐτὴν

261 1845 557 1945 ἑτοίμως
610 1848 796 1954 ἔχειν
851 1849 1386 1952 καταπροέσθαι
1441 1856 1589 1934 τοῖς
1644 1850 1984 1930 διώκουσι
2041 1847 2173 1949 τὴν
2228 1844 2499 1954 ψυχὴν,
2548 1848 2666 1928 ἵνα

260 1969 365 2070 μὴ
414 1970 543 2052 τὸν
594 1974 864 2055 ἑαυτῶν
908 1975 1392 2076 ἄρνησώμεθα
1445 1974 1736 2078 Κύριον,
1775 1971 1885 2079 ἆρ’
1932 1976 2060 2055 οὐκ
2115 1971 2206 2053 ἂν
2255 1974 2665 2072 εἶσκομίσαι

259 2101 476 2203 σαφῆ
522 2097 656 2198 τὴν
694 2097 1064 2206 ἀπόδειξιν
1099 2103 1226 2199 τῆς
1273 2105 1370 2184 εἶς
1420 2099 1641 2180 αὐτὸν
1676 2096 2010 2202 ἁγάπης;
2073 2096 2243 2178 ἀλλ’
2281 2094 2328 2197 ἢ
2375 2097 2665 2183 πάντως

138 2244 233 2306 15
260 2222 528 2322 ἀληθὲς
602 2227 750 2327 ε’ρεῖ
813 2258 919 2308 τις
994 2227 1111 2303 καὶ
1184 2232 1418 2321 τοῦτο,
1477 2222 1522 2325 ἢ
1596 2230 1743 2305 τῶν
1813 2224 2040 2326 ἁγίων
2103 2228 2660 2328 καταψηφιεῖται
2685 2249 2722 2294 0

259 2347 674 2452 μαρτύρων,
735 2353 832 2435 ὡς
894 2349 1001 2430 ἐπ’
1062 2351 1289 2430 οὐδενὶ
1352 2357 1499 2429 τῶν
1553 2352 1934 2456 χρησίμων
1994 2346 2485 2447 διηθληκότων
2544 2346 2663 2427 διὰ

261 2474 615 2574 Χριστὸν,
691 2477 808 2553 καὶ
887 2476 1148 2574 ἀμισθὶ
1226 2482 1578 2555 τοσοῦτον
1658 2471 2231 2572 ἀνατλησάντων
2308 2470 2655 2551 κίνδυνον.

261 2598 855 2701 ἀποδεδειγμένου
895 2608 1298 2703 τοιγαροῦν,
1337 2603 1452 2680 καὶ
1503 2599 1710 2697 μάλα
1761 2605 2046 2704 σαφῶς,
2084 2600 2181 2682 ὡς
2216 2598 2497 2677 τελείαν
2531 2594 2665 2694 μὲν
2717 2653 2720 2658 -

264 2724 307 2803 ὁ
355 2723 615 2826 Πατὴρ
669 2730 767 2809 εἰς
820 2722 949 2805 τὸν
983 2723 1165 2805 Υῖόν
1217 2723 1360 2828 ἕχει
1414 2722 1548 2823 τὴν
1597 2722 1909 2826 ἀγάπην,
1954 2719 2358 2826 ἱσοτρόπως
2413 2718 2490 2799 δὲ
2546 2722 2663 2799 καὶ

136 2878 235 2919 20
263 2846 479 2932 αὐτὸς
543 2852 793 2958 ἀγαπᾷ
853 2847 982 2929 τὸν
1031 2847 1343 2950 Πατέρα,
1398 2848 1517 2928 καὶ
1574 2849 1770 2949 ἡμεῖς
1829 2847 1961 2946 μὲν
2017 2844 2254 2942 αὐτὸν,
2310 2841 2522 2928 αὐτὸς
2586 2842 2664 2923 δὲ

260 2971 469 3072 ἡμᾶς,
518 2981 724 3054 ποῖον
779 2970 869 3053 ἂν
918 2972 1068 3078 ἔχοι
1120 2970 1349 3075 λόγον
1402 2972 1487 3053 τὸ
1544 2980 1642 3055 εἱς
1695 2970 1972 3074 ἑτέρους
2030 2969 2307 3049 οἴεσθαι
2361 2967 2665 3073 χρόνους

258 3096 711 3179 ἀνάπτεσθαι
769 3133 992 3203 τυχον
1049 3095 1184 3197 τὴν
1240 3099 1355 3177 ἐπὶ
1417 3100 1599 3205 τῷδε
1665 3095 2083 3245 διάγνωσιν,
2142 3091 2317 3173 ὅταν
2372 3092 2555 3197 λέγῃ
2619 3093 2661 3170 ὁ

260 3223 582 3325 Κύριος’
592 3241 678 3304 Eu
715 3225 914 3317 ἐκείνη
952 3258 1028 3335 τη
1081 3219 1288 3333 ἡμέρᾳ
1337 3221 1729 3325 γνωτετθε’
1714 3228 1810 3302 ότι
1857 3216 1995 3324 ἔγω
2044 3220 2104 3300 ἐν
2143 3226 2237 3328 τῷ
2277 3224 2490 3325 Harpe
2540 3252 2660 3297 και

273 3349 721 3379 (((((

255 3383 447 3454 υμεις
485 3383 544 3429 εν
580 3383 725 3453 εμοι
770 3343 972 3451 κάγω
1010 3349 1069 3429 ἐν
1102 3351 1299 3452 ὑμιν·
1280 3409 1301 3442 ,

131 3494 227 3558 25
369 3469 620 3552 Ἀλλα
684 3506 827 3578 γαρ
884 3470 1142 3577 ε’ρῤέτω
1202 3470 1334 3570 μὲν
1393 3470 1484 3551 τὰ
1547 3471 1827 3551 ἐκείνων
1884 3467 2267 3572 ληρήματα
2333 3501 2450 3547 και
2516 3471 2658 3546 τῶν
2687 3479 2731 3545 d

251 3596 621 3696 μισοθέων
670 3603 1054 3700 λογισμῶν
1098 3597 1144 3697 ἡ
1199 3593 1650 3700 παρεύρεσις·
1718 3594 1917 3695 ἡμεῖς
1972 3593 2049 3674 δὲ
2105 3597 2196 3700 τῇ
2250 3601 2381 3674 τοῦ
2428 3592 2662 3672 Πνεύ-

251 3756 483 3823 ματος
548 3720 894 3828 δᾳδουχίᾳ
953 3718 1478 3875 θαρσήσαντες,
1542 3726 1759 3802 εἰπεῖν
1822 3720 1952 3800 οὐκ
2014 3717 2417 3819 ὀκνήσομεν
2478 3713 2662 3821 ἅπερ

253 3847 585 3953 ἐδοξεν”
535 3881 723 3952 εχειν
760 3847 1063 3950 ὀρθῶς“
1027 3880 1204 3950 υπερ
1247 3845 1649 3952 σαφηνείας
1692 3851 1840 3927 τῶν
1875 3844 2338 3949 ζητουμεᾞνων
2410 3876 2650 3946 προει·

249 3973 490 4077 ρηκὼς
537 3980 920 4075 τοιγαροῦν
956 3981 1001 4018 “
1024 3970 1277 4051 'Orc’
1240 4005 1384 4074 εγω
1422 4005 1536 4051 και
1578 3972 1766 4068 ὑμεῖς
1805 3967 2177 4074 ζήσεσθε,”
2216 3969 2660 4072 παραχρῆμα
2749 3983 2918 4048 Supra

132 4133 223 4194 30
252 4096 536 4181 τούτοις
567 4094 965 4199 ἐπενεγκων
996 4097 1396 4200 εὑρίσκεται
1433 4102 1541 4176 Ἐν
1577 4097 1778 4186 ἐκείνη
1823 4130 1900 4206 τη
1950 4092 2162 4203 ἡμέρα
2195 4088 2593 4194 yvmeoeos‘
2561 4127 2656 4171 οτι
2749 4066 2853 4100 m
2881 4064 2958 4115 ¹⁹

255 4219 398 4326 ε’·γω
436 4229 496 4302 ἓν
531 4229 626 4332 τῷ
663 4225 891 4331 Han-pi
920 4257 1052 4328 μου
1093 4256 1212 4301 και
1253 4224 1438 4328 ὑμεῖς
1480 4221 1540 4302 ἐν
1578 4221 1723 4326 ἐμοι
1765 4215 1970 4323 καὶγω
2005 4219 2066 4300 ἐν
2101 4220 2271 4325 ὑμῖν.
2333 4211 2486 4295 εἶτα
2521 4216 2658 4296 τίνι

254 4489 1187 4635 dz‘oeiiaoeufflgffinxffln
1250 4488 1307 4544 8.
1337 4485 1557 4628 μορὲφὴιῆ
1570 4484 1781 4613 δέυἊέἕ
1785 4483 2105 4628 lzgcgordffi
2126 4484 2188 4540 Ε.
2385 4496 2469 4551 13.
2504 4479 2658 4550 ἀρνη-

1069 4560 1169 4616 ”E
1943 4579 1974 4626 η
