3238 5158
270 524 435 589 Supra

268 605 373 641 ver.
399 605 480 653 44.

612 361 741 423 104
1207 359 1284 423 Β.
1334 357 1756 423 CYRILLI
1815 358 2397 423 ALEXANDR.
2751 357 2881 421 viii.
2908 354 3018 436 46.

772 525 801 553 Χ

607 527 818 628 φησι,
856 533 901 570 “
937 530 1159 603 λαλεῖ
1199 520 1287 603 τὸ
1334 527 1628 631 ψεῦδος,
1666 525 1743 603 ἐκ
1780 529 1927 603 τῶν
1965 523 2160 603 ἰδίων
2193 529 2431 603 λαλεῖ·
2496 522 2828 628 ψεύστης
2873 519 3019 624 γάρ

606 657 651 693 “
688 649 848 726 ἐστι
904 643 1141 731 καθὼς
1199 650 1317 727 καὶ
1372 649 1413 727 ὁ
1468 645 1714 749 πατὴρ
1768 648 2056 727 aomo-’⁹
2119 653 2188 727 τί
2239 652 2389 731 τοῖς
2445 644 2833 748 εἰρημένοις
2889 645 3020 724 οὐκ

606 768 898 874 ἀδελφὰ
952 769 1405 875 λογιζόμενοί
1452 806 1530 851 τε
1590 773 1707 851 καὶ
1760 770 2218 873 πράττοντες,
2267 772 2483 870 κάμοὶ
2538 771 2828 871 λέγοντι
2884 767 3019 870 τὴν

605 892 917 988 ἀλήθειαν
976 900 1043 974 οὐ
1099 893 1464 991 πιστεύετε,
1517 893 1629 974 ὅτι
1685 893 1886 997 παρὰ
1940 890 2284 994 ἀλήθειαν
2328 892 2448 973 διὰ
2503 902 2715 973 τοῦτο
2765 901 3010 989 λαλῶ,

604 1019 893 1119 ἐπείπερ
930 1020 1069 1115 εἰμὶ
1107 1021 1225 1098 καὶ
1261 1019 1484 1101 οὕτως
1521 1016 1803 1118 ἀληθὴς
1840 1015 2165 1119 καθάπερ
2211 1019 2328 1097 καὶ
2377 1019 2418 1097 ὁ
2461 1014 2769 1119 Πατήρ;
2832 1016 3018 1100 εἰκὸς
3043 1039 3079 1099 5

606 1141 682 1222 δὲ
720 1141 950 1242 δήπου
988 1140 1379 1247 διελέγχειν
1417 1141 1636 1221 αὐτὸν
1675 1143 2059 1225 Ἰουδαίους
2104 1144 2589 1226 ἀσθενοῦντας
2637 1139 2756 1220 διὰ
2803 1149 3017 1221 τοῦτο

605 1264 789 1368 πρὸς
824 1266 910 1346 τὸ
943 1266 1044 1366 μὴ
1083 1262 1440 1345 δύνασθαι
1475 1263 1642 1349 τοὺς
1675 1264 1763 1372 ἐξ
1799 1266 2142 1365 ἀληθείας
2186 1266 2663 1369 χωρήσαντας
2714 1263 3010 1367 λόγους,

608 1390 896 1495 ε’πείπερ
933 1393 1061 1472 οὐκ
1096 1393 1236 1470 εἶσὶ
1287 1394 1415 1489 τῆς
1469 1391 1813 1489 ἀληθείας
1864 1393 2022 1469 υἱοί.
2104 1389 2612 1494 ἐπιψεύδονται
2662 1386 2736 1468 δὲ
2781 1389 3018 1490 μάτην

270 1531 402 1586 566
426 1529 505 1584 A·
550 1544 586 1583 a
608 1516 880 1600 ἑαυτοῖς
914 1514 1190 1617 πατέρα
1227 1513 1353 1594 τὸν
1376 1511 1569 1593 Θεὸν
1606 1512 1781 1592 ὅταν
1810 1512 2129 1614 λέγωσιν
2160 1523 2204 1560 “
2228 1510 2421 1593 Ἕνα
2453 1511 2728 1616 πατέρα
2761 1512 3020 1618 ἔχομεν

270 1606 437 1670 Supra

266 1688 373 1722 ver.
395 1684 477 1733 41.

270 1763 435 1841 §upra

268 1845 337 1880 ur.
368 1843 446 1890 24.

608 1650 651 1688 κ
736 1637 759 1666 Ν
976 1640 999 1666 ἱ
1077 1640 1116 1667 9,
1220 1639 1238 1664 C
1367 1637 1388 1666 ἱ
1555 1636 1577 1665 Χ
1805 1636 1827 1660 5
2122 1640 2144 1666 Χ
2272 1635 2307 1666 θ
2550 1634 2581 1665 ἢ
2704 1638 2723 1662 D
2803 1637 2823 1663 Ι

686 1674 815 1720 τον
864 1645 1075 1721 Θεον.
1206 1673 1246 1718 ο
1301 1672 1432 1736 μεν
1486 1672 1632 1740 γαρ
1690 1641 1899 1734 Θεος,
1956 1645 2210 1742 φησιν,
2269 1647 2462 1720 ολως
2526 1672 2626 1716 ων
2680 1644 3010 1738 αληθεια,
3050 1667 3125 1708 10

605 1765 838 1868 χαίρει
913 1769 1004 1868 τῇ
1083 1763 1405 1868 ἀληθείᾳ,
1465 1772 1511 1810 “
1549 1763 1666 1841 καὶ
1720 1758 1886 1844 τοὺς
1963 1769 2551 1864 προσκυνοῦντας
2628 1760 2866 1859 αὐτὸν,
2941 1765 3018 1843 ἐν

607 1897 651 1933 “
690 1887 991 1993 ἀληθείᾳ
1048 1889 1167 1965 καὶ
1222 1884 1619 1984 πνεύματι”
1673 1885 2015 1981 βούλεται
2068 1892 2526 1986 προσκυνεῖν.
2605 1882 2699 1964 τὰ
2753 1884 2829 1964 δὲ
2889 1890 3020 1985 τῆς

558 2049 561 2050 ’
605 2009 945 2111 ἀληθείας
1005 2012 1218 2090 τέκνα
1276 2012 1551 2114 δέχεται
1614 2008 2006 2110 προθύμως
2069 2006 2154 2088 τὸ
2221 2006 2590 2110 συγγενὲς,
2649 2007 3012 2109 τουτέστι,

604 2131 738 2232 τὴν
783 2130 1149 2234 ἀλήθειαν.
1230 2139 1418 2239 ὑμεῖς
1465 2133 1542 2212 δὲ
1586 2130 1704 2211 διὰ
1753 2140 1964 2212 τοῦτο
2017 2132 2314 2235 λέγοντί
2355 2167 2476 2230 μοι
2524 2130 2657 2231 τὴν
2706 2132 3019 2226 ἀλήθειαν

610 2262 679 2337 οὐ
715 2256 1084 2350 πιστεύετε,
1122 2257 1412 2360 ἐπείπερ
1448 2258 1576 2336 οὐκ
1613 2254 1780 2335 ἐστὲ
1818 2261 1946 2355 τῆς
1984 2258 2322 2356 ἀληθείας
2359 2258 2516 2338 υἱοί.
2589 2254 2911 2337 τοιοῦτόν
2946 2291 3017 2336 τι
3053 2286 3124 2342 15

605 2415 728 2480 μοι
766 2384 960 2462 δοκεῖ
990 2381 1226 2483 λέγειν
1260 2380 1443 2484 πρὸς
1479 2382 1866 2464 Ἰουδαίους
1904 2382 1945 2459 ὁ
1988 2380 2274 2484 Κύριος,
2311 2377 2560 2461 ὁποῖόν
2593 2414 2731 2483 περ
2782 2379 2873 2459 ἄν
2909 2414 3020 2465 τις

608 2507 728 2584 καὶ
773 2507 882 2613 ἐφ’
924 2506 1163 2608 ἑτέρου
1211 2505 1681 2612 σχηματίσας
1733 2506 2004 2586 κατίδοι
2055 2511 2314 2590 καλῶς.
2394 2505 2664 2607 λεγέτω
2716 2502 2861 2606 γάρ
2911 2537 3021 2588 τις

544 2641 588 2705 b
614 2627 833 2735 τυχὸν
870 2637 1016 2710 τῶν
1050 2637 1460 2736 σωφρονεῖν
1509 2628 1860 2710 εἰωθότων
1905 2626 2089 2733 πρὸς
2137 2629 2555 2710 ἀκόλαστον
2602 2628 2755 2709 υἱὸν
2791 2626 3022 2730 ἤγουν

612 2753 891 2854 οἰκέτην
929 2752 974 2855 ἢ
1029 2757 1314 2855 γείτονα
1363 2760 1455 2834 Εἰ
1510 2761 1922 2858 σωφρονεῖν
1965 2787 2089 2833 σοι
2145 2756 2332 2833 δοκῶ
2390 2754 2724 2854 πορνείαν
2760 2786 3021 2857 παραι-

609 2878 969 2977 τούμενος,
1006 2882 1124 2959 καὶ
1179 2877 1312 2978 τὴν
1364 2881 1684 2957 ἐντεῦθεν
1731 2876 2107 2984 ὑπόληψιν
2151 2882 2279 2978 τῆς
2328 2880 2636 2978 ἐμαυτοῦ
2691 2882 3019 2984 κεφαλῆς
3051 2908 3130 2947 20

610 3008 707 3087 ὦς
783 3003 1224 3108 ποῤῥωτάτω
1300 3004 1532 3099 τιθεὶς,
1598 2997 1715 3081 διὰ
1787 3002 1865 3080 τί
1932 3003 2238 3085 ἀπειθεῖς
2312 3004 2430 3081 καὶ
2502 3002 2587 3080 οὗ
2658 3000 3021 3086 πιστεύεις

609 3125 896 3229 λέγοντι
952 3133 1243 3234 φαῦλον
1292 3126 1402 3206 ὅτι
1458 3127 1575 3206 καὶ
1631 3122 1964 3226 μυσαρὸν
1998 3124 2082 3205 τὸ
2132 3124 2438 3228 πρᾶγμά
2486 3128 2697 3223 ε’στι;
2761 3129 2878 3205 καὶ
2934 3128 3022 3205 οὐ

608 3249 840 3350 δήπου
917 3249 1205 3335 πάντως
1287 3256 1377 3356 τῇ
1457 3249 1712 3330 πεύσει
1798 3247 1930 3350 τὴν
2004 3251 2410 3350 ἀπολογίαν
2453 3249 3022 3352 ἀντεπάγεσθαι

609 3370 837 3475 ζητῶν
910 3372 1003 3454 τὰ
1075 3382 1368 3454 τοιαῦτα
1442 3372 1746 3479 φήσειεν
1820 3369 1931 3471 ἀν,
2005 3375 2175 3452 ἀλλ’
2253 3371 2341 3479 ἐξ
2412 3370 2512 3452 ὧν
2585 3376 3022 3454 ἀπειθοῦντα

609 3496 903 3578 δεικνύει
957 3505 1221 3604 σαφῶς
1274 3496 1699 3603 ἐξελέγχων,
1751 3495 1860 3576 ὅτι
1914 3496 2185 3601 χαίρων
2241 3503 2395 3581 ταῖς
2450 3498 2877 3582 ἀκολασίαις
2934 3499 3021 3577 οὗ
3051 3526 3136 3586 25

609 3628 834 3725 χωρεῖ
862 3620 990 3700 τὸν
1027 3617 1573 3723 σωφρονίζοντα
1610 3617 1859 3720 λόγον.

725 3745 983 3827 Οὕτως
1018 3745 1144 3823 οὖν
1182 3742 1322 3846 ἄρα
1360 3744 1476 3822 καὶ
1513 3745 1628 3822 ἐπὶ
1664 3749 1810 3823 τῶν
1833 3743 2204 3824 Ἰουδαίων
2237 3742 2615 3845 νοῆσομεν,
2646 3742 2818 3825 ὅταν
2857 3742 3023 3851 εἴπῃ

687 3927 735 3965 1.
771 3911 928 3963 λαλεῖ
949 3908 1100 3980 prius
1127 3907 1194 3964 Β.
1218 3910 1356 3978 λαλῇ
1386 3908 1569 3964 Holst.
1598 3906 1703 3962 Ed.
1908 3924 1959 3964 2.
1996 3907 2050 3963 τί
2076 3908 2143 3963 Β.
2166 3908 2231 3963 τὰ
2258 3907 2357 3964 Ht.
2383 3909 2488 3964 Ed.
2682 3928 2736 3974 4.
2773 3908 2853 3964 ὅτι
2875 3911 3024 3981 παρὰ

606 3978 854 4050 ἀλήθειαν
873 3979 1084 4034 restitui
1107 3997 1174 4034 ex
1195 3980 1278 4044 B„
1298 3997 1470 4062 quum
1495 3978 1822 4050 surrepsisse
1845 3996 1958 4034 non
1975 3978 2227 4034 videntur
2248 3998 2312 4033 ex
2341 3979 2544 4035 scribae
2566 3980 2669 4033 ἅνω
2691 4001 2750 4033 τε
2773 3981 2857 4034 καὶ
2882 3983 3022 4035 κάτω

606 4060 818 4105 errante
852 4052 1042 4105 oculo:
1093 4050 1187 4105 sed
1224 4050 1405 4105 omlsit
1438 4059 1501 4104 ut
1537 4049 1667 4113 vid„
1704 4055 1925 4120 propter
1960 4049 2331 4105 difficultatem
2372 4050 2467 4105 Ht.
2541 4049 2718 4104 Verba
2753 4050 3023 4122 quaedam

608 4120 792 4176 deesse
817 4120 1086 4186 videntur,
1113 4139 1159 4176 e.
1176 4140 1231 4191 g.
1262 4121 1485 4187 οἰόμενοι
1522 4119 1604 4175 ὅτι
1635 4120 1776 4191 παρὰ
1812 4124 1996 4175 κ.τ.λ.
2069 4121 2449 4175 Delendumne
2485 4122 2567 4176 διὰ
2604 4123 2759 4175 τοῦτο
2796 4139 2826 4175 e
2861 4120 2955 4175 lin.
2984 4121 3023 4175 6

606 4191 748 4247 infra
770 4192 909 4246 forte
933 4192 1022 4246 hic
1046 4210 1078 4246 a
1107 4191 1279 4247 scriba
1302 4191 1585 4247 additum?
1814 4205 1866 4261 7.
1901 4192 2095 4261 λόγους
2119 4198 2462 4262 assumptum
2488 4209 2552 4245 ex
2581 4191 2648 4246 Β.
2674 4192 2905 4246 συνιέναι
2931 4191 3024 4247 hie

608 4262 793 4317 deesse
820 4262 1001 4333 Heyse
1026 4262 1221 4317 visum.
1426 4280 1478 4332 9.
1516 4263 1605 4317 ἕνα
1633 4261 1698 4316 Β.
1723 4260 1808 4316 ἵνα
1836 4262 2103 4316 Holstenii
2129 4262 2500 4333 apographum
2525 4279 2636 4316 non
2660 4262 2679 4315 l
2749 4280 2846 4315 ens
2871 4262 3022 4317 Aub.

605 4333 805 4405 ἔχωμεν
831 4332 935 4387 Ed.
1034 4334 1228 4388 Statim
1250 4334 1343 4388 τὸν
1366 4336 1500 4388 Θεὸν
1522 4341 1865 4402 assumptum
1892 4351 1955 4387 ex
1985 4332 2052 4387 B.
2302 4350 2384 4388 12.
2419 4332 2636 4402 ἀληθείᾳ
2663 4353 2725 4386 κα
2768 4331 3024 4402 πνεύματι

605 4403 709 4458 hoe
734 4403 921 4457 ordine
950 4403 1013 4458 B.
1198 4403 1386 4471 14-16.
1423 4404 1515 4472 τὴν
1539 4405 1793 4474 alm—pot
1832 4411 2108 4473 assumpta
2131 4421 2196 4457 ex
2226 4404 2291 4457 B.
2324 4403 2439 4466 Ht„
2466 4420 2497 4456 a
2519 4426 2608 4472 μοι
2633 4402 2701 4457 ad
2725 4424 2817 4471 μοι
2840 4414 3024 4458 trans-

604 4474 787 4529 iliente
813 4483 875 4530 ut
898 4474 1006 4529 vid.
1033 4474 1260 4529 Auberti
1284 4475 1476 4530 scriba.
1739 4491 1823 4541 ²4·
1860 4474 2172 4530 ἀπειθοῦντα
2198 4474 2265 4529 Β.
2295 4472 2394 4528 Ht.
2419 4473 2704 4529 ἄπειθεῖται
2729 4473 2896 4538 Aah„
2965 4476 3026 4529 ui

604 4545 826 4600 adnotat
850 4545 1219 4616 apographum
1245 4564 1407 4600 suum
1430 4545 1763 4601 ἀπειθοῦντα
1786 4545 1982 4616 legere.
2308 4558 2393 4616 25.
2430 4544 2739 4601 ἀκολασίαις
2764 4561 2923 4600 emen
2963 4555 3024 4600 at

607 4615 812 4688 Migne.
837 4616 1153 4674 ἀπολασίαις
1177 4616 1322 4672 Aub.
