3238 5158
161 378 534 447 xv.12,13.
595 362 706 426 IN
764 363 835 427 s,
884 359 1398 430 JOANNEM.
1492 361 1685 430 ΜΒ,
1731 365 1813 430 x.
1903 365 2112 432 GAP.
2160 364 2255 432 11.
2434 369 2562 431 5⁷⁷

164 526 520 626 Χριστοῦ,
561 531 833 607 πολλοὶ
889 530 1057 609 λίαν
1099 534 1165 609 οἱ
1199 530 1729 628 ’ἀνθιστάμενοι
1784 535 1902 611 καὶ
1958 537 2340 626 δυσσεβῶς
2395 533 2555 612 ε’πι-

160 646 537 752 τρίζοντες·
601 653 771 730 ἀλλ’
812 657 870 732 εἱ
915 655 1030 732 καὶ
1069 647 1316 757 δριμὺς
1354 656 1394 733 ὁ
1433 651 1697 762 φόβος,
1743 658 1857 735 καὶ
1915 652 2283 735 δεινότατα
2337 655 2430 735 τὰ
2484 658 2561 735 ἐκ

160 775 293 871 τῆς
338 776 728 876 ἐπιβουλῆς
772 777 1222 858 διανίσταται
1274 776 1573 877 κύματα,
1616 779 1836 881 λόγος
1883 788 2012 859 τοῦ
2048 784 2302 860 παθεῖν
2338 780 2563 864 οὐδεὶς

162 893 366 1000 παρά
413 932 497 997 γε
547 906 696 983 τοῖς
745 902 1034 1001 ἀληθῶς
1081 905 1451 1002 μαθηταῖς,
1488 899 1638 981 ἔστ’
1680 897 1771 982 ἂν
1807 902 1899 982 ἴοι
1946 899 2128 1006 πρὸς
2174 902 2388 1005 ἔργον
2424 904 2557 983 αὖ·

95 1042 134 1104 5
164 1026 316 1104 τοῖς
371 1021 463 1101 τὰ
510 1026 588 1102 ε’κ
630 1028 758 1123 τῆς
792 1025 1080 1127 ἀγάπης
1126 1023 1674 1129 κατορθώματα,
1718 1021 2005 1127 ἀγάπης
2061 1028 2150 1106 δέ
2191 1033 2380 1133 φημι
2434 1030 2562 1126 τῆς

163 1145 519 1247 τοιαύτης,
576 1148 830 1228 ὁποίαν
878 1148 1056 1252 πρὸς
1113 1150 1298 1250 ἡμᾶς
1357 1148 1715 1256 ὑπέδειξεν
1770 1152 1810 1229 ὁ
1869 1150 2147 1251 Σωτὴρ,
2204 1161 2247 1198 “
2267 1148 2347 1234 ὃς
2402 1152 2561 1230 ἀντὶ
2653 1157 2895 1274 {bb-¹¹³·

165 1278 214 1316 “
251 1275 378 1369 τῆς
432 1273 895 1375 προκειμένης
938 1275 1130 1381 αὐτῷ
1188 1280 1414 1378 χαρᾶς
1464 1274 1786 1373 ὑπέμεινε
1842 1273 2178 1376 σταυρὸν,
2215 1274 2560 1379 αἰσχύνης
2688 1260 2701 1273 ⁰

167 1404 215 1441 ‘⁴
252 1395 888 1503 καταφρονήσας,”
972 1399 1089 1477 ἵνα
1169 1405 1315 1482 τοῖς
1391 1398 1838 1500 ἡμαρτηκόσι
1921 1397 2349 1504 κατορθώσῃ
2431 1398 2564 1498 τὴν
2590 1413 2633 1479 b

169 1521 556 1621 σωτηρίαν.
616 1527 675 1600 εἰ
713 1520 788 1602 δὲ
824 1521 925 1622 μὴ
960 1528 1218 1604 παθεῖν
1254 1523 1624 1623 ἠθέλησεν
1662 1520 1836 1625 ὑπὲρ
1872 1522 2096 1621 ἡμῶν,
2127 1519 2306 1622 ἦμεν
2340 1521 2430 1603 ἂν
2464 1522 2565 1603 ἔτι

68 1678 93 1717 ι
108 1675 149 1715 0
176 1646 438 1744 νεκροὶ,
489 1644 746 1724 οἰκέται
790 1645 1157 1743 διαβόλου,
1211 1655 1256 1692 “
1283 1649 1507 1749 μωροὶ
1562 1648 1680 1725 καὶ
1735 1648 2001 1753 τυφλοὶ
2032 1645 2070 1672 ”
2133 1649 2247 1725 καὶ
2295 1643 2566 1729 παντὸς
2655 1647 2905 1777 sxffss‘gj

176 1765 502 1863 μένοντες
554 1769 842 1852 ἐπιδεεῖς
906 1773 1204 1871 ἀγαθοῦ,
1260 1770 1520 1869 ἡδονῆς
1583 1768 1661 1848 δὲ
1719 1771 1966 1849 δοῦλοι
2023 1770 2139 1849 καὶ
2195 1769 2592 1871 ‹impr-‘'az-

177 1899 224 1937 “
257 1891 569 1971 Ἐλπίδα
617 1890 716 1992 μὴ
753 1893 1034 1997 ἔχοντες
1082 1898 1197 1973 καὶ
1236 1892 1430 1973 ἄθεοι
1468 1896 1541 1972 ἐν
1587 1898 1690 1998 τῷ
1739 1891 2059 2001 κόσμῳ.”
2120 1896 2270 1972 νυνὶ
2324 1890 2402 1972 δὲ
2451 1896 2592 1972 καῖ’
2658 1897 2867 2015 3⁸⁶3·

173 2011 398 2113 αὐτὴν
433 2015 611 2118 ὑπὲρ
644 2015 848 2116 ἡμῶν
879 2017 1139 2096 τέθεικε
1188 2015 1321 2116 τὴν
1356 2015 1608 2121 ψυχὴν
1644 2016 1733 2123 ἐξ
1763 2015 2051 2118 ἀγάπης
2085 2019 2214 2115 τῆς
2251 2023 2348 2099 εἰς
2383 2017 2568 2117 ἡμᾶς

171 2138 215 2216 ὃ
268 2137 550 2241 Σωτὴρ,
608 2143 724 2219 καὶ
779 2137 1216 2245 ἀσύγκριτόν
1281 2173 1441 2220 τινα
1506 2137 1638 2240 τὴν
1696 2141 2251 2246 φιλανθρωπίαν
2305 2143 2564 2220 ε’πιδει-

67 2278 143 2339 15
171 2260 505 2368 ξάμενος,
551 2261 909 2366 ζηλωτοὺς
959 2264 1282 2370 ἀπέφηνε
1339 2268 1454 2344 καὶ
1504 2264 2096 2368 τρισμακαρίους,
2151 2262 2432 2348 οὐδενὸς
2482 2263 2567 2343 τὸ

167 2385 521 2489 παράπαν
556 2395 701 2468 τῶν
735 2389 1030 2490 ἀγαθῶν
1065 2391 1395 2472 ἐπιδεεῖς.-

287 2513 635 2616 Ἀρμόσει
671 2511 801 2613 μὲν
838 2514 965 2593 οὖν
998 2519 1144 2594 τῶν
1179 2513 1731 2616 προκειμένωνὴ
1769 2511 2064 2612 δύναμις
2100 2511 2283 2593 κατὰ
2314 2520 2569 2594 τοῦτον
2594 2540 2629 2583 0

170 2633 372 2733 οἶμαι
407 2635 534 2716 τὸν
573 2633 856 2718 σκοπὸν
891 2645 1044 2722 ταῖς
1092 2636 1595 2721 θεοπνεύστοις
1643 2644 1787 2719 τῶν
1821 2643 2162 2736 μαθητῶν
2199 2642 2568 2742 κεφαλαῖς·

170 2765 233 2840 εὶ
273 2759 352 2839 δὲ
385 2759 471 2859 δὴ
508 2762 626 2840 καὶ
673 2768 773 2846 εἱς
819 2758 1141 2846 ἅπαντας
1193 2761 1366 2868 ἐξίοι
1412 2759 1499 2840 τὸ
1545 2759 1935 2863 εἶρήμενον,
1987 2757 2356 2839 τουτέστιν
2394 2760 2571 2852 Αὕτη

70 2927 149 2967 20
173 2886 351 2965 ἐστὶν
396 2889 430 2978 ἦ
483 2884 701 2977 ἐντολὴ
741 2890 776 2980 ἡ
826 2882 948 2992 ἑμῆ
994 2882 1107 2965 ’ἕνα
1157 2887 1500 2987 ἀγαπᾶτε
1556 2886 1907 2978 ἀλλήλους
1959 2881 2183 2969 καθὼς
2234 2882 2573 2985 ἠγάπησα

171 3011 384 3114 ὑμεῖς·
452 3007 648 3089 πολύ
684 3042 753 3088 τι
795 3015 942 3092 τοῖς
978 3006 1175 3092 ὅλοις
1217 3006 1592 3091 λυσιτελὲς
1629 3006 1745 3087 διὰ
1791 3012 1919 3104 τῆς
1974 3006 2258 3109 ἐρεύνης
2309 3004 2594 3106 εἶσβῆ-*’

170 3165 410 3212 σεται.
492 3139 548 3212 εἰ
599 3130 741 3235 γὰρ
778 3130 1071 3231 ἀπάσης
1120 3136 1247 3230 τῆς
1294 3139 1422 3210 τοῦ
1463 3134 1800 3234 Σωτῆρος
1853 3130 2056 3229 ἡμῶν
2093 3133 2390 3228 ἐντολῆς
2444 3127 2578 3229 τὴν

169 3252 566 3359 πλήρωσιν
602 3256 647 3356 ἡ
696 3260 793 3340 εὶς
849 3254 1207 3361 ἀδελφοὺς
1264 3257 1511 3357 ἀγάπη
1568 3261 1772 3356 τηρεῖ
1819 3258 1936 3333 καὶ
1991 3251 2382 3357 ἐργάζεται,
2422 3260 2577 3336 πῶς

169 3380 256 3460 οὐ
325 3380 493 3459 λίαν
552 3378 1134 3486 ἀξιοθαύμαστος
1193 3382 1235 3459 ὃ
1288 3378 1556 3478 ταύτην
1615 3377 1725 3457 ὅτι
1788 3376 2118 3477 μάλιστα
2181 3383 2577 3481 κατορθοῦν

68 3536 144 3597 25
171 3508 551 3606 ἐπιχειρῶν
601 3501 1083 3606 ἀλοιδορήτως
1140 3537 1215 3582 τε
1273 3506 1391 3583 καὶ
1446 3503 1899 3599 ἀνυπαιτίως,
1960 3498 2076 3581 ὅτε
2135 3507 2450 3599 πασῶν,ι
2476 3505 2571 3586 ὡς
2595 3509 2642 3577 d

169 3626 346 3710 ἔπος
395 3632 633 3724 εἰπεῖν,
671 3632 815 3706 τῶν
853 3628 1123 3727 ἀρετῶν
1160 3626 1602 3706 ἐναπόκειται
1651 3623 1737 3704 τὸ
1783 3624 2226 3728 κεφάλαιονς
2286 3624 2575 3728 δευτέρα

172 3749 325 3853 γὰρ
361 3753 486 3850 τῆς
522 3755 618 3833 εἰς
653 3748 846 3830 Θεὸν
883 3749 1171 3851 ἀγάπης
1208 3750 1252 3848 ἡ
1290 3755 1387 3833 εἰς
1425 3750 1802 3849 ἀλλήλους
1839 3750 2017 3847 ἐστὶ,
2057 3750 2173 3828 καὶ
2206 3754 2415 3828 πᾶσα
2449 3752 2576 3847 τῆς

171 3880 271 3959 εἷς
315 3872 508 3954 Θεὸν
543 3875 906 3968 εὐσεβείας
944 3874 987 3972 ἡ
1026 3871 1320 3972 δύναμις
1355 3872 1453 3957 ὡς
1487 3874 1562 3952 ἐν
1597 3873 1699 3953 ἑνὶ
1744 3872 1975 3980 τούτῳ
2011 3880 2575 3976 συμπεραιοῦται

173 4009 216 4045 “
255 3995 485 4105 λόγῳ,
529 4000 606 4078 ἐν
642 4002 745 4104 τῷ
779 3994 1230 4099 Ἀγαπήσεις
1265 3994 1394 4076 τὸν
1429 3997 1754 4097 πλησίον
1790 4024 1932 4076 σου
1969 3999 2066 4080 ὡς
2102 3995 2422 4076 ἑαυτόν.”
2559 4012 2568 4021 ‘
2663 3974 2778 4103 {³1⁵¹

1132 4243 1186 4292 ,4.
1224 4224 1295 4279 ἴοι
1323 4223 1389 4279 Ε.
1414 4221 1489 4293 εἴη
1517 4223 1618 4280 Ed.

268 4702 411 4748 vot..
444 4702 521 4748 11.
1326 4701 1371 4763 4
1406 4700 1445 4744 n
