3238 5158
219 337 342 403 viii.
365 339 472 422 46.
790 347 907 412 IN
968 348 1034 413 s,
1083 302 1596 418 JdANNEM.
1691 350 2034 417 Lmvl.
2483 351 2605 413 105

220 503 536 607 Χριστός
576 516 656 587 Εἰ
706 511 1018 607 ἀλήθειαν
1054 515 1246 619 λέγω
1303 512 1421 598 διαὶ
1478 519 1544 597 τί
1597 523 1668 597 οὐ
1713 514 2069 598 πιστεύετέ
2106 552 2269 621 μοις
2327 512 2412 593 τὸ
2460 512 2607 615 γὰρ

218 632 356 707 τῶν
390 629 731 713 τοιούτων
764 638 1180 740 ἐρωτήσεων
1215 645 1472 746 σχῆμα
1504 641 2115 744 παραπίπτουσαν
2150 637 2292 742 ἔχει
2340 639 2458 716 καὶ
2501 636 2616 715 ἀεί

215 763 362 835 πως
393 758 914 910 παρακειμένην
947 763 1025 841 ἐκ
1061 769 1208 843 τῶν
1241 764 1711 868 ἐρωτωμένων
1746 765 2166 865 ὁμολογίαν,
2200 761 2608 866 ἐλέγχουσα

216 871 290 952 δὲ
320 882 617 973 μᾶλλον
649 880 905 966 αὐτοῦς
939 884 986 984 ἡ
1023 886 1461 991 ἐπερώτησις
1493 886 1678 967 κατὰ
1723 921 1807 967 το
1853 884 2050 967 πολὺ
2101 886 2282 993 φαίη
2329 918 2436 968 τις
2486 883 2600 963 ἅν.

155 1014 191 1077 5
216 993 312 1077 ὧν
344 997 490 1103 γὰρ
524 1001 723 1101 ἡμεῖς
759 1006 1154 1108 κεκτήμεθα
1191 1019 1585 1096 νοσοῦντας
1619 1006 1756 1110 τὴν
1790 1009 2087 1115 ἐρημίαν
2115 1006 2282 1092 τοὺς
2315 1008 2598 1111 ἧΡωΤη·

210 1121 462 1218 μένους
514 1126 1009 1234 ἐξελέγχομεν.
1083 1133 1395 1240 ἐπιτήρει
1440 1133 1603 1215 δὲ’
1563 1168 1760 1218 οπως
1806 1135 1937 1214 οῦκ
1983 1129 2391 1228 ἀπολύτως,
2433 1129 2602 1210 ἀλλ’

211 1245 293 1323 οῦ
328 1246 648 1331 καθόλου
683 1256 882 1359 φησί
912 1253 1056 1339 Διά
1090 1259 1166 1338 τί
1198 1264 1265 1338 οὐ
1301 1255 1660 1341 mcv-effer?
1684 1295 1842 1365 μοι,
1901 1255 2102 1338 ἀλλὰ
2144 1256 2607 1361 προστέθεικε

207 1368 290 1449 τό
337 1370 589 1477 Ὑμεῖς,
634 1376 1112 1478 αἰνιττόμενός
1165 1415 1321 1466 πως
1374 1381 1540 1467 τοὺς
1594 1380 2030 1486 ἀγριώτερον
2084 1382 2396 1461 ἀπειθεῖν
2450 1385 2604 1460 εἰω-
2629 1392 2675 1456 d

207 1491 447 1593 θότας,
483 1500 601 1577 καὶ
637 1500 1103 1608 ὖπεμφαίνων
1142 1508 1237 1589 ὡς
1273 1504 1618 1610 παρῆσάν
1654 1539 1839 1590 τινες
1887 1502 2391 1608 εὐγενεστέραν
2425 1502 2605 1587 ἴσως

107 1640 180 1683 10
206 1615 491 1720 ἔχοντες
525 1619 658 1720 τὴν
694 1622 1031 1725 διάνοιαν,
1069 1630 1187 1708 καὶ
1223 1629 1352 1708 οῦκ
1388 1631 1704 1733 ἀκριβεῖς
1740 1632 1870 1728 τῆς
1903 1635 2034 1708 τοῦ
2074 1625 2262 1708 Κοῖίν
2296 1631 2605 1731 δυστρο-

199 1740 373 1827 πίας
426 1742 594 1830 τοῦς
656 1753 1111 1853 χαρακτῆρας
1174 1752 1250 1832 ἐν
1299 1759 1449 1836 τοῖς
1513 1752 1710 1838 ἰδίοις
1773 1751 2027 1852 ἤθεσιν
2081 1747 2599 1852 ἀποσώζοντες,

197 1865 372 1945 ἀλλ’
452 1864 634 1948 ὅσον
705 1871 981 1952 οὐδέπω
1058 1873 1561 1983 προκόψαντες
1640 1878 1758 1957 καὶ
1838 1879 1938 1960 εἶς
2017 1874 2104 1956 τὸ
2186 1877 2264 1955 ε’ν
2336 1873 2605 1958 τέκνοις

197 1988 778 2074 κατατάττεσθαι
842 1999 1056 2079 Θεοῦ.
1151 2000 1339 2104 φημὶ
1403 1997 1549 2102 γὰρ
1610 1999 1893 2080 οἴεσθαι
1962 2002 2108 2079 δεῖν
2161 1996 2264 2099 μὴ
2327 1996 2605 2082 πάντας

196 2114 430 2217 ἄρδην
466 2117 800 2222 ἀκράτοις
834 2123 1200 2207 ἀπονοίαις
1233 2125 1731 2221 βεβαπτίσθαι
1778 2122 1945 2210 τοῦς
1977 2124 2388 2215 Ἰουδαίους,
2426 2124 2598 2203 ἀλλ’

94 2252 167 2317 15
193 2233 385 2319 εἶναί
441 2273 640 2326 τινας
699 2243 931 2347 ζῆλον
982 2244 1117 2345 μὲν
1178 2246 1473 2353 ἔχοντας
1531 2254 1745 2347 Θεοῦ,
1812 2245 2134 2352 καθάπερ
2198 2248 2239 2327 ὁ
2301 2245 2603 2331 Παῦλός
2692 2253 2841 2305 Rom.
2866 2270 2919 2305 ¹·

191 2367 412 2467 φησι,
447 2361 651 2465 πλὴν
686 2369 772 2446 οὐ
808 2369 963 2448 κατ’
1000 2370 1412 2473 ἐπίγνωσιν,
1450 2369 1569 2450 διά
1601 2405 1715 2452 τοι
1748 2378 1964 2452 τοῦτο
1994 2368 2239 2476 βραχῦ
2271 2373 2435 2474 περὶ
2469 2368 2602 2471 τὴν

185 2485 451 2567 πίστιν
484 2489 1024 2592 μελλήσαντας.
1101 2495 1178 2574 ἐν
1213 2494 1299 2575 δέ
1323 2528 1409 2600 γε
1443 2502 1590 2579 τοῖς
1628 2497 1815 2575 οὕτω
1861 2493 2316 2596 διακειμένοις
2362 2498 2594 2574 αἱτια-
2622 2524 2664 2569 ο

185 2607 486 2711 σόμεθα
536 2613 732 2696 πολὺ
788 2616 1197 2713 βλέποντας
1259 2625 1360 2705 εἷς
1421 2616 1669 2723 ὀργὴν,
1724 2621 1843 2701 καὶ
1896 2621 2220 2723 ἀκρατῶς
2276 2619 2602 2699 ἐκκεκαυ-

183 2735 456 2832 μένους
509 2742 610 2823 εἰς
661 2741 1100 2847 μιαιφονίαν,
1153 2741 1320 2827 τοῦς
1374 2745 1712 2827 ἀνοσίους
1767 2741 2099 2844 μάλιστα
2158 2749 2602 2846 γραμματεῖς

81 2885 156 2927 20
182 2861 304 2938 καὶ
347 2862 816 2964 Φαρισαίους,
854 2863 962 2949 οἷς
1009 2862 1168 2946 ἀν’
1129 2866 1470 2970 επάγοιτο
1517 2866 2111 2971 πρεπωδέστερον
2158 2868 2276 2946 καὶ
2328 2865 2413 2946 τό
2453 2864 2601 2948 Δια

179 2984 254 3062 τί
294 2988 497 3091 ὑμεῖς
550 2991 620 3065 οὗ
664 2985 1022 3070 πιστεύετε
1061 3025 1203 3096 μοι,
1240 2994 1477 3076 ιδικῶς
1519 3025 1768 3094 ωσπερ
1816 2991 2053 3073 αὐτοῖς
2107 2985 2241 3089 τὴν
2290 2988 2599 3094 ἄμετρον

178 3107 564 3189 ἀπείθειαν
608 3108 1057 3197 ἀνατιθέντος
1107 3117 1503 3218 Χριστοῦ..
1543 3115 1748 3196 αὐτοὶ
1799 3112 1944 3219 γὰρ
1999 3112 2194 3215 ἦσαν
2248 3118 2314 3194 οἱ
2368 3119 2594 3216 καθη-

173 3231 552 3333 γούμενοι,
597 3236 717 3314 καὶ
767 3235 1182 3342 συντρέχειν
1234 3243 1384 3322 τοῖς
1439 3243 1661 3347 σφῶν
1708 3237 2375 3341 ἀνοσιουργήμασιν
2422 3240 2597 3318 ἀνα-

172 3355 564 3442 πείθοντες
594 3356 681 3440 τὸ
719 3357 1057 3461 ὑπήκοον.
1137 3358 1258 3440 διά
1288 3394 1402 3442 τοι
1444 3371 1658 3444 τοῦτο
1695 3369 2260 3466 κατηγοροῦνται
2310 3362 2596 3446 δικαίως

76 3506 145 3565 25
172 3484 278 3568 ὦς
315 3482 631 3587 ἄραντες
675 3481 810 3583 τὴν
845 3486 1095 3565 κλεῖδα
1143 3488 1270 3585 τῆς
1322 3483 1681 3588 γνώσεως,
1717 3489 1836 3566 καὶ
1881 3483 2063 3587 μήτε
2112 3485 2596 3581 εισβαίνοντες
2681 3493 2730 3542 S
2747 3493 2871 3542 1⁴⁰⁰

2814 3572 2859 3608 2.

170 3606 415 3706 αὐτοὶ,
485 3606 1001 3693 διακωλύοντες
1073 3606 1150 3689 δὲ
1224 3611 1343 3689 καὶ
1414 3608 1715 3714 ἑτέρους.
1821 3608 1964 3715 ἔχει
2029 3610 2268 3690 τοίνυν
2325 3642 2411 3689 το
2476 3609 2602 3690 καί
2615 3646 2652 3685 a
2681 3559 2859 3687 ¹5¹6}
2843 3630 2925 3689 A.

165 3728 418 3838 ’Ὑμεῖς
461 3731 873 3837 ἲδικωτέραν
908 3730 1163 3837 ὥσπερ
1197 3730 1382 3837 πρὸς
1416 3731 1585 3818 τοῦς
1619 3734 2054 3837 ήγουμενους
2088 3731 2421 3835 μάλιστα
2462 3731 2597 3833 τὴν

167 3853 593 3966 ἀναφοράν.

237 4103 297 4158 3.
339 4084 452 4142 ἕλ’
525 4106 661 4141 ovea
684 4085 757 4145 B.
780 4086 965 4143 Holnt.
988 4086 1199 4160 ἶλέγχει
1223 4085 1920 4154 Aub.4.af1rm·12
1941 4084 2192 4142 emendat
2106 4085 2415 4214 ωὖςΗεγεο.
2437 4086 2596 4144 αὐτὸς

167 4155 236 4213 Β.
267 4158 380 4215 Ht.
571 4156 678 4213 Ed.
939 4171 992 4226 5.
1029 4161 1312 4217 νοσοῦντας
1334 4156 1403 4213 Β.
1428 4156 1530 4213 Ht.
1555 4161 1832 4215 νοσοῦντες
1854 4156 2001 4213 Aub.
2106 4156 2596 4228 Me‘poern

163 4229 546 4303 ὄξελέγχομεν
570 4228 638 4285 Β.
663 4227 765 4284 Ht.
835 4226 1092 4284 lacuna
1078 4246 1134 4283 m
1160 4227 1263 4284 Ed.
1288 4226 1642 4311 ἢρωτημένους
1664 4227 1961 4284 emendavi.
2147 4226 2310 4295 4.ἆπ
2471 4250 2499 4285 ς
2524 4227 2593 4283 Β.

162 4299 435 4357 ἀπονοίας
462 4297 570 4354 Ed.
782 4314 873 4355 υ.
906 4299 1067 4355 αὐτοῦ
1094 4298 1161 4354 Β.
1190 4298 1291 4356 Ht.
1311 4298 1615 4357 emendavit
1638 4309 1701 4355 ut
1724 4298 1983 4356 adnotat
1967 4315 2084 4370 ιριο
2107 4297 2254 4355 Aub.

245 4687 410 4734 VOL.
449 4685 531 4733 11.
1394 4687 1432 4730 P
