3238 5158
212 371 273 415 x.
307 365 407 435 17.
588 351 706 417 IN
768 351 834 418 S.
884 341 1398 416 JOANNEM.
1490 350 1685 416 LIB.
1716 350 1840 415 VI.
1931 350 2138 416 CAP.
2184 351 2242 417 Ι.
2496 349 2627 415 239

213 521 617 621 θεωροῦντα
665 514 796 599 τὸν
829 516 1054 597 λύκον
1091 514 1495 622 ἐρχόμενον,
1533 517 1651 596 καὶ
1703 513 1960 596 ἀνέντα
2011 513 2145 613 μὲν
2179 511 2312 614 τὴν
2348 509 2629 616 ἀγέλην

215 644 650 742 ἐπιπηδῶντι
702 645 820 722 καὶ
869 641 1298 749 μαινομένῳ,
1335 640 1773 744 τρεπόμενον
1810 638 1886 720 δὲ
1931 638 2115 743 πρὸς
2161 636 2425 748 φυγὴν,
2463 638 2503 716 ὃ
2540 633 2630 736 δὴ

198 768 333 865 ,καὶ
382 768 703 869 δρῶντας
755 764 1110 873 ἐξήλεγχε
1167 764 1335 850 τοὺς
1389 764 1636 870 ἄρχειν
1680 763 2050 869 λαχόντας
2096 772 2227 844 τοῦ
2262 760 2631 841 Ἰουδαίων

215 897 420 985 λαοῦ,
473 890 632 990 ἤτοι
689 891 946 988 αὐλῆς.
1029 892 1104 969 ἐν
1159 890 1399 998 ταύτῷ
1467 896 1858 992 τοιγαροῦν
1914 890 2033 967 καὶ
2088 891 2448 986 θεομισεΐς
2513 884 2632 963 καὶ

156 1032 192 1092 5
218 1015 664 1108 ἀσεβοῦντας
715 1015 999 1119 ἐλέγχει
1047 1012 1167 1094 διὰ
1213 1021 1344 1093 τοῦ
1392 1011 1493 1112 μὴ
1546 1011 1990 1119 καταφρίξαι
2038 1017 2267 1114 γελᾶν
2302 1010 2388 1090 τὸ
2430 1005 2632 1109 παρὰ
2653 1033 2691 1073 a
2727 1019 2863 1075 658
2880 1017 2967 1074 A»

218 1139 323 1244 τῶ
358 1143 525 1245 Θεῷ
573 1137 1021 1235 τιμιώτατον.
1090 1139 1519 1239 ἠγαπῆσθαι
1572 1135 1803 1241 γεμὴν
1848 1133 2049 1237 παρὰ
2103 1142 2232 1215 τοῦ
2273 1139 2468 1214 Θεοῦ
2516 1131 2634 1210 καὶ

222 1260 516 1364 Πατρος
581 1261 1090 1416 διισχυρίζεται
1155 1259 1505 1365 Χριστὸς,
1562 1261 1697 1366 οὐχ
1752 1294 1862 1341 οτι
1918 1257 2143 1358 μόνον
2196 1256 2446 1358 τίθησι
2499 1250 2634 1353 τὴν

220 1385 495 1502 ψυχὴν,
520 1388 691 1465 ἀλλ’
733 1388 827 1466 ’ὅτι
867 1384 1189 1480 τίθησιν”
1164 1422 1267 1466 ινα.
1307 1389 1425 1465 καὶ
1463 1387 1694 1490 λάβῃ·
1737 1386 1815 1464 ἐν
1846 1383 1990 1487 γὰρ
2027 1381 2115 1484 δή
2154 1416 2265 1463 τοι
2302 1377 2633 1480 μάλιστα

220 1511 453 1618 τούτω
506 1516 654 1591 τῶν
708 1545 805 1596 εις
860 1510 1045 1609 ἡμᾶς
1102 1509 1686 1614 κατωρθωμένων
1743 1511 2040 1611 ἀγαθῶν
2095 1503 2486 1605 διαλάμπει
2547 1536 2634 1582 το

121 1667 198 1709 10
220 1588 541 1738 μέγεθος.
640 1640 700 1714 εἰ
754 1632 900 1738 γὰρ
955 1633 1310 1733 ἐτεθνήκει
1368 1634 1499 1732 μὲν
1555 1630 1799 1732 μόνον,
1842 1630 1945 1732 μὴ
2007 1629 2354 1735 ἐγήγερτο
2410 1626 2508 1724 δὲ,
2564 1624 2642 1706 τί

223 1758 309 1839 τὸ
363 1759 591 1841 πλέον
638 1755 729 1858 ἦν
776 1756 932 1855 ἕτι;
998 1757 1183 1838 κατὰ
1239 1759 1315 1837 τί
1364 1757 1434 1837 δ’
1478 1757 1568 1838 ἂν
1610 1756 1746 1857 τὴν
1792 1754 2025 1864 φύσιν
2069 1753 2345 1855 ὀνήσας
2400 1749 2633 1857 ἐφάνη

226 1882 470 1987 νεκρὸς
519 1880 661 1962 σὺν
704 1882 873 1981 ἡμῖν
909 1882 1316 1981 ἀπομείνας,
1353 1879 1493 1962 ὑπὸ
1544 1879 1639 1962 τὰ
1687 1889 1815 1961 τοῦ
1866 1878 2180 1961 θανάτου
2228 1874 2467 1975 δεσμὰ
2514 1880 2631 1956 καὶ

227 2005 368 2089 ὑπὸ
417 2011 544 2107 τῆς
592 2003 1019 2086 ἐπεισάκτου
1071 2010 1352 2113 φθορᾶς
1400 2004 1674 2112 ἀναμὶξ
1716 2011 1866 2090 τοῖς
1916 2003 2179 2085 ἅλλοις
2232 1998 2619 2104 τυραννού-

226 2164 492 2232 μενος;
577 2126 815 2227 ἐπειδὴ
882 2129 959 2210 δὲ
1022 2129 1330 2209 τέθεικεν
1369 2127 1518 2210 Ἵνα.
1577 2134 1695 2208 καὶ
1749 2127 1978 2234 λάβῃ,
2034 2127 2385 2207 διέσωσεν
2447 2124 2630 2224 ὅλην
2652 2136 2695 2202 b

125 2280 200 2341 15
228 2253 414 2335 κατὰ
448 2262 659 2334 τοῦτο
695 2249 828 2351 τὴν
863 2252 1114 2359 φύσιν,
1152 2251 1621 2362 καταργήσας
1668 2261 1798 2334 τοῦ
1849 2249 2165 2334 θανάτου
2212 2246 2298 2330 τὸ
2349 2246 2630 2352 κράτος,

228 2382 347 2460 καὶ
383 2380 622 2459 κτίσιν
658 2379 845 2478 ἡμᾶς
881 2377 1235 2484 ἀναδείξει
1271 2375 1544 2476 καινήν.

336 2505 756 2607 Ἀγαπᾶται
791 2510 1177 2606 τοιγαροῦν
1210 2499 1412 2605 παρὰ
1447 2509 1578 2582 τοῦ
1615 2506 1814 2582 Θεοῦ
1852 2503 1968 2582 καὶ
2007 2495 2297 2604 Πατρός
2342 2498 2383 2577 ὅ
2420 2496 2626 2596 Υἱὸς,

224 2631 360 2734 οὐχ
416 2632 513 2712 ὡς
567 2627 708 2735 ἔξω
764 2631 891 2726 τῆς
946 2625 1233 2729 ἀγάπης
1291 2625 1662 2726 διαμένων,
1719 2631 1779 2704 εἱ
1832 2622 1935 2725 μὴ
1991 2624 2268 2724 συνέβη
2323 2623 2407 2703 τὸ
2464 2623 2628 2703 καθ’

224 2754 438 2853 ἡμᾶς·
497 2750 589 2852 ἦν
621 2749 768 2901 γὰρ
805 2753 913 2831 ἀεὶ
964 2754 1080 2831 καὶ
1133 2749 1250 2831 διὰ
1297 2749 1571 2834 παντὸς
1619 2747 2115 2852 ἀγαπώμενος.
2192 2745 2634 2843 βαδιούμεθα

123 2912 204 2956 20
226 2874 305 2955 δὲ
341 2910 523 2979 προς
560 2873 698 2976 τὴν
733 2883 863 2955 τοῦ
901 2874 1296 2975 λεγομένου
1341 2870 1786 2978 κατάληψιν·
1848 2869 1941 2952 τὰ
1988 2870 2211 2978 φύσει
2258 2866 2635 2974 προσόντα

224 3034 443 3097 τισιν,
477 2997 524 3101 ἢ
562 3001 679 3079 καὶ
717 2999 883 3079 καθ’
930 2997 1083 3105 ἕξιν
1117 2997 1640 3097 συμβαινοντα,
1680 2994 1840 3076 τότε
1878 2994 1969 3096 δὴ
2013 2993 2344 3096 μάλιστα
2388 3026 2629 3099 χαριε-

226 3123 507 3226 στάτην
575 3123 720 3229 ἔχει
783 3121 915 3222 τὴν
977 3121 1354 3230 εκφανσιν,
1422 3155 1597 3201 οταν
1659 3120 1921 3224 ἄγηται
1990 3153 2174 3222 προς
2248 3118 2627 3222 ἐνέργειαν.

226 3249 407 3347 οἷον,
461 3283 547 3330 το
599 3257 748 3351 πῦρ
804 3246 948 3352 ἔχει
1004 3252 1331 3352 φυσικῶς
1389 3244 1522 3345 τὴν
1565 3244 1834 3325 ιδίαν’
1798 3280 1873 3324 εν
1915 3245 2144 3351 εαυτῷ
2193 3241 2627 3346 θερμότητα,
2658 3282 2695 3328 c

226 3375 400 3453 ἀλλ’
442 3372 617 3454 ὅταν
654 3374 910 3477 ἐνεργῇ
960 3404 1029 3450 τι
1079 3372 1244 3473 περὶ
1295 3368 1422 3455 τὰς
1473 3370 1675 3467 ὕλας,
1712 3366 1877 3450 τότε
1924 3366 2012 3469 δὴ
2062 3366 2394 3466 μάλιστα
2427 3364 2633 3466 πόση

124 3532 204 3594 ²5
227 3533 340 3582 τις
375 3498 567 3604 αὐτῷ
605 3498 722 3577 καὶ
753 3496 929 3576 ποία
966 3492 1262 3592 δύναμις
1296 3491 1681 3599 ἐνυπάρχει
1716 3492 2312 3596 διαγινώσκομεν.
2376 3491 2636 3589 ὁμοίως

228 3623 270 3701 ὁ
308 3624 805 3725 γραμματικῆς
845 3617 1087 3724 τυχὸν,
1125 3616 1352 3719 ἤγουν
1389 3616 1631 3720 ἑτέρας
1663 3616 1992 3719 τοιαύτης
2041 3616 2232 3700 τινὸς
2276 3613 2628 3710 ἐπιλαβό-

227 3779 442 3845 μενος
483 3743 907 3845 ἐπιστήμης,
946 3742 1076 3823 οὐκ
1126 3739 1237 3839 ἂν,
1277 3739 1495 3841 οἶμαι,
1529 3741 1963 3847 θαυμάζοιτο
2012 3747 2336 3839 σιωπῶν,
2373 3773 2630 3842 προτι-

227 3872 374 3954 θεὶς
432 3866 507 3949 δὲ
566 3876 860 3968 μᾶλλον
916 3871 1013 3951 εἰς
1076 3873 1355 3969 γνῶσιν
1409 3865 1670 3970 ἑτέροις
1732 3864 1818 3947 τὸ
1884 3869 2013 3966 τῆς
2078 3866 2381 3965 ἐνούσης
2445 3866 2638 3973 αὐτῷ

224 3991 618 4096 μαθήσεως
671 3991 970 4076 κᾶλλος.
1035 3992 1222 4072 οὕτω
1277 3998 1660 4094 τοιγαροῦν
1707 3991 1755 4090 ἡ
1814 3990 1971 4071 θεία
2023 4024 2103 4070 τε
2156 3990 2276 4069 καὶ
2332 3987 2638 4092 ἅῤῥητος

301 4196 355 4250 3.
392 4201 511 4236 τους
530 4177 792 4234 Ἰουδαίων
814 4178 977 4234 λαους
1002 4177 1068 4233 Β.
1098 4176 1281 4233 Holst.
1305 4175 1610 4232 emendavit
1634 4174 2264 4245 ΑΠῙ).16.ἡμᾶς
2285 4174 2544 4242 ἀναδείξει
2573 4174 2638 4230 Β.

227 4250 362 4319 ἡμᾶς
385 4249 654 4319 ἀναδείξας
677 4267 727 4304 a.
750 4248 832 4304 ἵνα
856 4248 1097 4318 ἀναδείξῃ
1127 4248 1224 4302 Ht.
1243 4248 1348 4303 Ed.
1569 4264 1653 4319 19.
1688 4243 1777 4318 ἦν]
1810 4253 1870 4312 -Ι-
1898 4268 1994 4316 μεν
2017 4264 2065 4300 a.
2271 4262 2358 4300 20.
2393 4245 2456 4314 δὴ
2487 4244 2551 4300 Β.
2577 4246 2636 4299 δε

228 4319 536 4376 emendavit
560 4319 663 4376 Ed.
689 4320 900 4375 favente
923 4338 972 4374 a.
1170 4336 1257 4374 22.
1294 4319 1473 4390 ἕκφασ
1352 4320 1524 4410 φασιν
1552 4317 1615 4371 Β.
1649 4317 1745 4373 Ht.
1767 4318 2026 4390 ἔκφανσιν
2048 4315 2351 4370 emendavit
2374 4334 2403 4369 e
2429 4314 2545 4370 Cat.
2578 4323 2639 4370 ut

232 4391 343 4447 vid.
371 4390 518 4446 Aub.
542 4401 595 4445 et
618 4390 692 4446 ita
713 4407 762 4446 a.
1145 4391 1267 4445 ἐαυτ
1370 4390 1489 4455 -Ι-”
1458 4411 1483 4443 ε
1524 4411 1596 4444 ων
1622 4388 1690 4445 Β.
1953 4404 2040 4455 24.
2074 4389 2217 4455 πόση
2247 4384 2404 4468 [ποσι
2432 4383 2523 4456 Β.]
2550 4403 2639 4440 88-

230 4470 517 4544 sumptum
541 4479 606 4516 ex
635 4388 1397 4516 B.a.1.aouna²³flt.13’{nl
1420 4461 1565 4514 Au.
1784 4471 1871 4530 25.
1907 4458 2186 4529 ἐνυπάρχει
2210 4475 2259 4511 a.
2284 4467 2337 4511 et
2360 4456 2434 4511 ita
2457 4474 2641 4510 emen-

232 4531 386 4588 davit
412 4531 612 4604 Heyse.
638 4532 899 4603 ἐνυπάρχῃ
928 4530 995 4585 Β.
1025 4530 1128 4586 Ed.
1415 4529 1502 4586 26.
1537 4531 1701 4602 τυχὸν
1723 4547 1772 4584 a.
1797 4530 1949 4584 etita
1970 4526 2220 4584 emendat
2249 4526 2445 4598 Heyse.
2468 4527 2643 4597 τυχὼν

236 4603 304 4658 Β.
333 4601 440 4658 Ed.
653 4618 738 4674 27.
776 4601 1040 4674 προτιθεὶς
1062 4619 1112 4657 a.
1134 4600 1438 4674 προστιθεὶς
1461 4599 1564 4656 Ed.
