3238 5158
228 357 385 448 ix.3.
583 365 692 428 IN
753 366 821 430 S.
868 367 1379 434 JOANNEM.
1471 370 1663 434 LIB.
1697 369 1819 435 VI.
1910 368 2096 434 CAP
2166 366 2220 430 I.
2478 366 2596 428 151

226 523 310 603 τὰ
358 529 542 635 αὐτῷ
593 532 964 632 πρέποντα
1018 536 1133 612 καὶ
1191 533 1539 641 ἐξαίρετα,
1595 535 1778 634 μετὰ
1836 542 1964 614 τοῦ
2024 535 2424 611 διακεῖσθαι
2486 531 2602 607 καὶ
2629 527 2670 591 b

227 650 564 732 πιστεύειν
618 658 906 756 ἀληθῶς
963 656 1072 737 ὅτι
1129 657 1583 758 δικαιοσύνης
1634 657 1929 758 ἀπάσης
1985 656 2331 760 ὑπάρχων
2379 648 2603 754 πηγὴ,

226 773 341 852 οὐκ
395 774 481 855 ἄν
534 812 604 857 τι
660 778 926 883 δράσαι
986 778 1227 885 τυχὸν,
1282 778 1330 882 ἢ
1394 781 1884 875 βουλεύσαιτο
1946 781 2022 861 ἕν
2076 812 2154 859 τε
2219 784 2365 861 τοῖς
2430 776 2596 856 καθ’

225 896 412 998 ἡμᾶς,
448 904 561 980 καὶ
599 904 674 981 ἐν
709 910 857 988 τοῖς
895 902 1079 983 κατὰ
1122 910 1374 985 πᾶσαν
1411 904 1545 1004 τὴν
1582 906 1824 1006 ἀλλην
1859 906 2118 995 κτίσιν,
2160 906 2220 981 εἶ
2270 898 2370 1000 μὴ
2424 899 2602 1001 ὅπερ

171 1044 203 1105 5
227 1018 305 1099 ἂν
350 1025 535 1132 αὐτῷ
592 1027 917 1132 φαίνοιτο
972 1029 1272 1131 πρέπον,
1310 1032 1427 1109 καὶ
1477 1036 1624 1110 τῶν
1668 1034 1797 1129 τῆς
1850 1033 2165 1129 ἀληθοῦς
2216 1022 2604 1129 ὀρθότητος

225 1146 338 1225 οὐκ
370 1149 715 1255 ἐξοίχεται
760 1152 1030 1253 λόγων.

324 1274 605 1352 Οὐκοῦν
647 1275 929 1379 ε’πείπερ
984 1277 1169 1375 ἡμᾶς
1224 1285 1478 1358 τοῦτον
1526 1282 1926 1359 διακεῖσθαι
1981 1278 2109 1358 τὸν
2154 1274 2427 1380 τρόπον
2476 1274 2605 1353 οὐκ

222 1393 511 1494 ἀπεικὸς,
559 1400 643 1477 οὗ
699 1402 1146 1500 δογματικῶς
1200 1400 1546 1505 εἰρηκέναι
1602 1403 1791 1509 φημὶ
1847 1400 1976 1480 τὸν
2018 1401 2287 1503 Κύριον
2331 1395 2414 1477 τό
2454 1396 2606 1478 Ἵνα

223 1519 535 1632 φανερωθῇ
576 1521 668 1602 ταὶ
715 1522 882 1632 ἔργα.
926 1526 1038 1604 τοῧ
1075 1527 1248 1604 Θεοῦ
1284 1528 1343 1605 ἐν
1381 1531 1587 1634 αὐτῷ·
1658 1532 2131 1628 περισπῶντα
2187 1522 2261 1602 δὲ
2315 1528 2606 1621 μᾶλλον
2629 1556 2665 1598 ο

138 1671 201 1710 10
223 1647 310 1726 εἰς
341 1644 581 1747 ἑτέραν
618 1646 785 1727 ὁδὸν
820 1644 1071 1752 ὥσπερ
1107 1657 1237 1728 τοῦ
1272 1648 1701 1753 ζητουμένου
1744 1648 1878 1749 τὴν
1914 1646 2320 1751 ἀπόκρισιν,
2363 1649 2478 1729 καὶ
2529 1646 2608 1724 ἐκ

220 1773 352 1845 τῶν
382 1769 802 1873 βαθυτέρων
835 1768 883 1871 ἢ
936 1774 1099 1852 καθ’
1141 1773 1324 1872 ἡμᾶς
1373 1774 1812 1877 περιάγοντα
1861 1773 2046 1877 πρὸς
2094 1772 2187 1853 τὰ
2237 1767 2601 1874 πρεπωδέ·

221 1923 452 1995 στερα·
518 1896 959 1976 κατείθισται
996 1895 1142 1999 γάρ
1177 1932 1333 1982 πως
1370 1902 1485 1977 καὶ
1523 1907 1737 1978 τοῦτο
1772 1898 1972 1980 αὐτό.
2054 1896 2163 1977 ὅτι
2205 1895 2280 1977 δὲ
2329 1892 2609 1995 ἀληθὴς

221 2017 256 2093 ὁ
307 2017 544 2119 λόγος,
591 2019 802 2099 ἄκουε
856 2019 1082 2100 πάλιν
1139 2021 1826 2125 φιλοπευστούντων
1882 2021 2178 2129 σφόδρα
2231 2017 2407 2101 ποτὲ
2463 2025 2608 2099 τῶν

221 2141 429 2241 ἁγίων
462 2150 810 2244 μαθητῶν
853 2142 946 2223 τὰ
993 2149 1156 2248 περὶ
1205 2149 1333 2244 τῆς
1384 2147 1801 2231 συντελείας
1852 2155 1978 2226 τοῦ
2030 2152 2303 2243 αἰῶνος,
2351 2145 2468 2224 καὶ
2524 2144 2609 2223 οὐ

137 2295 196 2356 15
219 2268 499 2368 μετρίως
538 2267 969 2375 ἐξακριβοῦν
1004 2269 1462 2373 πειρωμένων
1499 2268 1593 2349 τὰ
1636 2273 1799 2374 περὶ
1850 2274 1978 2369 τῆς
2030 2269 2357 2373 δευτέρας
2394 2270 2611 2348 αὐτοῦ

217 2394 627 2493 παρουσίας,
696 2397 812 2473 καὶ
878 2392 1074 2474 πολὺ
1141 2390 1227 2474 τὸ
1301 2393 1705 2495 ἀνθρώποις
1779 2391 2003 2479 ἐοικὸς
2076 2391 2611 2491 ἀναβαινόντων

216 2514 482 2619 μέτρον,
540 2516 1007 2624 σαφέστερον
1061 2515 1316 2602 αὐτοὺς
1371 2525 1516 2598 τῶν
1565 2518 1907 2600 τοιούτων
1959 2518 2278 2626 ἀφιστὰς
2334 2518 2599 2622 ἐρωτή-

217 2672 397 2720 σεων
434 2653 477 2689 “
507 2643 678 2747 Οὐχ
724 2645 922 2742 ὑμῶν
958 2644 1117 2723 ἐστι
1162 2641 1246 2722 τὸ
1297 2649 1589 2746 γνῶναι,
1627 2647 1840 2750 φησὶ,
1879 2643 2181 2748 χρόνους
2231 2641 2276 2744 ἢ
2328 2641 2610 2746 καιροὺς
2699 2646 2842 2776 23¹}
2855 2645 2942 2775 S}

217 2775 256 2812 ‘⁶
291 2765 405 2850 οὓς
459 2769 501 2847 ὁ
564 2766 829 2871 Πατὴρ
884 2767 1082 2847 ἔθετο
1136 2770 1211 2846 ἐν
1266 2772 1356 2873 τῇ
1413 2769 1557 2874 ἰδίᾳ
1611 2768 1935 2876 ἐξουσίᾳ·
2014 2767 2216 2847 ἀλλά
2271 2766 2609 2873 λήψεσθε
2636 2772 2678 2837 (l
2703 2777 2751 2827 8·
2845 2749 2857 2762 ’
2920 2748 2934 2770 ’

132 2916 196 2957 20
217 2900 256 2936 ‘⁶
289 2892 590 2991 δύναμιν
644 2892 1075 2976 ἐπελθόντος
1128 2900 1255 2971 τοῦ
1303 2892 1559 2993 Ἀγίου
1612 2890 2036 2991 Πνεύματος
2085 2893 2198 2997 ἐφ’
2239 2893 2451 2989 ὑμᾶς,
2496 2891 2614 2969 καὶ

219 3025 256 3062 ‘⁶
290 3013 563 3097 ἔσεσθέ
590 3049 730 3113 μου
765 3013 1119 3119 μάρτυρες
1153 3016 1230 3095 ἕν
1264 3050 1342 3096 τε
1377 3013 1864 3119 Ἰερουσαλὴμ
1901 3021 2019 3095 καὶ
2063 3017 2140 3095 ἐν
2177 3021 2267 3121 τῇ
2302 3013 2617 3121 Ἰουδαία

215 3149 256 3186 “
286 3141 569 3246 πάσῃ.”
650 3140 923 3224 ἀκούεις
974 3139 1170 3224 ὅπως
1219 3137 1447 3242 ζητεῖν
1481 3140 1670 3239 ἡμᾶς
1720 3136 1904 3242 ἅπερ
1953 3141 2218 3241 ἥκιστα
2267 3142 2451 3243 χρῆν
2488 3140 2616 3218 οὐκ

216 3264 457 3372 ἐφίησι
493 3270 897 3362 παντελῶς,
933 3267 1373 3367 παρατρέπει
1425 3263 1500 3344 δέ
1549 3271 1841 3363 μᾶλλον
1878 3265 1988 3370 ἐφ’
2031 3263 2206 3365 ὅπερ
2256 3261 2346 3363 ἦν
2384 3265 2612 3365 ἀναγ-

215 3396 407 3470 καῖον
462 3392 725 3469 ἐλθεῖν·
812 3390 997 3468 οὕτω
1064 3386 1370 3468 κάνθάδε
1435 3385 1799 3493 διειρηκὼς
1864 3391 2182 3492 ἐναργῶς
2242 3386 2419 3489 ὅπερ
2480 3387 2617 3467 ἔδει

134 3535 196 3592 ²5
215 3520 479 3612 μαθεῖν,
519 3514 915 3619 ἀποσιωπᾷ
965 3511 1050 3593 τὸ
1102 3519 1374 3609 λεῖπον,
1414 3515 1640 3620 ἑαυτῷ
1690 3511 1888 3620 μόνῳ
1940 3512 2236 3614 πρέπειν
2280 3512 2480 3596 εἰδὼς
2530 3511 2616 3591 τὸ

214 3636 735 3742 ἐξεπίστασθαι
770 3645 1007 3718 τοῦτο.
1088 3638 1205 3718 ’ἵνα
1242 3635 1320 3717 δὲ
1352 3636 1453 3736 μὴ
1490 3644 1865 3723 παντελῶς
1897 3636 2286 3738 σιωπήσας
2333 3637 2617 3741 καλέσῃ

214 3795 359 3846 πως
404 3760 664 3846 αὐτοὺς
713 3767 811 3847 εἷς
860 3758 946 3842 τὸ
996 3765 1113 3843 καὶ
1166 3768 1482 3846 εἰσαῦθις
1532 3764 1697 3865 περὶ
1745 3768 1890 3842 τῶν
1926 3763 2162 3842 αὐτῶν
2196 3758 2611 3841 ἀναπυνθά-
2641 3790 2677 3833 e

216 3894 462 3967 νεσθαι
523 3893 786 3992 φίλεῖν,
843 3890 940 3971 ὡς
994 3889 1070 3966 ἐν
1119 3887 1520 3987 ἀπολογίας
1575 3884 1921 3991 σχήματι,
1976 3890 2093 3965 καὶ
2153 3882 2404 3987 ὥσπερ
2459 3882 2621 3965 τινὰ

214 4009 807 4114 χρεωστουμένην
853 4013 1008 4094 ταῖς
1063 4007 1506 4114 ἐρωτήσεσιν
1556 4013 1868 4110 ἀμοιβὴν
1923 4011 2201 4116 εὐφυῶς
2258 4005 2611 4089 διαπλάτ-

137 4167 199 4223 30
216 4168 374 4232 των,
406 4135 644 4239 φησίν
663 4139 871 4214 Ἀλλ’
903 4135 1016 4214 ’ἵνα
1056 4132 1385 4249 φανερωθῇ
1420 4132 1514 4215 ra
1553 4134 1721 4242 ἔργα.
1760 4136 1869 4215 rofi
1906 4136 2078 4214 Θεοῧ
2115 4135 2174 4214 ἓν
2214 4139 2415 4242 αὐτῷ,
2446 4132 2621 4236 ὅπερ

283 4366 334 4413 4.
368 4347 547 4417 κρίσιν
572 4345 640 4400 Β.
668 4345 852 4401 Holst.
878 4346 1180 4401 emendavit
1204 4353 1266 4400 ut
1291 4345 1511 4400 adnotat
1534 4344 1650 4415 ipse
1676 4344 1822 4399 Aub.
2114 4357 2167 4415 5.
2204 4344 2528 4415 τὸν-λόγον
2551 4342 2620 4398 Β.

219 4418 519 4471 emendavit
548 4416 646 4472 Ht.
992 4418 1045 4472 8.
1084 4418 1254 4489 φησὶν
1281 4416 1346 4472 Β.
1378 4416 1474 4470 Ht.
1501 4417 1639 4488 φημὶ
1668 4414 1956 4487 (adnotans
1983 4432 2039 4468 se
2062 4413 2204 4485 φασὶ
2231 4415 2286 4468 in
2313 4432 2344 4468 a
2384 4413 2623 4484 ographo

216 4487 382 4558 legere
438 4487 586 4542 Aub.
810 4488 891 4544 18.
927 4487 958 4558 ἦ
988 4488 1104 4542 B.a.
1137 4488 1234 4543 Ht.
1260 4487 1342 4541 καὶ
1368 4486 1514 4541 Aub.
1733 4503 1820 4541 21.
1857 4508 1959 4556 μου
1987 4486 2052 4542 Β.
2076 4508 2166 4558 μοι
2193 4485 2293 4540 Ht.
2373 4483 2428 4539 d.
2566 4505 2624 4537 τε

218 4574 363 4613 emen
406 4559 515 4612 avit
546 4557 643 4613 Ht.
667 4561 731 4627 τῇ
762 4558 826 4613 Β.
1080 4575 1167 4614 22.
1201 4560 1346 4629 πάσῃ
1377 4558 1442 4613 Β.
1467 4557 1647 4628 ἁπάσῃ
1676 4556 1774 4614 Ht.
1802 4555 1904 4612 Ed.
2044 4582 2047 4585 ⁴
2168 4569 2255 4627 25.
2291 4558 2477 4610 λεῖπον
2503 4554 2623 4610 B.a.

222 4627 315 4685 Ht.
338 4631 532 4684 λοιπὸν
555 4628 704 4684 Aub.
