3238 5158
313 731 478 795 Supra

313 813 420 847 ver.
446 810 524 862 29.

314 2351 458 2432 Hipb

316 2434 421 2471 ιιι.
443 2430 521 2482 15.

317 2810 431 2873 318.

651 332 778 394 194,
1254 332 1332 396 B.
1382 329 1804 395 cYRILLI
1863 330 2445 396 ALEXANDR.
2828 331 2919 395 11.
2946 349 3058 416 33.

646 499 913 599 σοφοῖς
983 493 1464 601 ἀποκέχρηται
1538 494 1789 599 λόγοις
1859 494 2393 647 κιβδηλοτάτην
2456 492 2842 580 ἐπιδεικνὺς
2903 498 3058 574 τῶν

649 616 1072 719 Φαρισαίων
1114 616 1248 719 τὴν
1285 618 1602 721 γνώμην.
1679 615 1922 718 ἐπειδὴ
1978 652 2123 722 γαρ
2178 618 2469 726 ἔφασαν
2516 618 2834 719 ἀνοήτως
2886 620 3058 721 περὶ

648 742 1078 844 Xpmrofi,‘⁷
1037 778 1149 823 οτι
1185 754 1230 791 “
1257 749 1539 824 Τοῦτον
1586 745 1717 823 οὐκ
1772 743 2062 842 οἴδαμεν
2109 743 2337 824 πόθεν
2383 741 2647 842 emin?
2686 743 3058 849 ἐξελέγχει

646 863 874 946 πάλιν
908 866 1228 966 εὐτόνως,
1267 870 1364 953 ὡς
1400 874 1850 1022 φρονοῦντας
1895 867 2446 967 πλημμελῶς,”
2406 903 2524 948 οτε
2569 867 2659 947 τὸ
2704 863 3058 970 παράπαν

648 990 776 1069 οὐκ
825 989 1075 1070 εἰδέναι
1125 994 1317 1099 φασὶ
1366 989 1494 1071 τὸν
1543 993 1730 1071 οὕτω
1778 988 2349 1093 θαυματουργον,
2395 989 2770 1095 προδήλου
2819 997 3058 1070 πᾶσιν
3084 1018 3125 1077 5

648 1111 1095 1220 ὑπάρχοντος
1151 1120 1246 1199 ὡς
1302 1113 1677 1220 ἀμήχανόν
1729 1149 1800 1194 τι
1854 1119 2034 1218 δρᾶν
2086 1121 2232 1195 τῶν
2285 1115 2402 1195 διὰ
2456 1115 2649 1199 θείας
2703 1115 3061 1217 ἐνεργείας·

649 1239 1242 1337 ἀποτελουμένων
1283 1238 1413 1320 τὸν
1454 1240 1583 1319 οὐκ
1638 1237 1815 1319 ὄντα
1868 1236 2067 1346 παρὰ
2121 1241 2313 1319 Θεοῧ.
2412 1241 2686 1341 ἐνεργεῖ
2733 1235 2880 1341 γὰρ
2934 1237 3059 1317 διὰ

723 1359 742 1387 Ι
973 1364 994 1388 Q
1063 1364 1083 1392 Ι
1302 1360 1324 1391 ἱ
1571 1371 1603 1390 Α
1892 1360 1910 1389 Ι
2094 1365 2113 1390 2
2368 1364 2387 1394 Ι
2570 1362 2590 1393 ἱ
2756 1365 2780 1393 ἱ
2905 1364 2946 1395 2

582 1372 627 1437 d
647 1395 889 1461 μονων
951 1397 1178 1464 αγιων
1240 1397 1334 1443 τα
1403 1397 1698 1444 τοιαυτα
1763 1370 1975 1448 Θεος·
2069 1374 2441 1472 αλλοτριῳ
2514 1368 2591 1442 δε
2665 1397 2782 1443 και
2850 1396 3057 1443 ουπω

645 1484 989 1587 βεβηκότι
1044 1485 1178 1588 τὴν
1227 1491 1326 1573 εἶς
1381 1485 1600 1568 αὐτὸν
1651 1488 2023 1583 εὐσέβειαν
2077 1487 2207 1567 οὐκ
2265 1485 2356 1566 ἂν
2408 1488 2682 1587 ἐπιδοίη
2735 1484 2914 1568 ποτὲ
2969 1485 3057 1566 τὸ

647 1610 1003 1691 δύνασθαι
1038 1611 1396 1708 τοιαύταις
1432 1610 1958 1715 ἐναβρύνεσθαι
1996 1608 2266 1718 δόξαις.
2344 1614 2495 1692 ἐπεὶ
2536 1611 2807 1715 λεγέτω
2853 1646 3050 1714 παρ·
3090 1645 3164 1686 ιο

647 1733 900 1814 ελθὼν»
927 1736 970 1814 ό
1024 1733 1435 1843 παραπλὴξ
1485 1742 1908 1838 Φαρισαῖος,
1943 1736 2054 1820 τίς
2109 1738 2270 1815 ἐστι
2325 1733 2588 1816 λοιπὸν
2638 1735 2684 1836 ἡ
2740 1731 3061 1841 διαφορὰ

647 1855 849 1960 παρὰ
910 1862 1078 1967 Θεῷ
1152 1860 1363 1961 ἁγίου
1434 1863 1552 1941 καὶ
1626 1858 1975 1961 βεβήλου,
2044 1861 2319 1940 δικαίου
2392 1862 2510 1939 καὶ
2583 1860 3053 1961 ἁμαρτωλοῢ,

648 1980 948 2063 ἀνοσίου
984 1986 1102 2063 καὶ
1138 1989 1543 2092 θεοφιλοῦς.
1628 1990 1688 2064 εἰ
1732 1982 1875 2088 γὰρ
1916 1985 2186 2091 ἐφεῖται
2221 1981 2340 2064 διὰ
2373 1989 2520 2064 τῶν
2553 1982 2740 2063 ἰ’σων
2775 1986 3060 2087 ἀπαρα-
3230 2002 3231 2069 l

646 2104 962 2206 ποιὴτως
1035 2106 1468 2208 διαλάμπειν
1531 2107 1886 2212 ἑκάτερον,
1953 2106 2157 2188 οὐδὲν
2220 2108 2323 2188 ἔτι
2391 2104 2477 2188 τὸ
2548 2113 3054 2207 μεσολαβοῢν,

648 2227 890 2310 πάντα
962 2228 1040 2310 δὲ
1105 2230 1242 2332 ἤδη
1302 2233 1766 2338 συγκέχυται,
1839 2234 1958 2312 καὶ
2022 2231 2107 2312 τὸ
2173 2231 2672 2335 γεγραμμένον
2735 2231 3060 2335 εὐλόγως
3088 2264 3159 2325 15

650 2356 945 2456 ἐροῦμεν
982 2366 1024 2403 “
1051 2355 1157 2436 Τί
1206 2361 1463 2442 ἱκανῶς
1516 2356 2003 2457 δουλεύσομεν
2045 2355 2262 2464 αὐτῷ,
2307 2353 2353 2456 ἢ
2409 2356 2516 2441 τίς
2572 2355 2890 2463 ὠφέλεια
2945 2355 3059 2436 ὅτι

592 2504 629 2548 θ
653 2486 696 2525 “
731 2477 1245 2582 ἂπαντήσομεν
1291 2481 1483 2589 αὐτῷ
1506 2482 1573 2579 ;”
1638 2487 1697 2561 εἶ
1755 2480 1900 2587 γὰρ
1958 2477 2282 2585 καθάπερ
2326 2481 2468 2589 ἔφη
2523 2514 2633 2566 τις
2684 2486 2831 2561 τῶν
2878 2480 3052 2585 παρ’

642 2600 979 2706 Ἕλλησι
1031 2611 1349 2705 ποιητῶν

986 2763 1129 2846 Ἴση
1171 2773 1351 2849 μοῖρα
1391 2765 1652 2848 μένοντι,
1697 2767 1794 2831 καὶ
1837 2769 1892 2833 εἰ
1933 2766 2100 2848 μάλα
2141 2791 2231 2834 τις
2272 2766 2604 2847 πολεμίζοι,

648 2921 767 3000 καὶ
823 2921 901 3001 ἐν
943 2920 1073 3027 ἰ’σῃ
1126 2926 1298 3029 τιμῇ
1354 2921 1569 3007 κακός
1624 2956 1703 3003 τε
1759 2925 1877 3002 καὶ
1931 2919 2226 3025 ἀγαθὸς,
2270 2929 2424 3006 πῶς
2479 2922 2608 3003 οὐκ
2662 2926 2923 3002 εἰκαῖον
2965 2918 3054 3001 τὸ
3084 2960 3161 3001 20

648 3052 926 3150 πικρῶν
989 3050 1522 3150 ἀποπειρᾶσθαι
1590 3042 1835 3127 πόνων
1899 3044 2017 3126 διὰ
2092 3044 2227 3146 τὴν
2291 3043 2597 3150 ἀρετήν,
2680 3046 2848 3126 ἀλλ’
2918 3047 3052 3150 οὐχ

650 3171 836 3250 οὕτω
871 3172 1065 3250 ταῦτ’
1098 3170 1284 3275 ἔχειν
1322 3169 1788 3274 λογιούμεθα·
1830 3168 2097 3268 πόθεν,
2143 3180 2186 3218 “
2213 3168 2404 3254 Τοὺς
2440 3168 2584 3272 γὰρ
2622 3166 3053 3276 δοξάζοντάς

651 3304 698 3342 “
731 3328 844 3394 με,
882 3297 1115 3401 φησὶν
1150 3297 1191 3374 ὁ
1230 3293 1441 3394 Θεὸς,
1478 3294 1802 3402 δοξάσω,
1841 3300 1960 3375 καὶ
2010 3295 2051 3374 ὃ
2103 3293 2492 3401 ἐξουδενῶν
2523 3328 2612 3393 με
2663 3293 3046 3401 ἐξουδενω·

651 3427 696 3464 “
733 3415 1100 3516 θήσεται.”

766 3542 1114 3643 Ἐροίμην
1168 3540 1240 3619 δ’
1291 3538 1381 3620 ἂν
1432 3542 1660 3644 ἔγωγε
1713 3540 1880 3628 τοὺς
1936 3543 2407 3649 οἱησίφρονας
2463 3540 2937 3645 Φαρισαίους,
2991 3543 3050 3620 εἶ
3081 3576 3115 3616 2
3122 3572 3159 3633 5

319 3683 453 3739 628
471 3682 551 3739 A.
600 3697 637 3738 a
659 3665 1076 3768 ἀδιακρίτως
1113 3668 1231 3744 καὶ
1269 3662 1385 3744 διὰ
1417 3671 1565 3746 τῶν
1601 3667 2055 3769 ἁμαρτωλῶν
2082 3669 2357 3770 ἐνεργεῖ
2385 3665 2478 3747 τὰ
2510 3674 2805 3747 τοιαῦτα
2841 3661 3052 3762 Θεὸς,

655 3791 734 3872 τί
798 3788 899 3890 μὴ
973 3786 1197 3870 ταύτὰ
1268 3794 1373 3897 τῷ
1441 3787 1743 3899 μεγάλῳ
1820 3796 2138 3872 Μωυσεῖ
2202 3789 2591 3895 δεδράκασι
2663 3787 2847 3870 κατὰ
2918 3789 3052 3889 τὴν

728 4019 1136 4146 ἒῖπὲἶέῗω
1163 4019 1228 4076 Β
1232 4017 1416 4161 ,Ηῗῖἑῗ
1420 4019 1623 4157 ff...
1695 4019 2007 4146 ..ff‘fflcfi‘
2028 4021 2181 4162 ῗῗῖἒ
2201 4039 2357 4147 ‘⁰⁰3¹'
2358 4020 2667 4147 (1333...
2751 4018 3052 4144 “gfff

653 4107 703 4144 8.
779 4109 811 4144 a
938 4109 996 4144 ar
1499 4113 1600 4146 νων
1817 4110 1848 4146 8
1977 4110 2036 4146 ar
2168 4114 2257 4147 νον
2311 4115 2330 4147 ι
3008 4112 3048 4143 ⁰

648 4157 928 4232 βεβηκότι]
953 4105 1321 4228 βεβηλώσαΊντι
1347 4179 1395 4215 8.
1424 4161 1543 4218 Cat.
1571 4162 1730 4217 Harl.
2018 4180 2100 4217 10.
2096 4115 2421 4254 μέπιλεγέτο
2447 4162 2515 4217 Β.
2543 4162 2641 4217 Ht.
2664 4160 2775 4216 ἐπεὶ
2797 4159 2996 4231 λεγέτω
3019 4177 3050 4214 ο

654 4229 774 4287 Cat.
803 4231 956 4285 Harl.
980 4230 1280 4285 emendavit
1305 4232 1450 4286 Aub.
1878 4248 1962 4287 11.
1998 4233 2229 4324 διαφορὰ
2256 4233 2321 4288 Β.
2346 4233 2376 4303 ἦ
2404 4233 2675 4305 praemisit
2702 4232 2800 4286 Ht.
2825 4242 2878 4286 et
2903 4233 2976 4285 ita
2998 4248 3046 4285 8.

656 4300 741 4355 16.
779 4303 965 4356 δουλεία
938 4324 1189 4389 υσομεν-
1199 4301 1559 4372 ὀπαντὴσομεν
1582 4301 1650 4357 Β.
1678 4300 2458 4375 δουλεύσωμεν-ἆπαντὴσωμε
2459 4327 2489 4358 ν
2512 4303 2616 4359 Ed.
2813 4318 2878 4372 19
2922 4299 3047 4369 Ἷση

650 4374 806 4441 μοῖρα
833 4372 899 4426 Β.
922 4370 1106 4441 Ῑσήμο
1160 4394 1193 4426 α
1220 4372 1324 4429 Ed.
1407 4373 1700 4496 ετινολεμίζοι
1727 4373 1793 4428 Β.
1816 4374 2083 4443 πολεμίζει
2109 4374 2214 4431 Ed.
2464 4391 2550 4446 23.
2588 4373 2800 4443 δοξάσω
2822 4373 2996 4442 φησὶν
3016 4375 3048 4426 ό

651 4442 818 4499 Θεὸς
805 4459 1018 4496 luversso
1042 4394 1228 4498 orfflne
1251 4461 1301 4499 8.
1432 4444 2229 4514 ξουδενῶν-ἐξουδενωθῆσεται
2258 4445 2322 4501 Β.
2347 4442 3049 4515 ἐξουθενῶν-ἐξουθενωθὴ·

651 4533 800 4567 σεται
827 4512 929 4567 Ed.
1098 4512 1183 4568 26.
1220 4513 1487 4584 amphos
1513 4514 1578 4570 B.
1607 4514 1707 4570 Ht.
1731 4514 2034 4572 emendavit
2056 4534 2087 4571 ο
2112 4514 2232 4572 Cat.
2254 4526 2319 4572 ut
2342 4516 2451 4572 vid.
2477 4515 2627 4572 Aub.
2794 4529 2881 4585 27.
2920 4515 3048 4570 κατὰ

650 4582 744 4652 τὴν
768 4583 835 4639 Β.
863 4583 963 4639 Ht.
986 4587 1090 4639 τῶν
1113 4582 1286 4638 Aub
