3238 5158
589 344 724 409 238
1199 346 1279 411 Β.
1325 346 1742 412 CYRILLI
1802 347 2388 414 ALEXANDR.
2792 370 2859 411 x.
2891 359 2997 429 17.

522 525 568 590 b
591 508 974 610 μηνύματα
1011 509 1476 613 διεγνωκότας
1514 513 1901 613 ἠπίστατο,
1936 510 2169 597 πολὺς
2218 512 2294 592 δὲ
2338 516 2454 594 καὶ
2487 505 2761 617 μακρὸς
2794 508 2998 614 παρὰ

590 639 741 717 τοῖς
794 631 1202 739 προφήταις·
1251 636 1294 715 ὃ
1344 633 1588 738 λόγος,
1625 638 1735 717 ὅτι
1785 640 1903 718 καὶ
1957 635 2051 718 τὰ
2098 636 2266 738 ἔθνη
2315 634 2499 740 πρὸς
2545 634 2998 738 θεογνωσιάν

591 760 1032 862 σαγηνεύσει
1089 760 1437 867 Χριστὸς,
1497 761 1615 843 διὰ
1668 771 1884 844 τοῦτο
1937 769 2243 863 σημεῖον
2297 763 2537 846 αὐτοῖς
2595 759 2847 864 ὥσπερ
2907 757 2995 840 τὸ

590 889 894 987 πρᾶγμα
931 887 1146 970 τιθεὶς
1181 886 1718 989 ἐναργέστατον
1754 891 1848 972 ὡς
1887 885 2101 971 αὐτὸς
2143 886 2250 987 εἵη
2302 892 2566 991 σαφῶς
2616 886 2657 964 ὁ
2704 918 2988 989 προηγ-

594 1008 1022 1109 γελμεηνος,
983 1044 1092 1089 οτι
1128 1008 1419 1091 καλέσει
1454 1013 1574 1093 καὶ
1608 1010 1702 1092 τά
1736 1012 1867 1091 οὐκ
1903 1008 2078 1091 ὄντα
2113 1011 2190 1089 ε’κ
2226 1015 2355 1110 τῆς
2374 1010 2740 1091 Ἰουδαίων
2765 1010 2997 1108 αὐλῆς
3023 1025 3066 1087 5

590 1130 929 1236 πρόβατα
1001 1132 1392 1240 διαῤῥήδην
1449 1136 1980 1242 διισχυρίσατο,
2040 1134 2157 1215 ἵνα
2221 1132 2504 1233 λοιπον,
2559 1131 2807 1237 ὥσπερ
2869 1133 2997 1213 ουν

592 1255 933 1360 ἐλέγομεν
976 1259 1257 1362 ἀρτίως,
1294 1256 1514 1339 αὐτον
1562 1258 1787 1344 ὅντως
1842 1262 2106 1339 ἐκεῖνον
2155 1256 2332 1339 εἶναι
2383 1257 2871 1355 πιστεύσειαν,
2911 1291 2997 1337 ον

593 1384 710 1460 καὶ
748 1383 789 1461 ὁ
823 1386 969 1462 τῶν
1004 1383 1233 1484 ἀγίων
1268 1386 1550 1486 ἀνδρῶν
1585 1382 2182 1491 προεχρησμῴδει
2216 1382 2453 1489 χορός.

533 1548 570 1592 c

493 1660 564 1725 17
692 1659 817 1726 Διά
870 1660 1060 1729 τοῦτό
1112 1683 1195 1739 με
1247 1661 1285 1728 ὁ
1336 1660 1567 1749 Πατὴρ
1622 1660 1866 1754 ἀΓαπᾷ,
1919 1663 2020 1732 ὅτι
2072 1660 2291 1740 τίθημι
2341 1660 2462 1727 τὴν
2514 1660 2728 1749 ψυχὴν
2779 1660 2886 1726 ἵνα

1435 1785 1635 1851 πάλιν
1691 1784 1876 1863 λάβω
1927 1784 2149 1853 αὐτήν.
3030 1792 3111 1835 10

699 1959 1034 2064 ‘Yvrcwrcji
1067 1956 1429 2042 πολλάκις
1466 1957 1551 2036 οὐ
1586 1956 1813 2056 μόνον
1847 1962 1997 2042 τοῖς
2041 1954 2184 2057 ἤδη
2235 1955 2353 2036 διὰ
2399 1955 2733 2058 γλώττης
2778 1958 2990 2036 ἐκπε-

592 2082 1054 2187 φωνημένοις,
1093 2079 1296 2160 ἀλλὰ
1333 2083 1450 2161 καὶ
1485 2087 1636 2165 τοῖς
1672 2082 1748 2161 ἐν
1782 2086 1886 2188 τῷ
1920 2078 2132 2177 βάθει
2167 2088 2573 2183 λογισμοῖς·
2627 2078 2816 2165 Θεὸς
2849 2078 2998 2182 γὰρ

592 2202 935 2311 ὑπάρχων
972 2202 1337 2303 ἀληθινὸς,
1371 2201 1667 2285 πάντων
1713 2204 1854 2310 ἔχει
1905 2208 2118 2311 σαφῆ
2168 2202 2300 2305 τὴν
2336 2206 2751 2307 ἐπίγνωσιν.
2835 2208 2992 2284 δια·

591 2330 976 2431 γελώντων
1018 2338 1399 2434 τοιγαροῦν
1442 2336 1590 2409 τῶν
1628 2328 1945 2409 ἀνοσίων
1980 2329 2345 2409 Ἰουδαίων
2393 2327 2522 2410 τὸν
2568 2331 2737 2432 παρ’
2776 2330 2997 2410 αὐτοῦ

590 2452 840 2555 λόγον,
877 2455 994 2533 καὶ
1040 2453 1327 2557 ἐπείπερ
1372 2460 1469 2537 εἰς
1517 2462 1873 2534 τοσοῦτον
1908 2461 2056 2537 τοῖς
2112 2455 2310 2538 ἰδίοις
2359 2454 2753 2556 προβάτοις
2803 2465 2985 2534 συν·
3028 2479 3110 2540 15

586 2577 943 2681 αθλήσειν
997 2575 1657 2682 κατεπηγγέλλετο,
1714 2581 1835 2659 καὶ
1890 2578 2189 2685 σφόδρα
2247 2576 2658 2683 προθύμως,
2715 2582 2812 2662 ὡς
2875 2582 2996 2659 καὶ

518 2716 562 2781 d
586 2703 1059 2809 προτεθνάναι
1124 2704 1294 2784 λίαν
1353 2704 1654 2803 ἑτοίμως
1715 2702 1923 2809 ἔχειν,
1979 2710 2230 2806 ληρεῖν
2285 2701 2627 2802 οἰομένων
2683 2702 2820 2803 ἤδη
2875 2707 2996 2783 καὶ

470 2908 483 2915 .
583 2830 967 2925 μαίνεσθαι
1016 2826 1418 2909 δοκούντων
1454 2826 1696 2926 αὐτὸν,
1735 2828 2142 2930 ἀναγκαίως
2178 2829 2315 2928 ἤδη
2351 2826 2616 2909 λοιπὸν
2650 2828 2739 2935 ἐξ
2767 2829 2984 2907 ἀπαι-

583 2953 874 3038 δευσίας
929 2954 1110 3053 ὁμοῦ
1167 2954 1283 3032 καὶ
1340 2952 1779 3047 δυσσεβείας
1841 2951 2150 3055 ἀμέτρου
2209 2955 2340 3051 τῆς
2397 2952 2699 3053 ἐνούσης
2755 2953 2995 3036 αὐτοῖς

583 3081 1066 3180 διαγελῶντας
1113 3072 1526 3156 ἐπιδεικνύει
1576 3072 1822 3175 λόγοις
1880 3110 1958 3156 τε
2015 3077 2134 3155 καὶ
2189 3075 2621 3179 πράγμασιν
2665 3078 2994 3174 ἐπιτιμᾶν
3024 3109 3112 3149 20

581 3200 960 3301 ἑλομένους
1015 3196 1063 3280 ἃ
1108 3202 1399 3300 πολλῆς
1449 3195 1592 3280 οἶδε
1643 3203 1853 3300 τιμῆς
1905 3199 2156 3307 ἀξιοῦν
2207 3202 2247 3280 ὁ
2297 3199 2486 3285 Θεὸς
2534 3203 2651 3280 καὶ
2699 3199 2985 3304 Πατήρ.

583 3331 855 3436 ἀγαπᾷ.
906 3324 1049 3429 γάρ
1104 3360 1197 3430 με
1247 3319 1367 3405 διαὶ
1412 3326 1623 3422 τοῦτο,
1672 3330 1927 3432 φησὶν,
1979 3322 2020 3404 ὃ
2077 3323 2195 3404 διὰ
2249 3324 2544 3424 πολλὴν
2594 3325 2993 3405 ἀσυνεσίαν

581 3449 978 3548 πεποίησθε
1013 3450 1181 3551 παρ’
1221 3447 1445 3528 οὐδέν.
1505 3455 1663 3532 πῶς
1698 3448 1825 3528 οὖν
1862 3449 1989 3528 οὐκ
2028 3446 2364 3552 ἀλαζόνες
2404 3451 2519 3529 καὶ
2556 3449 2992 3544 δυσσεβείας

522 3604 560 3649 0
585 3568 877 3671 ἀπάσης
946 3571 1163 3667 ἐντὸς,
1229 3568 1298 3649 οἳ.
1367 3569 1929 3672 καταγέλαστον
1992 3567 2175 3651 εἶναί
2243 3579 2431 3679 φατε
2495 3571 2581 3652 τὸ
2653 3576 2756 3679 τῷ
2818 3575 2992 3679 Θεῷ

580 3693 1167 3799 θυμηρέστατον,
1218 3690 1469 3773 δίδωσι
1506 3693 1591 3773 δέ
1618 3728 1773 3779 πως
1810 3697 2046 3780 αὐτοῖς
2086 3698 2201 3775 καὶ
2240 3695 2356 3777 διὰ
2393 3695 2669 3777 τούτων
2704 3698 2986 3794 ἐννοεῖν,
3020 3725 3104 3785 25

580 3817 692 3899 ὅτι
754 3820 1187 3920 μεμίσηνται
1250 3816 1551 3925 σφόδρα
1610 3817 1811 3923 παρὰ
1877 3826 2095 3902 Θεοῦ.
2203 3827 2261 3900 εἶ
2326 3820 2472 3925 γὰρ
2537 3823 2789 3928 ἀγαπᾷ
2855 3819 2986 3900 τὸν

576 3944 863 4025 τιθέντα
916 3940 1024 4037 τῆν
1067 3937 1308 4049 ψυχῆν
1354 3940 1531 4046 ὑπὲρ
1585 3947 1734 4022 τῶν
1786 3940 2181 4046 προβάτων
2230 3949 2360 4045 τῆς
2414 3945 2986 4050 ἐγχειρισθείσης

576 4065 876 4170 ἀγέλης,
918 4066 1196 4170 ἀνάγκη
1245 4064 1334 4168 δὴ
1382 4073 1594 4148 πᾶσα
1649 4072 1856 4166 νοεῖν,
1894 4066 2004 4148 ὅτι
2051 4068 2411 4172 βδελυρὸν
2456 4067 2808 4171 ἡγήσεται
2853 4066 2984 4148 τὸν

649 4331 702 4385 3.
737 4314 823 4369 διὰ
844 4318 1000 4369 τοῦτο
1024 4336 1240 4386 σημειον
1263 4332 1292 4369 e
1318 4312 1438 4368 Cat.
1468 4312 1622 4369 Harl.
1646 4312 1791 4369 Aub.
1818 4324 1870 4368 et
1896 4314 1968 4369 ita
1990 4333 2039 4369 a.
2066 4313 2383 4402 σημειωτέον
2408 4313 2475 4368 Β.
2767 4312 2982 4440 guph]

583 4392 641 4449 -Ι-
670 4407 771 4452 μου
796 4385 941 4440 Aub.
1336 4387 1528 4453 λὼσση
1531 4407 1556 4441 ς
1580 4403 1630 4439 a.
1875 4400 1957 4509 πᾶ.
1996 4384 2231 4454 omem,
2234 4407 2349 4440 σειν
2373 4384 2570 4438 retinui
2593 4402 2660 4439 ex
2684 4385 2772 4438 Au

577 4454 795 4525 θλήσειν
821 4456 887 4511 Β.
913 4455 1192 4525 συνθῆσειν
1220 4455 1310 4510 ΗΟ
1333 4463 1400 4510 εἰ.
1428 4455 1710 4510 συναθλεῖν
1735 4454 1854 4510 Cat.
1940 4407 2420 4537 8τ1.συναλγὴσειν
2444 4473 2492 4510 a.
2533 4454 2654 4510 Cat.
2687 4456 2777 4510 cit.
2815 4472 2983 4526 supra

576 4544 630 4597 p.
666 4544 784 4595 224.
1005 4529 1088 4581 18.
1124 4527 1280 4581 αὐτὸν
1303 4544 1350 4581 a.
1376 4534 1431 4580 et
1454 4526 1529 4579 ita
1551 4526 1779 4597 conjecit
1803 4525 1947 4581 Aub.
1974 4526 2029 4580 in
2056 4545 2167 4597 mg.
2194 4527 2362 4582 αὐτῶν
2389 4526 2454 4580 Β.
2484 4525 2586 4581 Ed.
2789 4542 2875 4580 22.
2913 4549 2982 4596 με

576 4600 675 4669 γὰρ
701 4599 914 4655 inverso
937 4597 1125 4653 ordine
1149 4616 1198 4652 a.
1414 4613 1500 4663 24.
1538 4599 1599 4651 τὸ
1624 4596 1915 4668 assumpsit
1939 4615 1968 4650 e
1996 4596 2113 4652 Cat.
2143 4607 2203 4651 ut
2228 4597 2337 4653 vid.
2362 4597 2508 4651 Aub.
2533 4607 2586 4651 et
2610 4596 2684 4651 ita
2706 4613 2756 4651 a.
