3238 5158
259 3237 395 3288 neb.
418 3238 484 3288 iv.

266 3320 286 3353 1
296 3319 344 3354 ο.

260 3435 341 3485 Ib.
365 3449 440 3497 13.

263 3513 349 3564 Es.
370 3529 492 3562 m.

266 3591 312 3633 1.

268 3981 427 4060 προς.

260 4064 349 4098 xn.
377 4061 421 4111 3.

604 334 729 398 176
1210 335 1287 399 B.
1335 335 1748 399 CYRILLI
1809 334 2388 399 ALEXANDR.
2779 332 2864 397 ix.
2895 348 2998 396 22.

599 499 948 599 Χριστός.
1035 499 1189 580 ἰδοῦ
1243 501 1386 604 γὰρ
1439 499 1622 603 πρὸς
1682 508 1784 608 τῷ
1842 500 2112 601 μηδένα
2170 500 2534 581 διδάσκειν
2587 499 3000 600 ἐπείγεσθαι

600 622 728 702 τὸν
789 627 953 725 περὶ
1028 629 1156 723 τῆς
1231 628 1600 726 ἐπιδημιάς
1665 628 1883 705 αὑτοῦ
1946 623 2193 726 λόγον,
2259 627 2374 704 καὶ
2444 621 2611 708 τοῦς
2682 622 3001 702 συνιέναι

601 748 1029 846 δυναμένους
1083 750 1160 828 ἐκ
1215 753 1342 849 τῆς
1396 756 1543 829 τῶν
1592 751 2180 853 κατορθουμένων
2227 746 2732 850 λαμπρότητος·
2792 750 2992 844 ἀμει-

600 871 827 978 λίκτῳ
864 881 1355 954 καταπτοοῦσι
1392 871 1630 980 φόβῳ,
1670 876 1787 952 καὶ
1835 871 2174 974 σκληρὰν
2209 872 2629 956 ἐπιτιθέντες
2677 871 3002 972 ἀνάγκην

599 994 734 1093 τὴν
770 997 849 1074 ἐκ
885 1000 1012 1096 τῆς
1049 1003 1271 1103 σφῶν
1306 996 1754 1099 ἀγριότητος,
1798 999 2314 1099 ὁμολογεῖσθαι
2350 994 2830 1075 διακωλύουσι
2869 993 3000 1072 τὸν
3029 1017 3070 1080 5

531 1136 577 1203 b
603 1121 688 1225 ἐξ
736 1120 971 1199 αὐτῶν
1020 1123 1331 1223 ὁρᾶσθαι
1386 1127 1532 1200 τῶν
1580 1121 2016 1228 παραδόξων
2062 1123 2189 1200 οὐκ
2243 1118 2725 1219 ἀτονήσαντα.
2804 1122 2990 1198 ἀπο·

599 1243 962 1325 σύνακτον
1008 1242 1152 1349 γὰρ
1202 1253 1570 1328 ποιοῦντες
1618 1243 1745 1325 τὸν
1788 1244 2223 1347 εὐγνώμονα,
2260 1244 2378 1323 διά
2430 1278 2507 1324 τε
2557 1252 2767 1323 τοῦτο
2816 1240 3000 1345 πρὸς

599 1365 683 1445 τὸ
720 1369 1081 1450 πιστεύειν
1119 1372 1436 1468 εὔκολον,
1473 1370 1600 1450 οὐκ
1639 1372 1674 1449 ε’
1804 1375 2061 1474 ριῶσιν
2096 1375 2160 1449 οἶ
2211 1370 2524 1464 δείλαιοι,
2562 1371 3004 1468 ἀλλοτριοῦν

598 1489 675 1570 δὲ
712 1492 984 1595 τρόπον
1019 1493 1179 1573 τινὰ
1215 1504 1344 1574 τοῦ
1383 1499 1575 1573 Θεοῦ
1612 1491 1740 1573 τὸν
1780 1498 1950 1599 Θεῷ
1994 1493 2457 1590 κολλώμενον
2492 1494 2598 1573 ἐπ’
2636 1490 2998 1597 ἐξουσίας,

597 1619 841 1702 αὐτοῖς
892 1622 1005 1698 καὶ
1056 1618 1273 1698 αὐτὸν
1310 1620 1715 1698 ἀναπείθειν
1750 1616 1878 1697 τὸν
1913 1615 2253 1698 ἁπάντων
2285 1617 2555 1718 Κύριον
2592 1622 2990 1713 συνεθελη-
3031 1649 3109 1694 ιο

596 1739 730 1838 τὴν
792 1743 1132 1844 γενέσθαι
1203 1746 1333 1841 τῆς
1407 1742 1710 1841 ἐνούσης
1784 1743 2022 1826 αὐτοῖς
2097 1741 2281 1821 κατὰ
2349 1741 2642 1822 πάντων
2708 1740 2991 1836 μανίας.

598 1868 1061 1967 ἀπολογεῖται
1143 1864 1368 1966 γεμὴν
1444 1869 1484 1946 5
1562 1864 1964 1961 θαυμάσιος
2044 1865 2618 1968 Εὐαγγελιστὴς,
2692 1867 2808 1943 καὶ
2891 1868 3002 1969 τῷ

602 1988 820 2095 φόβῳ
875 1991 1295 2087 νενικῆσθαί
1339 1997 1528 2096 φησι
1577 1989 1741 2074 τοὺς
1791 1991 2302 2091 ἐρωτωμένους,
2351 1991 2479 2070 οὐκ
2526 1991 2875 2088 ἐθελῆσαί
2917 2021 3000 2067 τε

541 2152 577 2195 ο
602 2110 719 2192 διὰ
760 2123 981 2193 τοῦτο
1032 2120 1248 2194 εἰπεῖν
1293 2117 1389 2200 ὡς
1437 2113 1566 2193 τὸν
1602 2113 1692 2220 ἐξ
1735 2117 1971 2194 αὐτῶν
2013 2113 2363 2216 γεγονότα
2411 2111 2937 2232 τεθεράπευκεν’
2955 2114 3000 2191 5

599 2236 949 2339 Χριστὸς,
1023 2238 1141 2332 ἵνα
1222 2242 1350 2338 τῆς
1425 2239 1791 2319 Ἰουδαίων
1869 2239 2208 2322 ἀπονοιάς
2290 2238 2824 2340 ἀπογυμνώσας
2910 2237 2996 2316 τὸ
3035 2275 3054 2313 1
3070 2269 3106 2331 5

596 2361 896 2462 μέγεθος
952 2359 1262 2469 φανερὸν
1312 2360 1748 2468 καταστήσῃ
1805 2364 1920 2442 καὶ
1976 2369 2123 2446 τοῖς
2177 2361 2328 2459 μετ’
2367 2360 2646 2445 αὐτούς.
2726 2361 2802 2441 τί
2850 2360 2997 2464 γὰρ

599 2482 688 2564 ἂν
723 2485 1002 2588 γένοιτο
1039 2492 1185 2565 τῶν
1210 2484 1550 2566 τοιούτων
1586 2484 2260 2588 ἀπανθρωπότερον,
2285 2486 2358 2565 οἵ
2387 2519 2470 2588 γε
2507 2490 2621 2565 καὶ
2659 2488 2999 2589 τιμωρίας

600 2609 918 2714 ὁρίζουσι
972 2617 1118 2695 τοῖς
1173 2610 1649 2713 εὐγνώμοσιν,
1706 2610 1970 2712 ἄγουσι
2032 2610 2106 2690 δὲ
2170 2609 2352 2715 πρὸς
2419 2610 2502 2690 τὸ
2566 2609 2999 2713 κολάζεσθαι

599 2739 746 2815 δεῖν
810 2732 974 2820 τοῦς
1046 2736 1397 2819 συνέντας
1472 2734 1661 2819 ὅλως
1735 2733 1864 2814 τὸν
1928 2732 2044 2814 διὰ
2117 2732 2339 2834 νόμου
2411 2738 2527 2814 καὶ
2599 2742 3000 2840 προφητῶν

598 2859 1141 2961 κηρυττόμενον.
1241 2860 1369 2940 οὐκ
1426 2862 1911 2960 ἀγνοηθεῖσαν
1967 2857 2044 2938 δὲ
2100 2867 2246 2943 τοῖς
2305 2859 2536 2960 ἁγίοις
2592 2860 2998 2964 προφήταις
3031 2900 3113 2941 20

595 2980 730 3080 τὴν
766 2989 911 3063 τῶν
945 2982 1310 3064 Ἰουδαίων
1347 2982 1648 3062 ἀνόσιον
1682 2985 1978 3090 σκέψιν,
2013 2986 2090 3063 ἐκ
2132 2989 2278 3063 τῶν
2314 2987 2518 3085 ἱερῶν
2553 2982 3000 3086 γραμμάτων

599 3105 1017 3209 εὑρήσομεν.
1095 3105 1213 3186 διὰ
1267 3106 1410 3209 γὰρ
1444 3105 1766 3186 Ἡσαΐου
1824 3111 2053 3214 φησὶν
2091 3109 2132 3187 5
2187 3110 2478 3208 καρδίας
2529 3110 2646 3186 καὶ
2695 3104 3002 3213 νεφροὺς

530 3240 573 3304 d
598 3233 917 3334 ἐρευνῶν,
958 3242 1001 3278 “
1029 3231 1505 3330 διικνούμενος
1544 3230 1714 3336 ἄχρι
1752 3239 2105 3334 μερισμοῦ
2142 3235 2389 3337 ψυχῆς
2437 3235 2551 3310 καὶ
2602 3231 3003 3329 πνεύματος

599 3364 643 3401 “
676 3355 925 3454 ἁρμῶν
961 3389 1038 3435 τε
1080 3356 1196 3434 καὶ
1233 3363 1542 3453 μυελῶν,
1572 3359 1688 3435 καὶ
1727 3354 2037 3459 κριτικὸς
2073 3355 2533 3455 ἐνθυμήσεων
2561 3357 2678 3434 καὶ
2715 3359 3003 3434 ἐννοιῶν

598 3487 643 3523 “
679 3478 989 3580 καρδίας,
1026 3475 1085 3585 ᾧ
1122 3480 1361 3559 πάντα
1393 3478 1635 3582 γυμνὰ
1672 3487 1788 3559 καὶ
1824 3480 2484 3584 τετραχηλισμένα”
2516 3479 2715 3559 ἐστίν
2745 3490 2788 3526 “
2808 3479 3000 3558 Οὐαὶ
3032 3507 3116 3568 25

600 3612 643 3649 “
677 3601 886 3681 τέκνα
940 3601 1370 3700 ἀποστάται,
1426 3604 1595 3682 τάδε
1658 3605 1851 3706 λέγει
1915 3603 2178 3707 Κύριος
2222 3602 2665 3704 Ἐποιήσατε
2718 3604 3004 3703 βουλὴν

601 3735 643 3773 “
685 3729 802 3805 καὶ
840 3726 922 3805 οὐ
961 3723 1046 3804 δι’
1085 3729 1280 3825 ἐμοῦ,
1321 3724 1686 3827 συνθήκας
1736 3731 1852 3807 καὶ
1903 3731 1986 3807 οῦ
2038 3728 2153 3808 διὰ
2188 3737 2317 3809 τοῦ
2359 3729 2777 3827 Πνεύματός
2824 3763 2997 3826 μου,

602 3860 645 3897 “
680 3855 1104 3952 προσθεῖναι
1158 3850 1513 3953 ἁμαρτίαν
1548 3851 1664 3958 ἐφ’
1707 3853 2119 3955 ἁμαρτίας.”
2180 3854 2221 3932 5
2267 3850 2399 3951 μὲν
2436 3852 2580 3953 γὰρ
2617 3852 2855 3955 λέγων
2892 3852 3004 3932 ὅτι

605 3973 872 4077 Κύριος
905 3976 1215 4074 Ἰησοῦς,
1251 3977 1397 4078 ἐρεῖ
1426 3974 1660 4074 δήπου
1696 3976 1982 4060 πάντως
2020 3978 2095 4055 ἐν
2128 3978 2359 4083 Ἀγίῳ
2400 3976 2788 4073 Πνεύματι,
2818 3976 3006 4056 κατὰ

598 4097 732 4198 τὴν
768 4106 894 4178 τοῦ
935 4100 1239 4180 Παύλου
1284 4099 1556 4204 φωνήν·
1624 4098 2034 4199 μελετήσας
2085 4101 2175 4180 δέ
2210 4134 2316 4184 τις
2365 4098 2450 4178 τὸ
2498 4102 2835 4198 ἐναντίον,
2873 4103 3006 4179 οὐκ
3035 4126 3125 4183 30

599 4225 676 4303 ἐν
711 4223 940 4331 Ἀγίῳ
978 4225 1371 4324 Πνεύματι·
1441 4222 1711 4320 πόθεν;
1775 4223 2092 4325 λαλήσει
2141 4222 2215 4304 δὲ
2258 4230 2548 4324 μᾶλλον
2584 4226 2660 4304 ἐν
2698 4223 2997 4327 Βεελζε-

675 4522 756 4561 12.
793 4506 1079 4564 θεσπέσιος
1100 4526 1148 4562 a.
1414 4524 1500 4581 27.
1539 4511 1622 4565 καὶ
1647 4511 1737 4565 alt.
1764 4528 1873 4566 om.
1899 4510 2044 4566 Aub.
2297 4511 2385 4567 28.
2420 4510 2669 4582 ἁμαρτίας
2698 4510 2763 4565 Β.
2792 4511 3006 4584 Migne.

595 4577 866 4649 ἁμαρτίαις
895 4580 1075 4635 Holst.
1106 4579 1204 4634 Ed.
1236 4581 1438 4650 (Alex.)
