3238 5158
197 331 440 422 gv.16.
576 332 690 395 IN
754 335 819 398 S.
869 333 1378 401 JOANNEM.
1470 336 1662 400 LIB.
1710 336 1792 400 X.
1883 335 2087 400 CAP.
2136 336 2231 399 II.
2470 336 2597 398 583

195 497 604 601 παραθήγει
652 497 876 580 πάλιν
914 507 1011 585 εἶς
1053 503 1405 600 εὔτολμον
1443 502 1801 609 φρόνημα,
1840 508 1955 583 καὶ
1995 503 2110 582 διὰ
2147 502 2391 601 πάσης
2439 501 2590 583 ἱόν·
2674 557 2703 581 ,

195 655 332 705 τας
366 626 694 723 σπουδῆς
731 628 846 704 καὶ
898 624 1025 706 τὸν
1061 627 1425 732 ἐξαίρετον
1459 632 1554 710 εἷς
1592 628 2101 730 φιλαλληλίαν
2136 626 2583 724 ἐπιτηδεύον-
2617 661 2653 705 e

194 779 330 829 τας
380 744 668 849 τρόπον,
709 753 1018 857 ὠφελεῖν
1054 749 1319 830 κελεύει
1358 746 1523 835 τοῦς
1571 752 1920 834 ἀπίστους
1968 750 2099 847 ἔτι,
2142 751 2259 830 καὶ
2307 757 2455 833 τοῖς
2498 756 2595 834 εἶς

196 869 572 964 εὐσέβειαν
632 871 878 977 λόγοις
937 908 1011 953 τε
1074 878 1188 955 καὶ
1253 874 1637 976 πράγμασι
1703 874 2123 977 σαγηνεύειν
2189 875 2595 974 ἐπείγεσθαι

131 1016 168 1077 5
198 993 371 1078 τοὺς
424 997 1029 1096 πεπλανημένους,
1068 1004 1163 1083 εἰς
1220 996 1305 1078 τὸ
1362 997 1595 1079 θέλειν
1644 997 1760 1078 διὰ
1814 1000 2127 1083 πίστεως
2181 1004 2597 1078 κολλᾶσθαι

200 1123 398 1225 Θεῷ.

317 1243 625 1324 Ἑαυτὸν
698 1255 1077 1350 τοιγαροῦν
1151 1244 1388 1328 εἰκόνα
1469 1252 1584 1327 καὶ
1658 1248 1885 1329 τύπον
1961 1257 2085 1328 τοῦ
2168 1247 2595 1351 πράγματος

197 1371 569 1468 παραθεὶς,
606 1372 721 1449 καὶ
768 1369 1224 1473 παρενεγκῶν
1259 1377 1355 1456 εἷς
1405 1371 1632 1470 μέσον
1668 1370 1753 1451 τὸ
1799 1377 1897 1455 εἰς
1933 1370 2186 1454 αὐτοῦς
2222 1373 2359 1472 ἤδη
2394 1405 2585 1451 τετε·

201 1489 562 1586 λεσμένον
585 1495 797 1600 αὐτῷ,
832 1497 1211 1594 μιμεῖσθαί
1241 1528 1318 1574 τε
1356 1496 1579 1575 πείθει
1617 1493 1745 1575 τὸν
1781 1495 2251 1589 διδάσκαλον,
2295 1500 2411 1575 καὶ
2449 1504 2596 1579 τοῖς

100 1645 176 1686 10
199 1612 391 1700 ’ίσοις
427 1617 855 1717 διαλάμπειν
893 1618 1145 1701 αὐτοὺς
1192 1618 1726 1722 κατορθώμασι,
1767 1618 2005 1720 λε’γων
2042 1625 2207 1717 Οὐχ,
2263 1624 2450 1725 ὑμεῖς
2505 1655 2595 1723 με

202 1738 604 1847 ἐξελέξασθε
641 1747 810 1822 ἀλλ’
852 1739 989 1844 ἐγῶ
1025 1748 1210 1847 ὑμᾶς
1256 1739 1680 1850 ἐξελεξάμην,
1719 1749 1832 1822 καὶ
1870 1741 1962 1821 τὰ
1997 1741 2270 1826 τούτοις
2306 1742 2587 1848 ἐφεξῆς.
2620 1749 2665 1815 d

204 1863 422 1942 ε’ννόει
477 1863 617 1968 γὰρ
675 1865 985 1967 λέγοντα
1039 1863 1256 1970 τυχόν
1288 1864 1835 1970 ἱΠεριζώσασθε
1891 1864 2021 1966 τὴν
2077 1872 2172 1950 εἷς
2224 1864 2597 1965 ἀλλήλους

203 1987 519 2090 ἀγάπην,
560 1986 618 2067 ὦ
655 1991 991 2089 μαθηταί·
1068 1987 1296 2070 ταῦτά
1330 1988 1475 2091 γὰρ
1527 1987 1727 2089 δήτοι
1775 1997 2065 2094 φρονεῖν
2121 2024 2198 2070 τε
2248 1993 2364 2069 καὶ
2421 1994 2598 2095 δρᾶν

202 2115 301 2195 εἷς
334 2112 612 2214 ἑτέρους
648 2111 976 2218 ὀφείλετε
1017 2116 1133 2192 καὶ
1170 2117 1360 2218 ὑμεῖς
1398 2115 1619 2210 αὐτοὶ,
1655 2118 1772 2194 καὶ
1814 2111 1932 2193 διὰ
1967 2112 2320 2194 συντόνου
2355 2148 2588 2195 σπου·

104 2260 175 2322 15
203 2234 332 2332 δῆς
368 2234 793 2339 ἐργάζεσθαι
832 2243 1091 2341 φιλεῖν,
1130 2233 1312 2338 ἅπερ
1350 2243 1445 2319 εἷς
1493 2238 1675 2336 ὑμᾶς
1716 2235 1858 2340 ε’γῶ
1895 2235 2233 2317 τετέλεκα
2270 2239 2589 2344 φθοίσας.

203 2355 340 2459 ἐγῶ
419 2357 562 2461 γὰρ
632 2359 1040 2468 ἐξελεξάμην
1110 2366 1321 2466 ὑμεῖς·
1425 2366 1542 2440 οὐκ
1610 2358 1731 2459 ἐμὲ
1793 2366 2085 2459 μᾶλλον
2143 2366 2355 2466 ὑμεῖς.
2457 2360 2599 2463 ἐγὼ

201 2480 782 2585 προσηγαγόμην
818 2486 936 2563 καὶ
991 2482 1352 2586 γνώριμον
1390 2483 1519 2579 μὲν
1573 2485 1701 2563 οῦκ
1759 2484 1980 2564 εἰδόσι
2038 2483 2453 2584 κατέστησα
2509 2487 2594 2564 δι’

205 2608 536 2716 ὑπερφυᾶ
588 2607 1077 2711 γαληνότητα,
1122 2615 1219 2693 εἷς
1262 2609 1547 2711 ἑδραίαν
1584 2606 1660 2688 δὲ
1696 2610 1919 2692 οὕτως
1953 2608 2346 2705 ἀνεκόμισα
2401 2609 2591 2708 γνώ-

205 2764 365 2830 μην,
408 2729 597 2811 ὥστε
644 2734 825 2830 ὑμᾶς
868 2731 1177 2833 ἀνάγειν,
1220 2730 1611 2829 τουτέστιν,
1649 2734 1756 2811 ἀεὶ
1810 2730 1991 2834 πρὸς
2046 2731 2134 2810 τὸ
2189 2731 2424 2836 μεῖζον
2482 2734 2588 2810 ε’κ-
2618 2763 2654 2806 e

110 2887 184 2928 πο
202 2856 563 2937 τείνεσθαι
596 2860 714 2936 καὶ
750 2862 1235 2961 καρποφορεῖν
1273 2855 1627 2936 δύνασθαι
1664 2862 1767 2963 τῷ
1805 2860 1992 2962 Θεῷ.
2039 2852 2190 2935 ’διά
2227 2888 2305 2933 τε
2340 2857 2595 2935 τούτου

203 2978 387 3080 πρὸς
452 2980 815 3080 τοσαύτην
870 2979 1038 3060 ’ίοιτε
1101 2980 1534 3084 παῤῥησίαν,
1596 2976 1788 3059 ὥστε
1846 2980 1963 3058 καὶ
2018 2980 2050 3058 ’ὅ
2112 3014 2173 3057 τι
2230 2980 2312 3058 ἂν
2369 2976 2595 3071 αἰτῆτε

205 3101 463 3184 λοιπὸν
499 3106 615 3185 ἐπὶ
650 3114 742 3212 τῷ
777 3107 1053 3209 ὄνὸμαιτί
1082 3140 1233 3208 μου,
1272 3111 1482 3184 τοῦτο
1519 3106 1636 3183 καὶ
1670 3109 1949 3198 λαβεῖν.
2025 3104 2277 3182 οὐκοῦν
2312 3101 2594 3202 ἐπείπερ

202 3233 346 3306 τῶν
398 3231 588 3325 ἐμῶν
633 3229 783 3308 κατ’
825 3228 1021 3332 ἴχνος
1076 3227 1354 3321 βαίνετε
1413 3225 1656 3331 λόγων
1699 3261 1777 3306 τε
1834 3230 1950 3305 καὶ
2000 3223 2439 3325 διοικήσεων,
2478 3231 2594 3304 καὶ

203 3349 333 3450 τὴν
384 3358 532 3437 τοῖς
588 3351 911 3452 γνησίοις
955 3350 1380 3455 πρέπουσαν
1425 3355 1780 3450 μαθηταῖς
1822 3347 2363 3452 περιζώσασθαι
2411 3351 2596 3451 γνώ-

111 3503 183 3564 25
204 3509 371 3575 μην,
407 3476 534 3555 οὐκ
583 3476 1005 3556 ἀνακόπτειν
1042 3474 1441 3554 ἀκόλουθον
1477 3473 1981 3578 περιμένοντας
2020 3474 2272 3557 α’πλῶς
2321 3473 2450 3554 τὸν
2501 3479 2598 3558 εἷς

206 3598 455 3680 πίστιν
510 3597 933 3697 αὐτόμολον,
992 3601 1109 3677 καὶ
1164 3595 1606 3698 αὐτόκλητον
1662 3602 1758 3682 εἷς
1814 3598 2207 3692 εὐσέβειαν·
2308 3595 2595 3682 ἑαυτοὺς
2620 3637 2656 3677 ο,
2700 3622 2834 3679 898
2853 3621 2935 3677 Δ.

208 3720 281 3800 δὲ
337 3730 628 3821 μᾶλλον
681 3729 830 3806 τοῖς
885 3725 1273 3824 ἀγνοοῦσιν
1318 3720 1420 3800 ἔτι
1475 3723 1590 3802 καὶ
1648 3722 2142 3820 πλανωμένοις
2195 3721 2597 3823 προσάγειν

207 3844 714 3950 χειραγωγοὺς,
766 3850 882 3927 καὶ
937 3845 1441 3949 προσκομίζειν
1498 3848 1616 3926 καὶ
1671 3852 1818 3930 τοῖς
1875 3846 2073 3926 οὔπω
2129 3850 2380 3945 μαθεῖν
2424 3844 2590 3922 ἑλο-

206 3969 437 4066 μένοις
484 3970 569 4051 τὸ
622 3971 979 4075 σωτήριον
1015 3969 1367 4072 κήρυγμα,
1403 3977 1846 4072 παρακαλεῖν
1883 4003 1958 4048 τε
1995 3966 2380 4071 προθύμως
2417 3967 2599 4071 πρὸς

115 4125 188 4181 3ο
208 4091 336 4190 τὴν
370 4099 496 4193 τῆς
545 4098 859 4194 ἀληθοῦς
903 4093 1347 4197 θεογνωσίας
1399 4091 1570 4173 ἱέναι
1616 4090 2058 4197 κατάληψιν,
2105 4089 2239 4171 κᾶν
2277 4094 2596 4195 ἀποτρα-

206 4215 505 4319 χύνηταί
550 4252 706 4303 πως
750 4222 844 4301 εἷς
897 4218 1255 4297 ἀπείθειαν
1300 4222 1445 4297 τῶν
1481 4214 1885 4296 ἀκουόντων
1919 4217 1959 4294 ὁ
2000 4224 2182 4298 νοῦς.
2262 4210 2397 4294 εἷεν
2456 4211 2599 4316 γὰρ

180 4478 187 4487 ’
288 4511 333 4548 1.
365 4495 651 4569 vapaor'nn
677 4496 807 4552 EMF
834 4495 938 4553 Ed.
965 4515 1077 4569 mg.
1100 4495 1392 4568 παραθήσει
1418 4495 1522 4551 Ed.
2150 4510 2236 4549 22.
2271 4514 2372 4563 μου
2398 4507 2507 4545 om.
2535 4488 2602 4544 E.

219 4577 301 4629 24.
334 4564 410 4622 ἶσ.
434 4567 821 4639 περιεζῶσασθε
848 4567 950 4623 Ed.
978 4585 1086 4639 mg.
1112 4570 1267 4640 περι(
1234 4567 1502 4635 ζώσασθαι
1526 4565 1688 4622 babet
1711 4565 1769 4620 F.
