3238 5158
249 337 393 404 xiii.
417 362 479 428 9.
819 343 936 410 IN
995 315 1064 411 si.
1112 343 1627 411 JOANNEM.
1717 342 1912 409 ΜΒ.
1958 342 2083 407 1x.
2526 337 2658 402 849

257 500 535 605 ζημίαν,
578 505 713 608 τὴν
755 509 834 589 ἐκ
886 517 1017 590 τοῦ
1068 513 1385 613 τηρῆσαι
1436 507 1522 590 τὸ
1577 509 1970 614 εἰρημένον.
2048 501 2662 612 παραφυλακτέον
2683 541 2721 583 a
2763 527 2896 587 724
2910 525 2991 583 Δ.

256 638 642 734 τοιγαροῦν
694 630 780 713 τὸ
834 640 1179 738 προαλῶς
1234 668 1306 714 τι
1364 635 1481 714 καὶ
1542 631 1942 739 προχείρως
1998 635 2240 729 εἰπεῖν,
2294 627 2475 730 μήτε
2528 624 2664 727 μὲν

257 753 533 858 ἀγρίοις
568 754 965 860 ἐπειγέσθω
1002 791 1113 843 τις
1147 756 1383 842 τόνοις
1413 821 1733 841 ......
1769 754 1857 837 τὸ
1893 757 1972 836 ἐκ
2007 753 2437 860 προπετείας
2474 752 2658 833 ἀπο-

259 877 608 978 πτυσθέν,
644 878 847 961 ἀλλά
881 879 1017 961 κάν
1050 915 1121 961 τι
1168 881 1522 984 λέγεσθαι
1570 885 1830 987 συμβῇ
1877 878 2080 985 παρά
2127 911 2366 972 τινων,
2406 871 2561 955 εἶτά
2593 908 2664 955 τι

196 1017 235 1079 5
260 1006 408 1082 τῶν
444 1004 742 1105 ἀγαθῶν
783 1006 902 1085 καὶ
951 1006 1522 1111 ἀναγκαιοτέρων
1569 1003 1998 1114 ἀφανίζηται
2049 1000 2168 1085 διά
2214 1005 2345 1102 τῆς
2391 996 2658 1081 ἐνστά-

259 1159 471 1225 σεως,
528 1127 920 1232 ἐπαθρείτω
982 1130 1103 1209 διά
1160 1136 1308 1211 τῶν
1364 1128 1866 1234 προκειμένων,
1925 1128 2038 1209 ὅτι
2100 1124 2298 1208 πολῦ
2361 1124 2531 1204 λίαν
2586 1125 2665 1204 ἐν

261 1250 588 1351 ἀμείνοσι
641 1249 728 1333 τὸ
781 1250 884 1354 μὴ
943 1252 1179 1358 λέγειν
1236 1255 1493 1339 ἀπλῶς
1552 1255 1671 1335 καὶ
1726 1254 2201 1334 διατείνεσθαι
2256 1248 2515 1352 μάτην,
2552 1248 2665 1329 ὅτι

260 1373 583 1461 δεδωκὼς
618 1375 723 1477 εἴη
760 1373 1012 1481 λόγον,
1048 1376 1388 1484 πράττειν
1424 1376 1503 1459 δὲ
1533 1385 1829 1479 μᾶλλον
1864 1376 2278 1481 ἐπείγεσθαι
2318 1369 2404 1455 τὸ
2447 1383 2665 1453 λυσι-
2710 1380 2725 1386 ”

258 1498 487 1585 τελές.
591 1505 912 1604 κρεῖττον
966 1500 1111 1605 γάρ
1177 1497 1373 1602 οἶμαι
1433 1508 1580 1587 πᾶς
1641 1536 1753 1588 τις
1812 1503 1972 1606 ἐρεῖ,
2031 1502 2109 1581 ἐν
2165 1498 2414 1603 λόγοις
2475 1498 2663 1598 ἡμᾶς
2684 1515 2731 1584 b

154 1657 239 1702 10
262 1624 633 1725 ὑπομεῖναι
697 1622 1015 1732 γραφὴν,
1073 1623 1121 1728 ἢ
1185 1624 1640 1732 πραγμάτων
1702 1626 2114 1730 ἀναγκαίων
2170 1621 2428 1726 ζημίαν
2486 1621 2656 1729 ὑφί-

259 1755 611 1831 στασθαι.
713 1748 1010 1831 ἀπέστω
1074 1748 1154 1830 δὲ
1219 1751 1552 1853 γλώττης
1614 1753 1743 1851 τῆς
1806 1749 2154 1854 ἡμετέρας
2213 1746 2301 1828 τὸ
2365 1744 2665 1845 ὀμνύναι

257 1878 655 1971 παντελῶς,
713 1871 832 1953 διὰ
883 1873 1015 1958 τὰς
1068 1876 1492 1980 προχείρους
1548 1908 1627 1955 τε
1684 1877 1803 1955 καὶ
1857 1872 1947 1982 ἐξ
1997 1872 2291 1978 ἀκρίτου
2350 1871 2665 1957 διανοίας

259 1994 531 2104 φωνὰς,
569 1999 688 2078 καὶ
724 1996 854 2083 τὰς
890 1996 1063 2080 ἔσθ’
1096 1997 1217 2079 ὅτε
1253 1997 1805 2098 συμβαινούσας
1841 2000 1939 2082 ὡς
1973 1995 2064 2105 ἐξ
2092 1994 2410 2100 ἀνάγκης
2446 2028 2666 2097 μετα-

257 2117 519 2214 βολάς.
600 2120 808 2230 ἀξιον
851 2121 984 2223 μὲν
1029 2121 1175 2227 γὰρ
1230 2125 1348 2203 καὶ
1402 2119 1892 2230 ἀξιοζήλωτον
1945 2120 2172 2206 ὅντως
2223 2122 2374 2225 ἐρεῖ
2417 2153 2526 2204 τις
2577 2116 2665 2200 τὸ

149 2275 234 2337 15
260 2251 601 2348 γλῶτταν
638 2246 824 2355 ἔχειν
860 2244 1328 2348 ἐπιστήμονα,
1367 2249 1485 2328 καὶ
1535 2253 1635 2332 εἰς
1683 2242 1732 2327 ἀ
1781 2245 1884 2348 μὴ
1931 2249 2304 2351 προσῆκεν
2339 2243 2666 2349 ὀλιγάκις

258 2372 928 2452 διολισθαίνουσαν.
1032 2370 1274 2473 ἐπειδὴ
1337 2369 1414 2452 δὲ
1480 2368 1566 2452 τὸ
1619 2377 1926 2477 πρᾶγμα
1976 2369 2666 2475 δυσκαταγώνιστον

261 2496 379 2575 καὶ
415 2493 629 2581 αὐτὸς
663 2495 835 2596 ἡμῖν
871 2497 912 2577 ό
950 2502 1139 2583 θεῖος
1172 2494 1546 2604 παρέδειξε
1583 2496 1835 2600 λόγος·
1897 2505 1941 2543 “
1965 2492 2100 2598 τὴν
2134 2494 2279 2602 γὰρ
2322 2500 2663 2599 γλῶτταν
2684 2529 2721 2575 ο
2749 2492 2937 2612 ἓξὲξ·

260 2628 306 2667 “
343 2620 571 2705 οὐδεὶς
624 2619 918 2702 δύναται
973 2620 1375 2725 ἀνθρώπων
1429 2618 1819 2719 δαμάσαι,”
1871 2617 2059 2700 κατὰ
2119 2617 2205 2699 τὸ
2269 2618 2660 2723 εἰρημένον·

263 2742 496 2849 ὅρκων
530 2744 913 2850 ἐλευθέραν
946 2742 1081 2846 τὴν
1115 2751 1263 2825 τῶν
1306 2742 1554 2849 λόγων
1595 2743 1967 2845 ποιώμεθα
2017 2741 2426 2851 προφοράν.
2502 2740 2667 2822 τότε

145 2903 237 2949 20
263 2867 408 2974 γὰρ
460 2868 526 2949 εἴ
571 2903 643 2950 τι
696 2872 813 2951 καὶ
868 2874 1259 2975 παρελθεῖν
1303 2866 1715 2972 ἀναγκάσω
1769 2865 2033 2972 καιρὸς,
2069 2873 2270 2967 μεῖον
2315 2866 2524 2947 ἔσται
2577 2864 2664 2948 τὸ

259 2991 756 3099 κατηγόρημα,
793 2996 910 3076 καὶ
946 2992 1427 3099 μετριωτέραν
1460 2991 1606 3100 ἕξει
1652 2991 1737 3072 τὸ
1784 2998 2122 3093 πταῖσμα
2166 2988 2302 3094 τὴν
2336 2989 2658 3097 γραφήν.

261 3116 579 3203 εὐκόλως
635 3119 709 3199 δ’
767 3117 859 3199 ἀν
913 3114 1110 3218 οἶμαι
1168 3120 1287 3198 καὶ
1349 3120 1478 3217 τῆς
1544 3114 1747 3221 παρὰ
1802 3120 1995 3197 Θεοῦ
2051 3149 2161 3201 τις
2219 3113 2665 3219 συγγνώμης

261 3242 607 3350 τευξεται,
644 3241 765 3323 διὰ
807 3240 941 3345 τὴν
989 3244 1106 3323 ἀεί
1136 3272 1300 3328 πως
1338 3242 1511 3343 ἡμῖν
1543 3240 2050 3396 παρεπομένην
2094 3247 2241 3322 τῶν
2277 3246 2664 3344 λογισμῶν

261 3368 646 3474 ἐλαφρίαν.
724 3377 767 3416 “
798 3366 1371 3471 Παραπτώματα
1404 3364 1551 3471 γὰρ
1599 3366 1709 3450 τίς
1753 3363 2121 3468 συνήσει,”
2160 3363 2346 3446 κατὰ
2391 3399 2478 3446 το
2527 3400 2655 3469 γε·
2748 3358 2836 3492 f}
2854 3359 3003 3414 πω·

147 3518 234 3581 25
263 3491 698 3597 γραμμένον,
761 3488 809 3594 ἢ
882 3498 1038 3577 πῶς
1110 3493 1239 3573 οὐκ
1312 3488 1403 3572 ἀν
1476 3490 1871 3597 διαπταίσῃ
1942 3488 2190 3593 γήῖνος
2261 3491 2661 3595 ἅνθρωπος,

263 3615 645 3718 λειοτάτην
707 3615 997 3722 ἔχοντος
1057 3624 1187 3698 τοῦ
1254 3613 1487 3718 λόγου
1545 3612 1681 3715 τὴν
1735 3620 1834 3699 εἶς
1896 3616 2136 3697 ὁτιοῦν
2189 3611 2655 3719 ἀποδρομήνς
2686 3627 2734 3695 d

263 3745 562 3843 γλῶττα
599 3738 745 3846 γὰρ
779 3741 826 3842 ἡ
863 3743 940 3821 ἐν
973 3740 1144 3842 ἡμῖν
1180 3740 1266 3821 οῦ
1299 3739 1469 3821 λίαν
1504 3736 1911 3845 εὐκάτοχος.

423 3983 544 4058 μὲν]
574 3983 961 4058 Legendnmne
981 3985 1120 4056 phu?
1422 3985 1666 4058 3.1nter
1685 3988 1855 4043 τόνοις
1877 3994 1931 4040 et
1951 3985 2013 4040 τὸ
2037 3984 2271 4057 spatium
2295 3985 2534 4075 quinque
2556 3984 2666 4042 sere

257 4057 402 4113 litt.
385 4074 447 4113 m
475 4056 539 4112 E.
719 4073 773 4129 9.
814 4056 928 4113 Ine.
953 4060 1187 4128 κρεῖττον
1210 4073 1265 4127 p.
1445 4056 1801 4127 ῳάξῆλωτον
1824 4057 1951 4127 (sic)
1977 4056 2045 4111 E.
2212 4069 2295 4183 ἑ.
2328 4054 2665 4200 ιιῬοο-ίμεειι-ῙΡΕς

265 4145 352 4199 19.
387 4128 882 4201 προσφοράνρτίυε
906 4125 1462 4200 scfiptumeedcdel
1462 4127 1706 4186 etumE.
1848 4143 1936 4185 22.
1971 4125 2076 4200 τις]
2101 4127 2191 4197 τῆς

258 4197 377 4255 den.
403 4217 460 4270 p.
