3238 5158
181 313 460 403 xviiag.
546 316 659 382 IN
722 317 1355 384 S.JOANNEM.
1445 316 1811 382 L113.x1.
1902 315 2259 381 CARIX.
2448 316 2571 378 705

180 478 301 558 οὖν
353 479 503 584 ἄρα
558 485 674 561 καὶ
728 482 1107 588 ἄνθρωπον
1152 487 1229 564 ἐν
1278 485 1514 592 ταύτῷ
1565 480 1931 586 παριστὰς
1985 477 2257 577 ἑαυτὸν,
2313 480 2572 559 ἐννοεῖν

178 598 426 706 ὥσπερ
459 605 821 687 ἀναπείθει
855 606 1019 692 τοῦς
1054 606 1401 709 μαθητὰς,
1439 611 1535 693 ὡς
1570 606 1777 688 ἀπών
1811 637 1889 685 τε
1927 607 2044 684 καὶ
2082 601 2333 707 παρὼν
2368 599 2574 682 οὐδὲν

178 723 388 824 ἦττον
454 728 827 833 ἐνεργήσει
898 730 992 811 τὰ
1061 730 1243 837 πρὸς
1302 730 1669 836 σωτηρίαν
1732 731 1969 813 αὐτοῖς
2032 734 2382 807 τελοῦντα
2440 724 2574 824 τὴν

178 848 356 928 κατὰ
392 851 612 944 Θεὸν,
652 857 770 934 καὶ
826 854 1078 959 ὥσπερ
1131 851 1508 959 τετήρηκεν
1543 852 1648 935 ἔτι
1701 850 1946 933 συνὼν
1981 852 2094 932 ἐπὶ
2137 855 2270 954 γῆς
2323 849 2441 930 διὰ
2485 847 2571 929 τὸ

121 995 153 1054 5
179 972 649 1075 ἀνθρώπινον,
686 979 873 1058 οὕτω
907 977 1203 1084 τηρήσει
1248 980 1366 1059 καὶ
1416 978 1623 1059 ἀπὼν
1659 984 1906 1061 θεῖκῶς
1944 974 2060 1055 διὰ
2096 975 2181 1056 τὸ
2229 980 2357 1074 τῆς
2393 976 2570 1058 ἰδίας
2598 986 2641 1052 d

177 1097 425 1183 οὐσίας
472 1099 857 1205 ἐξαίρετον.
937 1104 1022 1182 οὐ
1067 1101 1210 1207 γὰρ
1243 1104 1320 1183 ἐν
1357 1102 1558 1209 τόπῳ
1591 1101 1678 1182 τὸ
1722 1107 1933 1198 θεῖον,
1968 1099 2234 1181 ἄπεστι
2270 1098 2346 1180 δὲ
2382 1134 2567 1180 παν-

176 1228 397 1307 τελῶς
453 1230 606 1304 τῶν
658 1224 885 1307 ὄντων
927 1225 1235 1311 οὐδενός·
1314 1232 1592 1330 πληροῖ
1639 1221 1782 1328 γὰρ
1839 1222 1933 1303 τὰ
1989 1222 2231 1304 πάντα
2284 1225 2402 1304 καὶ
2456 1223 2576 1302 διὰ

177 1342 469 1426 πάντων
513 1347 918 1453 ἐρχόμενον,
954 1350 1095 1457 ἔξω
1145 1384 1223 1430 τε
1279 1344 1572 1430 πάντων
1606 1352 1725 1429 καὶ
1775 1350 1852 1428 ἐν
1887 1347 2116 1427 πᾶσίν
2151 1350 2330 1428 ἐστι.
2406 1350 2563 1427 δια·

178 1467 567 1570 λεγόμενος
622 1472 701 1553 δὲ
746 1471 931 1577 πρὸς
979 1473 1108 1555 τὸν
1155 1477 1406 1555 ἑαυτοῦ
1453 1472 1747 1575 Πατέρα
1803 1473 1917 1551 καὶ
1974 1472 2216 1573 λέγων
2253 1482 2296 1519 “
2327 1469 2574 1573 Πάτερ
2665 1474 2864 1590 §3³:²¹

97 1619 159 1660 ¹0
181 1599 221 1636 “
254 1587 435 1694 ἅγιε,
498 1595 825 1700 τήρησον
883 1595 1197 1696 abrahe?
1262 1595 1467 1682 εὐθὺς
1531 1593 2030 1696 εἶσκεκόμικεν,
2097 1593 2219 1675 ἅτε
2294 1593 2382 1696 δὴ
2456 1600 2575 1674 καὶ

180 1712 674 1823 ὑπάρχουσαν,
722 1719 853 1822 τὴν
889 1723 1001 1828 ἐφ’
1041 1717 1318 1803 ἅπασιν
1372 1720 1660 1823 ἐνεργὸν
1714 1719 2015 1818 δύναμιν
2069 1727 2199 1799 τοῦ
2251 1718 2567 1822 Πατρός·

178 1838 248 1916 ἐν
281 1841 526 1950 ταύτῷ
582 1842 658 1921 δὲ
713 1844 1070 1928 δείκνυσιν
1104 1848 1201 1930 ὡς
1247 1846 1375 1926 οὐκ
1413 1843 1554 1951 ἔξω
1588 1847 1717 1944 τῆς
1761 1844 1980 1924 αὐτοῦ
2017 1840 2309 1947 φύσεώς
2352 1844 2576 1939 ἐστιν,

180 1963 341 2042 ἀλλ’
379 1966 459 2045 ἐν
514 1967 698 2072 αὐτῇ
752 2003 827 2047 τε
885 1971 1004 2050 καὶ
1058 1969 1148 2077 ἐξ
1195 1970 1413 2069 αὐτῆς
1468 1966 1814 2072 ὑπάρχων
1860 1965 2373 2047 ἀδιάσπαστον
2431 1963 2574 2071 ἔχει

180 2083 306 2185 τὴν
337 2089 629 2190 ἕνωσιν,
666 2089 800 2171 κᾶν
836 2095 911 2172 ἐν
948 2093 1250 2201 ὑπάρξει
1286 2096 1534 2192 νοῆται
1570 2099 1662 2197 τῇ
1698 2092 1862 2172 καθ’
1901 2089 2175 2174 ἑαυτόν.
2252 2100 2296 2139 “
2320 2089 2571 2195 Τήρη-
2669 2116 2749 2166 Ib-

100 2236 161 2296 15
183 2218 225 2256 ‘⁴
248 2244 386 2291 σον
420 2212 572 2318 γὰρ
609 2213 884 2313 αὐτοῦς,
916 2220 1169 2323 φησὶν,
1191 2219 1268 2297 ἐν
1297 2221 1404 2324 τῷ
1439 2215 1742 2316 ὀνόματί
1772 2249 1913 2295 σου
1951 2212 2010 2325 ᾧ
2044 2213 2353 2299 δέδωκάς
2388 2215 2572 2313 μοι·”

185 2337 294 2414 καὶ
344 2336 581 2418 πάλιν
616 2349 663 2386 “
690 2336 874 2419 ΕὈτε
929 2340 1121 2440 ἤμην
1174 2338 1326 2442 μετ’
1365 2341 1623 2437 αὐτῶν,
1665 2337 1808 2441 ἐγὼ
1865 2338 2158 2443 ἐτήρουν
2195 2336 2449 2423 αὐτοὺς
2502 2340 2578 2417 ἐν
2670 2355 2847 2404 Ib-12·

188 2464 228 2503 ‘⁶
260 2466 359 2566 τῷ
413 2459 725 2562 ὀνόματί
783 2497 927 2544 σου
980 2460 1039 2571 ᾧ
1091 2462 1403 2548 δέδωκάς
1473 2460 1665 2561 μοι.”
1742 2465 2135 2563 ἀναγκαῖον
2197 2469 2576 2566 τοιγαροῦν
2602 2492 2638 2531 a
2678 2479 2811 2534 978
2834 2476 2912 2532 A.

187 2579 454 2683 ἐννοεῖν,
512 2588 614 2671 ὡς
668 2586 865 2691 εἴπερ
919 2586 1056 2690 ἤδη
1122 2586 1457 2693 τετήρηκε
1516 2585 1651 2687 μὲν
1713 2583 1925 2671 αὐτὸς
1983 2587 2059 2665 ἐν
2116 2582 2413 2685 ὀνόματι
2476 2591 2578 2693 τῷ

188 2704 449 2791 δοθέντι
522 2709 725 2814 παρὰ
797 2720 925 2794 τοῦ
995 2710 1307 2816 Πατρὸς,
1370 2712 1766 2809 τουτέστιν,
1829 2711 1906 2791 ἐν
1970 2706 2149 2818 δόξῃ
2211 2707 2572 2812 θεότητος·

102 2865 167 2906 20
191 2838 229 2875 “
259 2832 651 2937 ἐχαρίσατο
725 2834 869 2938 γὰρ
943 2838 1135 2944 αὐτῷ
1210 2836 1292 2918 τὸ
1361 2835 1588 2932 ὄνομα
1650 2835 1736 2916 τὸ
1807 2834 1984 2938 ὑπὲρ
2056 2840 2207 2915 πᾶν
2280 2832 2572 2933 ὅνομα·”
2669 2838 2801 2970 ξω·
2827 2839 2881 2888 fi·

188 2959 489 3057 τηρῆσαι
549 2955 625 3039 δὲ
674 2962 792 3040 καὶ
835 2957 1053 3041 αὐτὸν
1105 2959 1450 3057 βούλεται
1504 2961 1634 3040 τὸν
1671 2959 1968 3063 Πατέρα
2021 2957 2250 3040 πάλιν
2293 2961 2367 3039 ἐν
2411 2957 2575 3039 όνόω

189 3111 347 3171 ματι
399 3089 507 3190 τῷ
561 3084 837 3163 δοθέντι
870 3083 1089 3191 αὐτῷ,
1133 3087 1231 3169 ὡς
1267 3085 1395 3164 οὐκ
1450 3082 1592 3191 εξω
1648 3086 1776 3183 τῆς
1821 3083 2169 3186 ἐνεργείας
2206 3086 2334 3182 τῆς
2367 3084 2442 3163 ἐν
2477 3088 2580 3189 τῷ

189 3200 556 3308 πράγματι
597 3206 929 3288 κείσεται·
1006 3205 1425 3327 διατηρήσει
1460 3206 1606 3311 γὰρ
1643 3208 1684 3287 ὁ
1726 3203 1988 3309 Πατὴρ
2023 3240 2188 3291 τους
2227 3207 2303 3287 ἐν
2338 3208 2583 3287 πίστει

191 3329 274 3428 τῇ
320 3334 415 3414 εἷς
464 3327 688 3411 αὐτον
721 3331 1087 3433 γνησίους,
1126 3334 1222 3416 ὡς
1262 3328 1381 3412 διὰ
1426 3365 1554 3456 της
1588 3330 1783 3415 ἰδίας
1838 3329 2093 3435 ισχύος
2148 3339 2277 3409 τοῦ
2318 3328 2573 3409 Μονο-

105 3478 168 3537 25
193 3460 450 3546 γενοῦς.
534 3454 818 3559 ἐνεργὸς
866 3453 1012 3557 γὰρ
1049 3456 1177 3536 οὐκ
1228 3489 1434 3559 εσται
1469 3455 1640 3556 περί
1679 3488 1749 3534 τι
1786 3459 1933 3534 τῶν
1970 3451 2219 3551 ὄντων,
2258 3458 2315 3533 εἰ
2353 3451 2454 3555 μὴ
2493 3452 2578 3533 δι’

192 3572 418 3660 αὐτοῦ.
484 3578 747 3659 οὐκοῦν
780 3584 841 3659 εἶ
876 3576 1209 3682 τετήρηκε
1250 3581 1366 3659 καὶ
1401 3576 1585 3679 μετὰ
1618 3576 1895 3682 σαρκὸς
1946 3582 2038 3681 τῇ
2083 3580 2213 3676 τῆς
2249 3576 2582 3678 θεότητος

192 3694 477 3811 ἐξουσίᾳ
536 3702 656 3782 καὶ
710 3702 911 3810 δόξῃ,
950 3701 1136 3783 κατὰ
1169 3703 1328 3784 τίνα
1375 3698 1644 3805 τρόπον
1678 3699 2125 3786 ἐλλελοιπῶς
2181 3700 2583 3810 ὀφθήσεται
2610 3724 2651 3789 b

192 3815 270 3897 Τὸ
302 3827 426 3925 τῆς
460 3831 766 3926 δεοῦσ-ης
803 3831 1088 3933 φειδοῦς
1124 3826 1509 3934 ἀξιοῦσθαι
1540 3826 1708 3911 τοὺς
1743 3823 2092 3927 μαθητὰς,
2129 3832 2285 3912 πῶς
2318 3825 2396 3907 δὲ
2432 3829 2586 3906 δια-

194 3942 462 4030 πίπτειν
500 3948 912 4056 ἀσφαλείας
942 3953 1070 4050 τῆς
1103 3948 1272 4053 παρ’
1313 3951 1530 4031 αὐτοῦ
1565 3948 2051 4050 συμβήσεται,
2081 3952 2308 4030 καίτοι
2343 3954 2585 4048 διαμε-

107 4101 173 4157 30
198 4066 451 4172 ιὈὔσης
490 4075 601 4153 ἀεὶ
635 4077 765 4174 τῆς
809 4080 1246 4178 θεοπρεποῦς
1281 4074 1616 4181 ἐξουσίας
1650 4081 1779 4154 τοῦ
1823 4078 2305 4176 Μονογενοῦς,
2342 4075 2460 4152 καὶ
2509 4076 2586 4152 ἐν

196 4192 560 4300 ταυτότητι
594 4197 1055 4299 πεπηγμένης
1082 4201 1210 4298 τῆς
1247 4195 1429 4278 κατὰ
1467 4196 1760 4303 φύσιν’
1724 4197 2025 4341 ενούσης
2062 4193 2311 4300 ισχύος
2339 4196 2578 4302 αὐτῷ·
2559 4257 2579 4287 ,

200 4324 656 4425 παρατροπῆς
700 4355 844 4423 γαρ
894 4319 1083 4405 ολως
1135 4324 1251 4401 καὶ
1299 4317 1814 4422 μεταστάσεως
1870 4322 1999 4419 τῆς
2047 4317 2160 4425 ε”φ
2222 4315 2461 4425 ἕτερόν
2516 4351 2584 4396 τι

338 4560 521 4620 ιο-ι3.
547 4548 794 4622 δὴ-ἔχει
819 4564 928 4605 om.
952 4547 1019 4606 E.
1504 4560 1693 4619 15-17.
1731 4547 1780 4602 A
1805 4569 1892 4618 μοι
1922 4545 1986 4600 ad
2011 4566 2099 4617 μοι
2123 4543 2351 4599 transilit
2379 4542 2444 4597 E.

283 4643 416 4693 voL.
448 4651 525 4696 11.
1306 4652 1350 4711 4
1381 4647 1424 4692 x
