3238 5158
274 528 359 578 Po.
382 526 490 577 lxii.

277 608 327 658 9.

283 3121 368 3170 Pa.

283 3185 439 3235 cxliii.
464 3196 510 3247 5.

606 352 650 414 8
1215 353 1291 418 B.
1341 352 1764 419 cYRILm
1825 309 2401 417 ALEXANDR.
2745 349 2878 417 viii
2908 370 3017 416 αι.

612 515 788 597 εἶναι
835 523 981 599 δεῖν
1015 515 1183 602 τοὺς
1231 523 1335 626 τῷ
1382 518 1728 628 πανάγνῳ
1763 523 1930 626 Θεῷ
1978 517 2217 621 λέγειν
2261 513 2643 600 ἐθέλοντας
2680 525 2725 563 “
2750 513 3017 596 Ἐκολ-

614 653 659 690 “
696 640 889 741 λήθη
924 642 967 741 ἡ
1003 638 1213 748 ψυχή
1251 676 1393 739 μου
1429 643 1669 722 ὀπίσω
1707 638 1911 722 σου.”

727 765 1022 866 Ταύτην
1065 763 1259 865 οἶμαι
1308 764 1442 866 τὴν
1489 763 1805 846 διάνοιαν
1847 767 1978 846 οὑκ
2032 764 2388 870 ἀκόμψως
2436 768 2554 844 καὶ
2608 771 2735 845 νῦν
2780 767 3008 872 ἐφηρ·

615 885 890 987 μόσθαι
925 893 1029 996 τῷ
1063 888 1499 998 προκειμένῳ
1535 891 1756 998 ῥητῷ·
1818 894 1879 970 εἶ
1915 887 1991 969 δὲ
2025 887 2167 994 χρὴ
2203 896 2804 992 περινοστοῦντας
2838 887 3016 969 αὐτὸ

618 1010 982 1117 διαφόρως·
1019 1015 1444 1116 ἐπαθρῆσαι,
1484 1017 1602 1093 καὶ
1639 1019 1855 1094 εἰπεῖν
1887 1015 2003 1094 ἐπὶ
2052 1011 2329 1097 τούτοις
2374 1011 2614 1116 ἔτερόν
2648 1046 2721 1092 τι
2757 1012 3010 1111 πάλιν,
3043 1037 3076 1096 5

561 1164 598 1209 ο
622 1139 740 1215 καὶ
791 1144 1005 1216 τοῦτο
1053 1143 1280 1216 ποιεῖν
1313 1137 1442 1216 οὑκ
1488 1137 1915 1237 ὃκνήσομεν.
1980 1135 2217 1217 ‘'On-ov
2254 1134 2391 1239 ἐγὼ
2426 1135 2684 1238 ὑπάγω
2720 1141 2910 1242 ὑμεῖς
2948 1142 3017 1216 οὑ

679 1257 893 1340 ‘ma-Oe
944 1257 1167 1341 ἐλθεῖν.
1249 1258 1436 1344 Θεὸς
1487 1259 1829 1365 ὑπάρχων
1878 1256 2241 1361 ἀληθινὸς,
2279 1259 2660 1368 ἀφέστηκα
2709 1259 2841 1358 μὲν
2892 1261 3012 1339 οὐ·

618 1382 838 1480 δενὸς,
902 1390 1162 1487 πληρῶ
1229 1383 1307 1464 δὲ
1380 1383 1475 1464 τὰ
1544 1384 1806 1483 πάντα,
1872 1386 1990 1465 καὶ
2055 1391 2205 1468 τοῖς
2265 1389 2455 1464 πᾶσι
2517 1380 2783 1481 συνὼν,
2847 1388 3017 1462 οἶκῶ

615 1505 946 1606 μάλιστα
1030 1505 1157 1587 τὸν
1230 1506 1553 1611 οὐρανὸν,
1628 1507 1893 1609 ἥδιστα
1962 1513 2110 1591 τοῖς
2182 1507 2412 1608 ἁγίοις
2486 1504 3019 1604 ἐνδιαιτώμενος

615 1630 1041 1730 πνεύμασιν.
1124 1630 1294 1711 ἀλλ’
1335 1633 1622 1734 ἐπείπερ
1676 1632 1817 1732 εἰμὶ
1873 1633 1993 1711 καὶ
2048 1627 2567 1738 φιλάνθρωπος
2619 1637 2767 1710 τῶν
2822 1630 3020 1710 ὅλων
3049 1668 3123 1708 10

614 1752 1139 1858 γενεσιουργὸς,
1163 1755 1247 1833 οὑ
1284 1753 1611 1861 φορητὴν
1648 1753 2041 1858 ἡγησάμην
2074 1761 2223 1833 τῶν
2257 1757 2564 1854 ἐμαυτοῦ
2599 1751 3022 1853 ποιημάτων

615 1876 749 1976 τὴν
787 1875 1065 1979 ζημίαν·
1127 1874 1313 1957 εἶδον
1348 1884 1443 1962 εἶς
1488 1877 1794 1981 ὄλεθρον
1837 1880 2160 1976 παντελῆ
2210 1874 2669 1981 κεχωρηκότα
2710 1877 2839 1956 τὸν
2880 1876 3015 1955 ἅν-

620 2004 937 2102 θρωπον·
996 1999 1339 2105 ἐθεώρουν
1368 2001 1459 2108 ἐξ
1491 2002 1839 2105 ἁμαρτίας
1875 2000 2199 2082 πεσόντα
2234 1999 2417 2103 πρὸς
2456 2000 2786 2080 θάνατον·
2845 2002 3016 2080 ἀλλ’

619 2123 756 2203 ἔδει
810 2130 1014 2228 χεῖρα
1068 2122 1326 2206 λοιπὸν
1376 2125 1508 2226 τὴν
1560 2126 1934 2229 ἐπίκουρον
1981 2126 2084 2231 τῷ
2138 2122 2432 2232 κειμένῳ
2485 2124 3014 2228 προτείνεσθαι·

551 2254 597 2320 d
621 2250 757 2328 ἔδει
828 2255 932 2355 τῷ
1005 2247 1429 2356 νενικημένῳ
1504 2251 1623 2328 καὶ
1695 2248 2031 2328 πίπτοντι
2115 2246 2235 2326 διὰ
2313 2247 2585 2331 παντὸς
2670 2250 3024 2344 ἐπαμῦναι
3057 2279 3126 2338 15

619 2369 909 2473 τρόπου.
1003 2368 1156 2450 εἶτα
1203 2378 1358 2455 πῶς
1411 2368 1500 2469 ἦν
1549 2368 1950 2451 ἀκόλουθον
1997 2373 2381 2451 ἀνασῶσαι
2433 2371 2517 2450 τὸ
2573 2370 2961 2456 ἀπολωλός
2993 2405 3016 2470 3

620 2493 757 2572 ἔδει
792 2501 1108 2574 συνεῖναι
1145 2502 1292 2579 τοῖς
1328 2494 1815 2574 κινδυνεύουσι
1850 2490 1978 2574 τὸν
2016 2491 2279 2598 ἰατρὸν,
2316 2492 2452 2573 ἔδει
2496 2501 2823 2597 παρεῖναι
2874 2502 3025 2579 τοῖς

622 2616 1171 2719 ἀποθνήσκουσι
1224 2615 1357 2717 τὴν
1408 2617 1611 2723 ζωὴν,
1656 2618 1794 2698 ἔδει
1848 2622 2400 2700 συνδιαιτᾶσθαι
2448 2625 2596 2702 τοῖς
2652 2622 2729 2700 ἐν
2777 2619 3025 2701 σκότει

622 2740 706 2822 τὸ
762 2748 944 2848 φῶς.
1034 2744 1204 2822 ἀλλ’
1253 2741 1343 2843 ἦν
1388 2743 1518 2823 οὑκ
1570 2739 1865 2849 ἐφικτὸν
1911 2742 2330 2847 ἀνθρώπους
2385 2742 2599 2827 ὄντας
2655 2746 2835 2845 ὑμᾶς
2890 2742 3026 2844 τὴν

621 2865 852 2974 φύσιν
886 2869 1286 2968 ἀναπτῆναι
1337 2865 1519 2971 πρὸς
1569 2864 1876 2970 οὐρανὸν
1925 2867 2040 2946 καὶ
2097 2870 2653 2946 συνδιαιτᾶσθαι
2706 2872 2809 2976 τῷ
2864 2868 3017 2948 ‹rof›-
3055 2904 3134 2944 πο
3207 2892 3208 2909 ’

622 2991 830 3095 ζοντι.
909 2994 1222 3097 ἀφῖγμαι
1258 2999 1642 3094 τοιγαροῦν
1678 2988 1892 3073 αὐτὸς
1928 2986 2069 3091 ἐγὼ
2117 2988 2298 3091 πρὸς
2345 2992 2545 3089 ὑμᾶς,
2583 2989 2842 3089 ἤκουον
2877 2998 3025 3071 τῶν

624 3116 848 3218 ἁγίων
882 3114 1244 3198 πολλάκις
1292 3114 1634 3208 βοώντων
1672 3125 1715 3161 “
1748 3111 1970 3215 Κύριε
2027 3120 2272 3193 κλῖνον
2318 3114 2660 3218 οὐρανούς
2713 3149 2857 3195 σου
2906 3118 3024 3195 καὶ

562 3270 599 3313 ο
625 3249 668 3287 “
706 3238 1121 3338 κατάβηθι.”
1184 3236 1646 3336 καταβέβηκα
1694 3244 2076 3340 τοιγαροῦν
2111 3237 2563 3336 κατακλίνας,
2602 3241 2856 3344 φησὶν,
2893 3241 3015 3318 οὑ·

621 3360 904 3463 ρανοὺς·
992 3361 1077 3440 οὑ
1133 3358 1279 3463 γὰρ
1342 3358 1431 3460 ἦν
1487 3362 1671 3458 ὑμᾶς
1734 3358 1930 3466 ἥξειν
1985 3362 2212 3440 ἐκεῖσε
2273 3366 2696 3463 προσδοκᾶν
2751 3361 3021 3446 ἄλλως.

623 3483 725 3563 ἔτι
769 3482 912 3564 σῦν
949 3485 1113 3583 ὑμῖν
1145 3486 1264 3564 καὶ
1300 3484 1830 3585 συνδιατρίβειν
1863 3483 2229 3588 ἀνέχομαι,
2266 3484 2701 3589 γοργότερον
2737 3486 3024 3588 ἐπιδρά-
3058 3510 3134 3570 25

622 3607 857 3714 ξασθε
920 3610 1048 3707 τῆς
1112 3608 1311 3712 ζωῆς,
1368 3607 1855 3709 καθαρίσθητε
1920 3606 2040 3687 διὰ
2096 3611 2223 3706 τῆς
2277 3608 2614 3707 πίστεως,
2671 3609 2800 3693 ἕως
2856 3608 3025 3688 ὅτου

619 3729 975 3836 πάρεστιν
1019 3733 1060 3811 ὁ
1111 3735 1333 3813 ἐλεεῖν
1368 3732 1474 3811 ἐπ’
1516 3730 1853 3837 ἐξουσίας
1897 3730 2097 3814 εἰδὼς
2146 3732 2262 3811 καὶ
2314 3731 2720 3832 δυνάμενος.
2801 3736 3019 3829 βαδι-

623 3862 835 3956 οῦμαι
870 3854 1015 3960 γὰρ
1051 3853 1098 3957 ἢ
1136 3860 1255 3936 καὶ
1289 3852 1624 3961 ἐπανήξω
1674 3853 1901 3935 πάλιν
1939 3854 2121 3935 ὅπου
2156 3859 2345 3960 ὑμεῖς
2386 3860 2455 3936 οὑ
2491 3852 2764 3937 δύνασθε
2799 3854 3024 3953 ἐλθεῖν,

619 3977 757 4059 κᾶν
792 3978 1143 4083 ζητήσητε
1183 3983 1313 4079 τῆς
1355 3979 1718 4083 σωτηρίας
1767 3975 1896 4058 τὸν
1932 3976 2250 4084 χορηγὸν
2284 3979 2374 4086 ἐξ
2420 3981 2715 4082 ἀκαίρου
2764 3978 3025 4061 λοιπὸν

698 4184 746 4222 1.
781 4168 1024 4257 πανόγνῳ
1049 4166 1117 4223 Β.
1145 4167 1327 4223 Holet.
1349 4164 1581 4240 παναγίῳ
1605 4167 1753 4223 Aub.
1944 4207 1956 4221 .
1995 4167 2024 4222 ε’
2069 4167 2331 4237 ηρμόσθαι
2356 4167 2658 4250 εῳθῃᾶανίὲ
2684 4166 2829 4223 Aub.
2855 4167 3024 4254 c'dmp:

620 4238 791 4308 μόσθε
817 4237 884 4293 Β.
910 4240 1047 4320 εφαρ
1117 4238 1241 4294 σθαι
1267 4236 1367 4293 Ht.
1625 4255 1707 4293 12.
1743 4234 1882 4293 εἶδον
1903 4185 1973 4293 ᾗ.
1999 4169 2123 4293 ἶΐὼν
2146 4237 2451 4293 emendavlt
2477 4238 2575 4293 Ht.
2828 4251 2913 4305 15.
2947 4260 3021 4310 τῳ

622 4330 924 4434 Χζΐῗμ·’·
947 4308 1057 4433 ⁶3¹¹,
1071 4308 2083 4449 ¹{3p3·3⁰25„⁰:‘02”u12‘,3‘t.5⁹43⁶33¹¹¹'⁶‘·
2108 4309 2719 4446 ’ἵζ”ᾞηλίἱῖῳὲἷὶἱῖ
2737 4347 2858 4447 24:23
2872 4346 3026 4433 ...ὦ

621 4450 948 4520 approbante
976 4449 1173 4521 Heyoe.
1198 4448 1375 4506 ἄλλως
1407 4450 1484 4503 ἔτι
1518 4471 1618 4505 συν
1641 4449 1761 4521 ἡμῖν
1787 4449 1853 4506 Β.
1880 4450 1978 4506 Ht.
2001 4449 2121 4506 ἀλλ’
2148 4450 2216 4506 ὥς
2248 4450 2326 4504 ἔτι
2357 4451 2459 4507 σὺν
2490 4450 2610 4520 ὑμῖν
2633 4447 2778 4504 Aub.
2805 4448 2899 4521 qui
2927 4447 3025 4503 ad·

621 4528 774 4574 notat
796 4520 865 4577 ὣς·
889 4517 979 4575 οὖν
1001 4520 1078 4574 ἔτι
1103 4518 1306 4591 σύνειμι
1328 4520 1413 4575 καὶ
1435 4518 1685 4576 exhibere
1709 4518 1830 4576 Cat.
1858 4519 2011 4576 Harl.
2039 4520 2190 4576 etita
2213 4537 2260 4574 a.
2548 4532 2635 4590 27.
2673 4519 2949 4589 δυνάμενοι·
2971 4535 3021 4573 ιι.

622 4590 880 4661 δυνάμεως
904 4589 1008 4646 Ed.
