3238 5158
651 285 786 399 394ss
1260 334 1340 397 B.
1388 334 1806 399 OYRILLI
1867 337 2443 402 ALEXANDR.
2804 337 2959 401 xiii.
2991 353 3105 423 37·

655 500 912 605 φόβον,
952 500 1461 602 ἀσθενέστεροί
1488 534 1645 584 πως
1699 500 1802 580 ἔτι
1848 502 2031 605 πρὸς
2084 504 2448 588 κινδύνους
2482 501 2677 603 ἦσαν
2713 504 2787 581 οὶ
2823 505 3101 600 μαθη-

651 625 790 705 ταί.
854 621 969 704 διὰ
1006 631 1221 703 τοῦτο
1257 624 1643 729 χαριέντως
1684 627 1724 705 ό
1770 627 2061 729 Κύριος,
2098 625 2209 707 ὅτι
2243 661 2436 708 σταυ
2607 624 2628 651 ’
2690 659 2854 705 εται
2886 625 3109 705 κατὰ

650 745 937 852 καιροὺς
985 748 1025 827 ὃ
1080 746 1376 850 Πέτρος,
1422 747 1687 854 ἕψεταί
1732 782 1811 830 τε
1868 748 2057 830 κατὰ
2110 760 2326 847 τοῦτο
2377 751 2572 859 αὐτῷ
2618 747 3109 829 συνεπινεύει

650 873 776 952 καί
816 879 1070 980 φησιν·
1132 870 1240 952 ὅτι
1290 871 1365 951 δὲ
1417 875 1568 952 νυνὶ
1616 873 1799 976 πρὸς
1848 876 2099 977 ἀγῶνα
2149 875 2324 959 τέως
2372 872 2502 955 τὸν
2536 880 2902 954 τοσοῦτον
2944 874 3105 953 οὐκ

315 1016 442 1072 ’157
462 1015 546 1070 Α.
591 1031 627 1071 a
649 997 1065 1101 ἄθραυστον
1100 996 1245 1102 ἕχει
1295 995 1422 1076 τὸν
1459 1006 1650 1096 νοῦν,
1687 999 2048 1099 ὑποδηλοῖ
2090 997 2329 1102 λέγων
2349 996 2585 1079 ‘'On-ov
2623 994 2763 1101 ἐγῶ
2801 997 3105 1101 ὑπάγω
3130 1031 3167 1090 5

651 1128 718 1203 οὐ
775 1117 1066 1203 δύναιο-αι’
1115 1156 1233 1227 μοι
1292 1123 1386 1201 νῧν
1441 1119 1917 1220 ἀκολουθῆσαι,
1974 1120 2446 1218 ἀκολουθήσεις
2506 1116 2579 1203 δὲ
2636 1120 2925 1229 ὕστερον.
3028 1129 3105 1202 εἰ

645 1246 791 1351 γὰρ
838 1245 941 1348 μὴ
990 1244 1118 1327 τὸν
1153 1254 1283 1326 τοῦ
1324 1245 1611 1347 Πέτρου
1650 1243 1963 1326 θάνατον
2001 1249 2078 1327 ἐν
2115 1243 2395 1331 τούτοις
2442 1246 2612 1346 ἡμῖν
2648 1245 2691 1325 ὃ
2726 1245 3101 1348 Χριστὸς

645 1367 1141 1470 ὑπαινίττεται,
1188 1379 1316 1451 τοῦ
1373 1367 1460 1469 δὴ
1514 1370 1748 1475 χάριν,
1797 1372 2025 1451 καίτοι
2082 1377 2229 1452 τῶν
2283 1371 2539 1451 ἄλλων
2594 1368 2823 1473 ἁγίων
2877 1372 3096 1452 ἀπο-

577 1529 584 1534 ·
644 1498 940 1580 στόλων
990 1496 1302 1603 ἐχόντων
1356 1496 1432 1575 ἐν
1481 1492 1880 1600 ὑποσχέσει
1927 1492 2013 1576 τὸ
2068 1494 2525 1577 συνέσεσθαί
2571 1528 2649 1575 τε
2704 1497 2827 1574 καὶ
2882 1497 3089 1575 οἱκο-

642 1629 930 1705 λουθεῖν
985 1623 1177 1728 αὐτῷ
1231 1617 1416 1700 κατὰ
1470 1617 1598 1700 τὸν
1652 1623 1783 1719 τῆς
1837 1619 2316 1706 ἀναστάσεως
2371 1618 2709 1721 δηλονότι
2772 1619 3083 1723 καιρὸν,
3120 1663 3191 1703 10

641 1744 1314 1845 ἀποκαθισταμένης
1387 1743 1625 1827 αὐτοῖς
1688 1748 1818 1844 τῆς
1882 1744 2245 1848 ἀκηράτου
2311 1744 2513 1849 ζωῆς,
2578 1745 2700 1825 καὶ
2761 1750 2917 1825 τῶν
2992 1748 3087 1827 ἐν

639 1874 932 1953 ἐλπίσιν
987 1872 1304 1970 ἀγαθῶν,
1364 1874 1457 1952 εἷς
1511 1866 1737 1968 μόνον
1792 1867 1876 1949 τὸ
1931 1878 2061 1949 τοῦ
2122 1870 2406 1973 Πέτρου
2460 1867 2869 1973 πρόσωπον
2922 1868 3085 1970 τὴν

638 2004 767 2075 τοῦ
804 1993 1033 2097 λόγου
1069 1993 1487 2096 περιίστησι
1526 1992 1827 2091 δύναμιν
1858 2026 1907 2091 3„
1942 1995 2112 2074 ἀλλ’
2155 1995 2316 2074 ἔστι
2366 1992 2758 2097 πρόδηλον,
2797 1992 2915 2074 ὅτι
2956 2002 3079 2104 τῷ

571 2126 614 2189 b
643 2120 903 2226 Πέτρῳ
963 2114 1502 2221 προαγγέλλων
1557 2114 1643 2197 τὸ
1708 2120 1785 2197 ἐν
1843 2119 2163 2221 ὑστέροις
2225 2119 2418 2226 αὐτῷ
2476 2116 3077 2219 συμβησόμενον

637 2241 924 2349 χρόνοις
997 2245 1534 2345 αἰνιγματωδῶς
1608 2242 2060 2350 ὑπεμφαίνει.
2178 2246 2296 2323 καὶ
2369 2252 2549 2345 γοῦν
2622 2244 2707 2324 δι’
2787 2244 3075 2347 ἑτέρων
3104 2279 3127 2319 ι
3140 2277 3171 2335 5

302 2375 548 2507 ξὲᾗζξῑῑ·
639 2368 1101 2475 σαφέστερον
1175 2363 1348 2446 αὐτὸ
1424 2365 1828 2467 δεδήλωκεν
1903 2367 2122 2447 εἰπών
2188 2377 2233 2414 “
2257 2364 2444 2447 “Ore
2518 2365 2604 2474 ᾗς
2675 2368 3059 2473 νεώτερος,

362 2479 378 2502 '
466 2478 482 2494 ⁵
639 2505 683 2541 “
719 2491 1044 2599 ἐζώννυες
1100 2491 1409 2572 σεαυτὸν
1465 2493 1580 2570 καὶ
1637 2490 2079 2595 περιεπάτεις
2133 2490 2318 2572 ὅπου
2370 2494 2652 2594 ἤθελες·
2738 2492 2917 2574 ὅταν
2977 2494 3064 2576 δὲ

634 2632 675 2667 “
714 2617 1068 2724 γηράσῃς,
1107 2620 1402 2701 ἐκτενεῖς
1456 2614 1585 2699 τὰς
1640 2614 1881 2720 χεῖράς
1932 2650 2095 2714 σου,
2140 2619 2259 2697 καὶ
2306 2617 2528 2698 ἄλλοι
2579 2615 2915 2719 ζῶσουσί
2952 2653 3059 2701 σε

630 2757 673 2793 “
709 2747 826 2826 καὶ
883 2741 1286 2824 ἀποίσουσί
1333 2775 1425 2821 σε
1482 2739 1666 2821 ὅπου
1721 2739 1805 2819 οὐ
1862 2738 2115 2825 θέλεις.
2193 2750 2407 2821 τοῦτο
2464 2740 2541 2821 δὲ
2599 2739 2771 2841 εἷπε,
2811 2745 3049 2849 φησὶ,

631 2880 674 2916 “
713 2867 1090 2969 σημαίνων
1131 2863 1313 2972 ποίῳ
1371 2863 1659 2973 θανάτῳ
1718 2862 2016 2971 δοξάσει
2073 2865 2202 2945 τὸν
2250 2862 2514 2947 Θεόν.”
2597 2872 2657 2946 εἰ
2714 2864 2860 2971 γὰρ
2921 2870 3061 2948 καί
3080 2903 3153 2945 20

630 2996 831 3073 ἐστιν
888 2990 1021 3091 ἡδὺ
1086 2997 1235 3075 τοῖς
1293 2990 1526 3092 ἁγίοις
1590 2986 1676 3068 τὸ
1741 2987 2057 3095 πάσχειν
2121 2986 2298 3094 ὑπὲρ
2353 2994 2707 3094 Χριστοῦ,
2766 2990 2940 3071 ἀλλ’
3003 2994 3049 3072 ὃ

570 3149 607 3195 ο
632 3117 952 3201 κίνδυνος
1015 3116 1099 3195 οὗ
1167 3110 1470 3215 θελητὸς
1532 3110 1688 3213 μὲν,
1748 3112 2066 3219 φορητὸς
2133 3118 2178 3195 δ
2187 3115 2205 3141 ’
2270 3115 2397 3195 οὖν
2458 3114 2651 3215 ὅμως
2715 3114 2891 3196 ὅταν
2952 3117 3055 3224 ἐξ

628 3242 945 3344 ἀνάγκης
984 3247 1198 3320 τινῶν
1229 3238 1671 3346 ἐπιφέρηται.
1757 3236 1873 3316 διὰ
1909 3246 2123 3318 τοῦτο
2158 3242 2278 3318 καὶ
2313 3238 2749 3343 προστάττει
2784 3272 3033 3345 προσ·

626 3365 988 3469 εὔχεσθαι,
1023 3362 1142 3443 ἵνα
1178 3361 1279 3463 μὴ
1317 3363 1745 3463 ἐμπέσωμεν
1781 3366 1880 3446 εἶς
1923 3358 2354 3465 πειρασμόν.

520 3645 594 3708 37
624 3635 801 3709 Λέγει
856 3633 1036 3718 αὐτῷ
1090 3633 1127 3699 ὀ
1177 3632 1428 3719 Πὲτροο
1485 3630 1693 3721 Κύριε,
1748 3630 1920 3697 διατί
1972 3631 2049 3696 οὐ
2105 3630 2381 3710 δύναμαί
2433 3654 2536 3698 σοι
2593 3635 2699 3697 νῦν
2750 3632 3034 3698 ᾶκολου-
3061 3660 3135 3724 ²5

1077 3763 1309 3840 θῦσαι,
1377 3754 1496 3822 τὴν
1548 3758 1758 3845 ψυχι-ἰν
1809 3780 1934 3834 μου
1989 3756 2153 3847 ὑπὲρ
2201 3761 2317 3824 σοῦ
2368 3759 2574 3824 θήσω.

733 3933 838 4015 Τί
874 3932 959 4014 τὸ
1009 3931 1313 4032 κωλύον,
1331 4036 1338 4045 ⁸
1355 3934 1609 4039 φησὶν,
1648 3930 1693 4034 ἢ
1730 3931 1809 4012 τί
1837 3931 1921 4012 τὸ
1958 3932 2281 4040 ἐξεῖργον
2319 3935 2763 4030 ἀκολουθεῖν,
2799 3927 2930 4010 τὸν
2966 3927 3027 4039 ᾧ

617 4056 1094 4162 προτεθνάναι
1165 4066 1293 4139 τοῦ
1358 4056 1806 4139 διδασκάλου
1870 4056 2170 4157 σκοπὸς,
2232 4058 2351 4137 καὶ
2424 4059 2501 4137 ἐν
2565 4054 3027 4160 καυχήματος

550 4200 596 4265 d
621 4181 821 4291 τάξει
870 4181 1342 4286 λελόγισται;
1413 4178 1625 4265 τέλος
1671 4178 1803 4280 μὲν
1844 4180 1988 4284 γὰρ
2043 4182 2373 4263 κινδύνου
2426 4177 2717 4278 παντὸς,
2764 4182 2882 4258 καὶ
2939 4178 3025 4260 τὸ

617 4305 1014 4411 ἀκρότατον
1051 4305 1299 4408 ὥσπερ
1350 4310 1475 4405 τῆς
1527 4312 1673 4385 τῶν
1708 4304 2111 4386 διωκόντων
2148 4303 2505 4386 ἀτιθάσου
2557 4303 3015 4411 πλεονεξίας,
3048 4332 3123 4389 30

685 4530 736 4584 6.
774 4526 993 4596 δῦναμαί
1015 4550 1102 4583 σοι
1127 4527 1252 4595 (uic)
1281 4526 1344 4582 E.
1537 4540 1587 4598 7.
1625 4526 1844 4582 θάνατον
1872 4527 1935 4582 Ε.
1964 4526 2065 4582 Ed.
2093 4545 2205 4598 mg.
2231 4526 2452 4583 θανάτου
2478 4525 2582 4581 Ed.
2776 4524 2828 4579 8.
2868 4525 3017 4580 ὑπαι·

612 4603 831 4657 νὶττετιιι
857 4600 922 4655 Ε.
949 4599 1247 4668 ὑπῃνίττετο
1277 4597 1378 4652 Ed.
