3238 5158
680 336 812 398 674
1286 337 1367 400 B.
1415 335 1826 400 CYRILLI
1886 336 2463 401 ALEXANDR.
2741 329 2884 396 xvii.
2905 347 2962 409 4,
2981 339 3032 406 5·

677 504 923 601 μηδεὶς
971 503 1191 582 ἐκεῖνο
1229 502 1467 603 λέγειν
1502 502 1711 601 ἡμᾶς,
1749 500 1862 582 ὅτι
1887 500 2267 652 προσήκοι
2316 500 2444 582 τὸν
2479 501 2849 602 ἄνθρωπον
2875 491 3038 575 κατὰ

676 625 984 725 μίμησιν
1057 634 1185 707 τοῦ
1260 632 1613 779 Χριστοῦ,
1678 623 2129 728 προκόσμιόν
2192 660 2353 706 τινα
2426 627 2546 706 καὶ
2612 621 2902 726 ἀρχαίαν
2958 620 3037 701 ὧς

678 749 1153 855 ὀφειλομένην
1189 753 1307 830 καὶ
1357 751 1551 857 αὐτῷ
1600 750 1826 857 δόξαν
1865 750 2234 854 ἐπιζητεῖν·
2298 751 2616 830 ἐννοείτω
2664 746 2740 827 δὲ
2786 750 3040 844 μᾶλλον

678 871 790 953 ὅτι
842 872 926 953 τὸ
981 873 1264 982 ἑκάστῳ
1318 874 1614 979 πρέπον,
1672 875 1864 981 αὐτῷ
1920 878 2037 954 καὶ
2092 873 2331 976 λέγειν
2386 870 2926 976 ἁρμοδιώτατον.
2991 872 3040 944 εἰ

607 1006 655 1070 d
674 993 807 1095 μὲν
841 995 987 1101 γὰρ
1022 996 1246 1099 μόνον
1282 999 1360 1078 ἐν
1394 1003 1701 1106 Χριστῷ
1738 1005 1996 1080 νοεῖται
2033 996 2119 1078 τὸ
2166 998 2619 1101 ἀνθρώπινον
2655 995 2813 1075 καθ’
2852 991 3088 1092 ἡμᾶς,5

674 1121 990 1201 λαλείτω
1046 1121 1134 1222 δὴ
1189 1120 1378 1223 μόνα
1431 1125 1549 1202 καὶ
1604 1122 1698 1202 τὰ
1761 1129 1908 1206 τοῖς
1969 1123 2312 1225 γηγενέσι
2363 1122 2766 1225 πρέποντα,
2820 1119 2927 1197 καὶ
2971 1113 3038 1194 τὸ

675 1244 1125 1349 ἀνθρώπινον
1167 1246 1269 1346 μὴ
1324 1245 1688 1353 παρεξίτω
1746 1246 2031 1350 μέτρον·
2111 1252 2169 1326 εἶ
2227 1246 2304 1327 δὲ
2356 1244 2544 1331 Θεὸς
2599 1243 2703 1325 ὧν
2750 1245 2790 1323 ὁ
2836 1240 3040 1342 Λόγος

675 1366 928 1470 γέγονε
1007 1370 1228 1478 σὰρξ,
1303 1371 1478 1451 ὅταν
1548 1404 1617 1450 τι
1702 1368 1886 1477 λέγῃ
1971 1373 2089 1451 καὶ
2172 1376 2605 1474 θεοπρεπῶς,
2681 1370 2865 1476 αὐτῷ
2934 1363 3040 1465 μὲν

677 1492 983 1597 ἁρμόσει
1033 1493 1252 1604 μόνῳ,
1301 1501 1451 1580 τοῖς
1499 1494 1576 1576 δὲ
1635 1494 1737 1595 μὴ
1796 1496 1948 1575 κατ’
2001 1493 2244 1594 αὐτὸν,
2297 1494 2552 1575 οὐκέτι.

787 1618 1077 1698 Οὐκοῦν
1126 1628 1448 1704 νοοῦντες
1497 1618 2130 1723 ἀνθρωπινώτερον
2177 1616 2363 1699 κατὰ
2414 1617 2549 1719 τὴν
2604 1616 2862 1721 ἀρτίως
2905 1613 3042 1712 ἡμῖν
3065 1643 3120 1683 10

677 1742 1162 1823 ἀποδοθεῖσαν
1235 1742 1572 1839 διάνοιαν,
1637 1741 1770 1843 τὴν
1840 1749 1986 1823 τῶν
2057 1743 2541 1845 προκειμένων
2612 1736 3045 1846 ε’κληψόμεθα

678 1862 999 1965 δύναμιν·
1079 1864 1659 1970 ἀναλογιζόμενοι
1697 1864 1775 1948 δὲ
1812 1867 2038 1947 πάλιν
2075 1864 2160 1947 τὸ
2197 1864 2588 1969 θεοπρεπὲς
2636 1865 2911 1971 ἀξίωμα
2940 1866 3045 1938 τοῦ

676 1993 1029 2092 Χριστοῦ,
1080 1989 1317 2095 μεῖζόν
1370 2025 1440 2070 τι
1498 1988 1759 2073 λοιπὸν
1813 1989 1859 2092 ἢ
1915 1989 2101 2071 κατὰ
2155 1990 2539 2095 ἀνθρώπου
2595 1988 2824 2096 φύσιν
2875 1988 3039 2065 ἐννο-

676 2121 893 2214 οῦμεν
948 2113 1257 2199 εἰκότως.
1339 2114 1654 2223 δοξάσαι
1715 2116 1953 2196 τοίνυν
2011 2112 2249 2222 φαμὲν
2303 2112 2431 2195 τὸν
2478 2117 2736 2195 ἑαυτοῦ
2793 2106 3047 2209 Πατέρα

677 2236 893 2332 Θεὸν,
932 2239 1462 2342 πεπληρωκότα
1497 2239 1568 2320 τὶ
1610 2239 1790 2349 ἔργον
1826 2239 2003 2342 ὅπερ
2056 2235 2283 2335 ἐ’λαβε
2330 2239 2497 2342 παρ’
2539 2238 2782 2333 αὐτοῦ,
2817 2236 2939 2336 οὐχ
2969 2233 3045 2312 ὡς
3069 2258 3119 2316 15

343 2381 473 2439 957
493 2381 573 2438 A·
615 2395 652 2436 a
678 2362 1034 2464 ὑπηρέτην
1071 2361 1118 2464 ἢ
1176 2368 1271 2450 ὡς
1328 2367 1402 2444 ἐν
1439 2362 1642 2471 τάξει
1690 2362 2044 2466 γεγονότα
2092 2369 2184 2468 τῇ
2240 2364 2659 2466 ὑπουργικῇ,
2699 2364 2816 2441 καὶ
2869 2363 3047 2437 τοῦτο

347 3481 432 3530 Pa.
445 3480 587 3532 lxvii.

347 3558 428 3611 29.

678 2489 774 2570 ὦς
828 2487 917 2596 ἐξ
967 2485 1300 2592 ἀνάγκης,
1350 2489 1469 2568 ἵνα
1522 2487 1624 2590 μὴ
1681 2488 2026 2595 φαίνηται
2079 2490 2197 2566 καὶ
2253 2489 2293 2566 ὁ
2347 2485 2643 2567 πάντων
2693 2484 2944 2589 Κύριος
2987 2479 3048 2557 ἐν

675 2609 911 2720 μέτρῳ
964 2619 1067 2721 τῷ
1121 2613 1285 2692 καθ’
1344 2613 1533 2712 ἡμᾶς
1597 2615 1716 2695 καὶ
1773 2616 1904 2712 τῆς
1963 2611 2450 2711 δουλευούσης
2523 2611 2849 2693 κτίσεως·
2938 2607 3045 2682 ἀν-

678 2736 990 2838 θρώπων
1053 2735 1196 2839 γὰρ
1266 2734 1313 2838 ἢ
1386 2735 1730 2839 ἀγγέλων
1794 2734 1879 2816 τὸ
1949 2741 2307 2819 οἶκετικῶς
2374 2733 2904 2816 ὑποτάττεσθαι
2956 2727 3051 2807 καὶ

666 2866 827 2943 -τοῖς
881 2859 1107 2943 θείους
1164 2857 1470 2961 νεύμασι
1527 2865 2043 2964 δουλοπρεπῶς
2097 2862 2500 2961 ὑπουργεῖν·
2570 2858 2748 2938 ἀλλ’
2789 2856 2895 2937 ὅτι
2942 2848 3046 2930 δύ·
3071 2885 3123 2927 20

680 3018 886 3084 ναμις
936 2984 1280 3088 ὑπάρχων
1316 2988 1433 3065 καὶ
1481 2986 1719 3089 σοφία
1768 2992 1896 3063 τοῦ
1947 2982 2432 3087 γεννήσαντος
2481 2981 2726 3080 αὑτὸν,
2763 2981 2840 3061 εὖ
2882 2976 3053 3076 μάλα

677 3105 1150 3210 πεπλήρωκεν
1184 3110 1762 3213 ἐγχειρισθεῖσαν
1799 3105 2052 3211 ὥσπερ
2102 3109 2296 3215 αὐτῷ
2344 3104 2476 3207 τὴν
2511 3112 2657 3186 τῶν
2696 3107 2861 3186 καθ’
2899 3103 3053 3202 ἡμᾶς

679 3229 1198 3336 ἐπανόρθωσιν,
1251 3231 1575 3335 καθάπερ
1628 3229 1881 3331 ἀμέλει
1927 3235 2044 3311 καὶ
2096 3234 2137 3311 ὃ
2189 3236 2374 3315 θεῖος
2426 3231 2596 3331 ἡμῖν
2637 3226 2957 3337 μελῳδὸς
2993 3224 3053 3303 ἐν

612 3366 656 3431 b
684 3357 1053 3456 Πνεύματι
1104 3355 1237 3457 τὴν
1272 3363 1400 3436 τοῦ
1452 3356 1853 3461 μυστηρίου
1906 3355 2207 3453 δύναμιν
2243 3353 2718 3462 ἐξηγούμενος
2769 3354 3054 3458 ἔφασκεν

682 3490 727 3529 “
750 3478 1127 3560 ’Έντειλαι
1190 3481 1230 3559 ὃ
1298 3477 1485 3565 Θεὸς
1552 3485 1643 3584 τῇ
1709 3477 2001 3577 δυνάμει
2075 3512 2237 3576 σου,
2303 3480 2734 3578 δυνάμωσον
2798 3479 2839 3558 ὁ
2900 3470 3054 3554 Θεὸς
3073 3498 3121 3556 ²5

681 3613 728 3650 “
763 3612 976 3684 τοῦτο
1041 3602 1082 3684 ὃ
1152 3603 1565 3706 κατηρτίσω
1639 3603 1876 3702 ἡμῖν·”
1973 3603 2093 3682 ἵνα
2166 3601 2308 3705 γὰρ
2382 3601 2754 3708 ἀπελέγξῃ
2826 3601 3055 3703 σαφῶς

683 3726 984 3826 δύναμιν
1029 3724 1161 3826 μὲν
1221 3728 1451 3808 οὖσαν
1512 3735 1643 3807 τοῦ
1700 3722 1993 3829 Πατρός
2052 3724 2179 3807 τὸν
2232 3723 2434 3822 Υὶὸν,
2491 3728 2625 3831 οὐχ
2674 3727 2914 3828 ἕτερον
2957 3752 3053 3823 γε·

682 3850 826 3951 μὴν
863 3849 1037 3931 ὄντα
1072 3852 1240 3955 παρ’
1283 3851 1523 3949 αὑτὸν,
1560 3849 1740 3931 ὅσον
1777 3855 1874 3934 εἷς
1917 3849 2325 3950 ταυτότητά
2364 3857 2552 3957 φημι
2595 3836 2728 3950 τῆν
2763 3852 2840 3929 ἐν
2875 3842 3056 3946 οὐσίᾳ

684 3980 801 4056 καὶ
852 3974 1095 4082 φύσει,
1131 3973 1486 4079 πρότερον
1531 3974 1827 4078 εἰρηκὼς
1876 3973 1961 4054 τό
2002 3971 2382 4054 Ἔντειλαι
2431 3979 2521 4079 τῇ
2570 3969 2864 4072 δυνάμει
2909 4001 3050 4061 σου,

685 4103 803 4181 καὶ
838 4098 1256 4204 προσώπων
1291 4099 1517 4179 δυάδα
1559 4097 2037 4202 παρενεγκίον,
2074 4105 2204 4177 τοῦ
2240 4131 2316 4178 τε
2351 4094 2865 4196 ἐντελλομένου
2899 4092 3054 4202 φημὶ
3071 4117 3120 4178 30

765 4321 848 4372 14.
887 4299 1121 4373 Πατέρα]
1157 4307 1216 4365 -1-
1245 4301 1329 4355 καὶ
1354 4300 1458 4357 Ed.
1482 4299 1668 4357 invitis
1696 4301 1759 4356 E.
1790 4300 1955 4355 Cord.
1986 4298 2149 4372 [Θεὸν
2173 4299 2376 4355 omittit
2400 4296 2476 4371 8.]
2626 4300 2709 4355 18.
2746 4292 2977 4353 κτίσεως
3009 4298 3049 4354 «Ι-
3161 4324 3162 4327 “

689 4370 764 4431 εἶς
787 4391 836 4427 8.
934 4372 1128 4427 Statim
1151 4371 1433 4442 ἀνθρώπων
1457 4372 1522 4427 Ε.
1528 4373 1585 4427 F.
1588 4391 1637 4427 8.
1665 4372 1769 4427 Ed.
1792 4389 1905 4442 mg.
1927 4371 2199 4442 ἀνθρώπων
2221 4369 2368 4425 Aub.
2569 4386 2650 4441 19.
2686 4370 2939 4424 olen-«165
3001 4379 3054 4417 ,ι

688 4446 912 4500 ἱκετικῶς
938 4442 1041 4497 Ed.
1210 4457 1296 4497 22.
1331 4441 1664 4513 πεπλήρωκε]
1698 4450 1755 4506 -Ι-
1785 4443 1925 4498 τινὰς
1951 4441 2015 4496 Ε.
2180 4457 2298 4567 23Ε
2307 4440 2590 4497 θεσπέσιος
2612 4457 2711 4512 pro
2734 4436 2918 4495 θειος
2894 4458 3009 4514 ημυ
3017 4448 3054 4483 ⁸-

693 4513 778 4571 26.
817 4513 1109 4584 κατηρτίσω
1133 4531 1180 4567 8.
1204 4513 1273 4567 cf.
1299 4531 1462 4584 supra
1491 4515 1664 4604 1988,
1691 4513 1798 4569 880
1820 4530 1868 4567 8.
1894 4534 2020 4581 κατη
1958 4513 2206 4584 τηργάσω
2323 4513 2649 4583 κατειργάσω
2673 4509 2779 4567 Ed.
2891 4504 3054 4563 Statim

690 4584 747 4638 ἐν
769 4584 918 4640 addit
941 4602 990 4640 8.
1097 4582 1359 4656 ἀπελέγξῃ
1385 4584 1449 4640 Ε.
1477 4583 1733 4656 ἐπιλέγει]
1760 4582 1864 4639 Ed.
