3238 5158
601 297 733 360 220
1209 296 1290 362 Β.
1336 296 1754 363 CYRILLI
1814 294 2387 363 ALEXANDR.
2803 307 2866 349 x.
2895 301 2987 347 10.

604 465 699 543 εἷς
747 460 963 540 αὐτὸν
1000 461 1491 560 πιστεύοντας,
1531 466 1647 542 καὶ
1687 462 1770 542 τὸ
1808 465 1883 542 ἐν
1918 470 2148 542 πᾶσιν
2183 462 2484 541 ἔσεσθαι
2517 461 2665 538 τοῖς
2701 454 2990 552 ἀγαθοῖς

604 586 809 667 ἐλπὶς
855 587 983 663 οὐκ
1028 579 1464 690 ἀμφίλογος.
1527 583 1709 671 εἰκὸς
1748 585 1822 667 δὲ
1861 585 1969 667 ὅτι
2007 586 2090 666 τὸ
2130 583 2433 692 περισσὸν
2468 581 2587 661 καὶ
2622 578 2835 676 αὐτῆς
2868 577 2989 673 τῆς

608 706 807 810 ζωῆς,
842 708 1190 805 τουτέστι,
1221 708 1305 789 τὸ
1341 708 1565 790 πλέον
1601 711 1756 810 ἤτοι
1792 709 1877 790 τὸ
1914 709 2348 813 τιμιώτερον,
2387 707 2518 808 τὴν
2554 698 2990 798 τελεωτάτην

539 850 582 915 b
605 839 735 910 τοῦ
795 831 1210 931 Πνεύματος
1265 833 1551 940 μέθεξιν
1597 830 1781 914 εἶναι’
1824 841 2077 939 φησιν,
2123 840 2182 914 εἶ
2239 836 2357 912 καὶ
2410 829 2707 935 σφόδρα
2760 858 2986 928 περιε-

604 953 1049 1052 σταλμένως.
1153 955 1237 1036 τὸ
1295 955 1426 1054 μὲν
1484 955 1629 1059 γάρ
1692 962 2086 1051 ἀναβιῶναι
2155 953 2389 1037 κοινόν
2449 955 2676 1057 ἁγίοις
2740 984 2814 1029 τε
2878 948 2992 1027 καὶ
3016 964 3050 1024 5

485 1186 497 1198 ·
607 1079 1085 1179 ἁμαρτωλοῖς,
1133 1076 1475 1180 Ἕλλησί
1545 1115 1619 1161 τε
1685 1085 1802 1162 καὶ
1866 1081 2236 1164 Ἰουδαίοις
2305 1083 2422 1160 καὶ
2496 1079 2665 1178 ἡμῖν
2728 1076 2984 1154 αὐτοῖς·
3071 1159 3088 1166 -

274 1184 360 1316 fg]
378 1201 516 1234 nm.
606 1210 650 1248 “
686 1198 1274 1303 Ἀναστήσονται
1311 1202 1454 1307 γὰρ
1491 1210 1554 1285 οἱ
1602 1208 1856 1308 νεκροὶ,
1897 1211 2013 1286 καὶ
2065 1203 2576 1308 ἐγερθήσονται
2626 1205 2693 1280 οὶ
2741 1202 2817 1278 ἐν
2851 1202 2994 1278 τοῖς

605 1335 649 1372 “
685 1329 1069 1427 μνημείοις,
1126 1331 1241 1409 καὶ
1307 1329 1931 1434 εὐφρανθήσονται
1995 1336 2063 1410 οἱ
2127 1331 2202 1408 ἐν
2257 1333 2346 1435 τῇ
2412 1327 2568 1432 γῇ,”
2628 1320 2810 1403 κατὰ
2867 1317 2994 1418 τὴν

603 1453 887 1557 ἀψευδῆ
926 1461 1054 1531 τοῦ
1096 1457 1432 1556 Σωτῆρος
1471 1453 1898 1559 ὑπόσχεσιν.
1978 1454 2063 1533 τὸ
2113 1453 2189 1533 δὲ
2234 1457 2308 1532 ἐν
2340 1450 2620 1557 μεθέξει
2664 1446 2996 1550 γενέσθαι

601 1583 729 1655 τοῦ
765 1575 1023 1678 Ἀγίου
1083 1576 1527 1674 Πνεύματος,
1578 1578 1808 1657 οὐκέτι
1860 1584 2051 1657 πᾶσι
2105 1575 2373 1674 κοινὸν,
2416 1573 2616 1655 ἀλλά
2672 1569 2854 1672 πρὸς
2909 1576 2998 1670 τῇ
3023 1595 3103 1637 10

604 1698 746 1802 ζωῇ
809 1700 1100 1806 περιττὶν
1163 1704 1280 1779 καὶ
1346 1703 1441 1785 ὡς
1507 1704 1582 1780 ἐν
1648 1700 1845 1807 τάξει
1908 1700 2239 1784 πλείονος
2314 1707 2440 1780 τοῦ
2502 1701 2701 1799 κοινῇ
2771 1700 3000 1774 πᾶσιν

609 1821 1082 1929 ὑπάρξαντος,
1138 1821 1383 1923 μόνοις
1439 1823 2064 1927 ἀπονεμηθήσεται
2126 1831 2270 1907 τοῖς
2333 1821 2450 1903 διὰ
2502 1823 2815 1903 πίστεως
2873 1821 3002 1918 τῆς

547 1974 584 2018 c
607 1950 704 2028 εἰς
762 1945 1092 2048 Χριστὸν
1149 1948 1729 2048 δεδικαιωμένοις·
1790 1956 2104 2049 σημανεῖ
2152 1947 2228 2028 δὲ
2285 1950 2400 2027 καὶ
2455 1954 2667 2024 τοῦτο
2724 1945 2765 2022 ὁ
2820 1947 3002 2025 θεῖος

268 2066 454 2194 {ffb
606 2069 773 2169 ἡμῖν
822 2076 1119 2156 Παῦλος
1175 2073 1412 2175 λε’γων
1459 2085 1500 2121 “
1528 2073 1717 2153 Ἰδοὺ
1770 2071 2169 2176 μυστήριον
2226 2074 2388 2170 ὑμῖν
2444 2069 2659 2172 λέγω·
2741 2064 3003 2150 πάντες

269 2210 349 2262 ⁵²·
604 2204 647 2239 “
685 2193 815 2291 μὲν
892 2196 1502 2297 κοιμηθησόμεθα,
1579 2198 1665 2277 οὐ
1745 2194 2006 2278 πάντες
2095 2195 2170 2276 δὲ
2253 2191 2853 2296 ἀλλαγησόμεθα,
2926 2193 3004 2270 ἐν
3033 2216 3110 2277 15

604 2329 647 2364 “
685 2317 951 2427 ἀτόμῳ,
990 2323 1065 2399 ἐν
1101 2323 1278 2424 ῥιπῇ
1326 2323 1738 2427 ὀφθαλμοῦ,
1773 2323 1849 2401 ἐν
1886 2326 1975 2426 τῇ
2027 2318 2305 2427 ἐσχάτῃ
2357 2317 2748 2421 σάλπιγγι·
2811 2326 3002 2395 σαλ-

605 2453 649 2490 “
683 2444 882 2525 πίσει
933 2443 1100 2547 γὰρ,
1143 2448 1261 2524 καὶ
1311 2451 1375 2525 οὶ
1426 2444 1657 2549 νεκροὶ
1698 2448 1774 2525 ἐν
1811 2450 2118 2552 Χριστῷ
2155 2442 2668 2546 ἐγερθήσονται
2705 2441 2995 2546 ἀφθαρ-

603 2577 647 2616 “
685 2602 816 2666 τοι,
855 2570 972 2647 καὶ
1024 2569 1219 2669 ἡμεῖς
1263 2567 1913 2672 ἀλλαγησόμεθα·”
1971 2567 2233 2653 πάντες
2279 2570 2410 2669 μὲν
2444 2566 2590 2672 γὰρ
2624 2570 2701 2647 ἐκ
2738 2570 3006 2670 νεκρῶν

605 2691 1166 2794 ἀναστήσονται,
1205 2692 1322 2772 διὰ
1369 2692 1454 2774 τὸ
1501 2693 1712 2799 πάσῃ
1764 2694 2105 2775 δεδόσθαι
2150 2697 2240 2800 τῇ
2299 2693 2516 2799 φύσει
2556 2690 2673 2772 διὰ
2707 2687 2841 2790 τὴν
2876 2693 3007 2789 τῆς

604 2816 1075 2901 ἀναστάσεως
1120 2817 1349 2922 χάριν·
1413 2822 1529 2897 καὶ
1563 2820 1641 2897 ἐν
1678 2817 1779 2898 ἑνὶ
1826 2824 1931 2927 τῷ
1969 2823 2294 2927 Χριστῷ,
2332 2822 2435 2925 τῷ
2482 2815 2571 2922 ἐξ
2612 2818 2838 2919 ἀρχῆς
2887 2816 3007 2893 καὶ
3034 2839 3124 2881 20

539 2954 585 3020 d
605 2940 871 3049 πρώτῳ
926 2942 1423 3022 καταλύσαντι
1477 2950 1605 3022 τοῦ
1662 2941 1974 3022 θανάτου
2030 2939 2114 3021 τὸ
2164 2941 2450 3046 κράτος,
2498 2943 2613 3020 καὶ
2670 2945 2767 3022 εἰς
2823 2935 3009 3041 ζωὴν

605 3066 1049 3166 ἐνεργηθέντι
1084 3064 1215 3166 τὴν
1253 3069 1553 3166 διηνεκῆ,
1592 3068 1634 3146 ὃ
1669 3065 1901 3151 κοινὸς
1936 3071 2064 3167 τῆς
2100 3064 2650 3169 ἀνθρωπότητος
2688 3062 2852 3165 ὅρος
2888 3064 3011 3141 καὶ

605 3185 787 3289 πρὸς
837 3190 1261 3295 ἀφθαρσίαν
1296 3189 1955 3298 ἀναμορφούμενος,
1995 3189 2319 3291 καθάπερ
2368 3190 2494 3269 οὖν
2529 3189 2606 3268 ἐν
2641 3185 2884 3284 Ἀδὰμ
2930 3187 3013 3264 ἐν

605 3314 705 3391 ἑνὶ
741 3309 968 3392 πάλιν
1006 3315 1124 3392 καὶ
1166 3314 1432 3422 πρώτῳ
1480 3313 1666 3416 πρὸς
1714 3314 2025 3394 θάνατον
2064 3315 2180 3393 καὶ
2218 3310 2502 3419 φθοράν
2539 3307 3001 3413 καταδικαζό-

604 3470 838 3533 μενος.
901 3435 1106 3515 ἀλλά
1142 3436 1390 3538 πολλή
1441 3472 1546 3521 τις
1595 3439 1748 3516 κατ’
1789 3440 2010 3517 ἐκεῖνο
2046 3445 2294 3540 καιροῦ
2333 3444 2477 3516 τῶν
2514 3432 3011 3533 ἀνισταμένων
3042 3459 3131 3521 25

605 3559 651 3658 ἡ
689 3559 1024 3664 διαφορὰ,
1065 3564 1181 3641 καὶ
1229 3558 1425 3641 πολύ
1471 3595 1542 3640 τι
1591 3558 1676 3641 τὸ
1728 3557 2169 3640 διαλλάττον
2204 3557 2682 3663 εὑρεθήσεται.
2763 3564 2828 3639 οὶ
2876 3558 3014 3660 μὲν

608 3679 750 3783 γὰρ
787 3685 863 3761 ε’ν
899 3682 1143 3764 πίστει
1179 3690 1268 3789 τῇ
1315 3690 1411 3769 εἶς
1448 3681 1781 3787 Χριστὸν
1818 3684 2421 3784 ἀναπαυσάμενοι,
2462 3686 2576 3763 καὶ
2612 3681 2740 3762 τὸν
2776 3683 3007 3786 ἀῤῥα-

605 3812 810 3900 βῶνα
863 3815 993 3886 τοῦ
1053 3809 1473 3907 Πνεύματος
1529 3808 1714 3889 κατὰ
1769 3805 1898 3888 τὸν
1952 3806 2197 3911 καιρὸν
2248 3812 2373 3907 τῆς
2430 3805 2613 3905 μετὰ
2667 3805 3013 3905 σώματος

688 4060 732 4100 1.
769 4043 1014 4116 ἔσεσθαι]
1041 4045 1286 4115 γενέσθαι
1313 4044 1431 4101 Cat.
1462 4045 1615 4100 Harl.
1760 4060 1813 4116 5.
1851 4044 2045 4117 κοινὸν]
2079 4052 2138 4112 -Ι-
2165 4048 2329 4100 πᾶσιν
2351 4064 2400 4101 a.
2542 4045 2594 4100 6.
2620 4044 2857 4114 Ἕλλησί
2878 4064 3015 4098 τε-

609 4114 782 4169 αὒτοῖς
808 4113 1003 4169 desunt
1027 4116 1084 4169 in
1109 4116 1251 4171 Aub.
1281 4117 1372 4188 qui
1398 4127 1450 4170 et
1475 4116 1576 4170 alia
1602 4115 1788 4170 deesse
1813 4117 1867 4170 in
1894 4116 2202 4187 apographo
2229 4135 2329 4170 suo
2354 4116 2593 4171 adnotat.
2751 4132 2832 4185 13.
2872 4114 3012 4167 δεδι-

610 4184 930 4253 καιωμένοις]
958 4186 1051 4254 τὴν
1075 4187 1129 4240 δέ
1166 4190 1260 4240 τοῦ
1292 4186 1575 4252 πνεύματος
1602 4185 1812 4254 μέθεξιν
1843 4189 1924 4240 καὶ
1958 4190 2238 4252 βασιλείαν
2267 4189 2497 4255 οὐρανῶν
2525 4186 2790 4254 ὀνομάζειν
2814 4181 2949 4238 οἶδεν
2978 4182 3011 4251 ἦ

610 4256 722 4309 θεία
744 4256 927 4326 γραφὴ
953 4274 981 4309 e
1009 4255 1126 4311 Cat.
1160 4256 1311 4311 Harl.
1338 4257 1488 4310 addit
1515 4257 1658 4310 Aub.
1685 4267 1738 4310 et
1763 4256 1835 4310 ita
1860 4276 1907 4311 a.
2017 4260 2238 4327 σημανεῖ
2265 4257 2329 4311 Β.
2362 4258 2456 4312 Ht.
2483 4257 2718 4325 σημαίνει
2744 4274 2773 4309 e
2799 4255 2919 4309 Cat.
2943 4262 3012 4308 ut

609 4323 715 4379 vid.
747 4326 890 4381 Aub.
917 4337 968 4379 et
992 4327 1066 4380 ita
1089 4345 1138 4382 a.
1247 4331 1400 4381 τοῦτο
1425 4328 1507 4380 καὶ
1530 4327 1746 4381 inverso
1771 4327 1960 4382 ordine
1984 4346 2033 4384 a.
2303 4345 2384 4394 14.
2420 4328 2481 4381 οὗ
2505 4329 2691 4382 πάντες
2713 4327 2809 4395 μὲν
2830 4346 3012 4391 κοιμη-

608 4395 892 4463 θησόμεθα,
917 4398 1104 4453 πάντες
1128 4398 1185 4451 δὲ
1211 4415 1258 4450 a.
1286 4398 1353 4451 cs.
1381 4399 1436 4451 in
1464 4397 1762 4474 xii—Proph.
1789 4414 1860 4468 30
1885 4398 1939 4453 d.
2335 4415 2420 4452 22.
2461 4396 2783 4469 ἐνεργηθὲντι
2813 4396 2875 4449 Β.
2909 4396 3009 4449 Ht.

606 4465 869 4591 ‘Xycssssivn
891 4468 1037 4525 Aub.
1114 4468 1327 4523 Desunt
1352 4466 1480 4522 haec
1505 4469 1559 4521 in
1587 4485 1636 4522 a.
2036 4483 2123 4540 25.
2160 4468 2537 4540 ἀνισταμένων]
2572 4475 2629 4530 -1-
2660 4469 2809 4523 ἔσται
2833 4484 2862 4521 e
2887 4464 3013 4521 Cat.

662 4554 697 4590 u
741 4578 753 4591 .
