<?xml version="1.0" encoding="UTF-8"?>
<!DOCTYPE html PUBLIC "-//W3C//DTD XHTML 1.0 Transitional//EN"
    "http://www.w3.org/TR/xhtml1/DTD/xhtml1-transitional.dtd">
<html xmlns="http://www.w3.org/1999/xhtml" xml:lang="en" lang="en">
 <head>
  <title>
</title>
<meta http-equiv="Content-Type" content="text/html;charset=utf-8" />
  <meta name='ocr-system' content='tesseract 3.04.00' />
  <meta name='ocr-capabilities' content='ocr_page ocr_carea ocr_par ocr_line ocrx_word'/>
</head>
<body>
  <div class='ocr_page' id='page_1' title='image "./sanctipatrisnos03pusegoog_0403.png"; bbox 0 0 3238 5158; ppageno 0'>
   <div class='ocr_carea' id='block_1_1' title="bbox 270 329 2676 420">
    <p class='ocr_par' dir='ltr' id='par_1_1' title="bbox 270 329 2676 420">
     <span class='ocr_line' id='line_1_1' title="bbox 270 329 2676 420; baseline 0.001 -26"><span class='ocrx_word' id='word_1_1' title='bbox 270 329 411 418; x_wconf 57' lang='lat' dir='ltr'><strong>xiii.</strong></span> <span class='ocrx_word' id='word_1_2' title='bbox 437 335 544 420; x_wconf 85' lang='lat'>36.</span> <span class='ocrx_word' id='word_1_3' title='bbox 836 333 954 400; x_wconf 83' lang='lat' dir='ltr'>IN</span> <span class='ocrx_word' id='word_1_4' title='bbox 1013 332 1083 400; x_wconf 81' lang='lat' dir='ltr'>s,</span> <span class='ocrx_word' id='word_1_5' title='bbox 1130 331 1653 401; x_wconf 82' lang='lat' dir='ltr'><strong>JOANNEM.</strong></span> <span class='ocrx_word' id='word_1_6' title='bbox 1742 333 1937 401; x_wconf 76' lang='lat' dir='ltr'>mn.</span> <span class='ocrx_word' id='word_1_7' title='bbox 1985 335 2108 400; x_wconf 85' lang='lat' dir='ltr'>1x.</span> <span class='ocrx_word' id='word_1_8' title='bbox 2551 333 2676 398; x_wconf 77' lang='lat'>391</span> 
     </span>
    </p>
   </div>
   <div class='ocr_carea' id='block_1_2' title="bbox 271 493 3015 1145">
    <p class='ocr_par' dir='ltr' id='par_1_2' title="bbox 271 493 2994 1145">
     <span class='ocr_line' id='line_1_2' title="bbox 276 493 2751 602; baseline 0.004 -29"><span class='ocrx_word' id='word_1_9' title='bbox 276 493 635 599; x_wconf 90' lang='grc' dir='ltr'>δεστέρων</span> <span class='ocrx_word' id='word_1_10' title='bbox 677 500 795 577; x_wconf 82' lang='grc' dir='ltr'>καὶ</span> <span class='ocrx_word' id='word_1_11' title='bbox 849 499 1428 602; x_wconf 80' lang='grc' dir='ltr'>ἀναγκαιοτέρων</span> <span class='ocrx_word' id='word_1_12' title='bbox 1476 501 1775 601; x_wconf 81' lang='grc' dir='ltr'>ἀγαθῶν</span> <span class='ocrx_word' id='word_1_13' title='bbox 1816 501 2277 597; x_wconf 81' lang='grc' dir='ltr'>ἐκπίπτοντα,</span> <span class='ocrx_word' id='word_1_14' title='bbox 2312 496 2676 594; x_wconf 80' lang='grc' dir='ltr'>τουτέστι,</span> <span class='ocrx_word' id='word_1_15' title='bbox 2708 516 2751 582; x_wconf 88' lang='lat' dir='ltr'>d</span> 
     </span>
     <span class='ocr_line' id='line_1_3' title="bbox 272 614 2683 769; baseline 0 -73"><span class='ocrx_word' id='word_1_16' title='bbox 272 614 358 697; x_wconf 76' lang='grc' dir='ltr'>τὸ</span> <span class='ocrx_word' id='word_1_17' title='bbox 425 616 528 718; x_wconf 85' lang='grc' dir='ltr'>μὴ</span> <span class='ocrx_word' id='word_1_18' title='bbox 603 620 883 701; x_wconf 79' lang='grc' dir='ltr'>διώκειν</span> <span class='ocrx_word' id='word_1_19' title='bbox 941 619 1126 701; x_wconf 79' lang='grc' dir='ltr'>κατὰ</span> <span class='ocrx_word' id='word_1_20' title='bbox 1193 619 1506 701; x_wconf 89' lang='grc' dir='ltr'>σκοπόν·</span> <span class='ocrx_word' id='word_1_21' title='bbox 1604 618 1751 702; x_wconf 83' lang='grc' dir='ltr'>οἶδε</span> <span class='ocrx_word' id='word_1_22' title='bbox 1809 621 1886 701; x_wconf 80' lang='grc' dir='ltr'>δὲ</span> <span class='ocrx_word' id='word_1_23' title='bbox 1951 624 2138 703; x_wconf 80' lang='grc' dir='ltr'>οὕτω</span> <span class='ocrx_word' id='word_1_24' title='bbox 2202 619 2336 722; x_wconf 83' lang='grc' dir='ltr'>τὴν</span> <span class='ocrx_word' id='word_1_25' title='bbox 2392 618 2683 769; x_wconf 79' lang='grc' dir='ltr'>ἀγάπην</span> 
     </span>
     <span class='ocr_line' id='line_1_4' title="bbox 271 740 2684 849; baseline 0.001 -28"><span class='ocrx_word' id='word_1_26' title='bbox 271 740 598 846; x_wconf 82' lang='grc' dir='ltr'>καθάπερ</span> <span class='ocrx_word' id='word_1_27' title='bbox 652 742 815 824; x_wconf 80' lang='grc' dir='ltr'>τινὰ</span> <span class='ocrx_word' id='word_1_28' title='bbox 862 744 1214 849; x_wconf 84' lang='grc' dir='ltr'>κορωνίδα</span> <span class='ocrx_word' id='word_1_29' title='bbox 1260 742 1536 829; x_wconf 82' lang='grc' dir='ltr'>πάσαις</span> <span class='ocrx_word' id='word_1_30' title='bbox 1587 746 1989 826; x_wconf 75' lang='grc' dir='ltr'>ἐπικεῖσθαι</span> <span class='ocrx_word' id='word_1_31' title='bbox 2038 752 2197 829; x_wconf 85' lang='grc' dir='ltr'>ταῖς</span> <span class='ocrx_word' id='word_1_32' title='bbox 2242 745 2546 849; x_wconf 86' lang='grc' dir='ltr'>ἀρεταῖς,</span> <span class='ocrx_word' id='word_1_33' title='bbox 2585 745 2684 824; x_wconf 84' lang='grc' dir='ltr'>ὡς</span> 
     </span>
     <span class='ocr_line' id='line_1_5' title="bbox 271 862 3015 1022; baseline 0 -78"><span class='ocrx_word' id='word_1_34' title='bbox 271 868 393 945; x_wconf 82' lang='grc' dir='ltr'>καὶ</span> <span class='ocrx_word' id='word_1_35' title='bbox 463 864 838 947; x_wconf 78' lang='grc' dir='ltr'>κάλλιστα</span> <span class='ocrx_word' id='word_1_36' title='bbox 907 869 1072 970; x_wconf 85' lang='grc' dir='ltr'>περὶ</span> <span class='ocrx_word' id='word_1_37' title='bbox 1145 867 1362 966; x_wconf 83' lang='grc' dir='ltr'>αὐτῆς</span> <span class='ocrx_word' id='word_1_38' title='bbox 1436 865 2058 1022; x_wconf 78' lang='grc' dir='ltr'>φιλονεικήσαντα</span> <span class='ocrx_word' id='word_1_39' title='bbox 2129 866 2370 970; x_wconf 84' lang='grc' dir='ltr'>λέγειν</span> <span class='ocrx_word' id='word_1_40' title='bbox 2443 876 2488 914; x_wconf 85' lang='grc'><strong>“</strong></span> <span class='ocrx_word' id='word_1_41' title='bbox 2520 862 2682 944; x_wconf 84' lang='grc' dir='ltr'>Κάν</span> <span class='ocrx_word' id='word_1_42' title='bbox 2770 873 2944 1003; x_wconf 52' lang='grc' dir='ltr'>ὲξθὲ</span> <span class='ocrx_word' id='word_1_43' title='bbox 2971 950 3015 990; x_wconf 55' lang='grc' dir='ltr'>Ι</span> 
     </span>
     <span class='ocr_line' id='line_1_6' title="bbox 274 987 2682 1095; baseline -0.001 -24.931"><span class='ocrx_word' id='word_1_44' title='bbox 274 990 680 1095; x_wconf 75' lang='grc' dir='ltr'>“ψωμίσω</span> <span class='ocrx_word' id='word_1_45' title='bbox 714 988 956 1070; x_wconf 86' lang='grc' dir='ltr'>πάντα</span> <span class='ocrx_word' id='word_1_46' title='bbox 1000 989 1093 1069; x_wconf 80' lang='grc' dir='ltr'>τὰ</span> <span class='ocrx_word' id='word_1_47' title='bbox 1138 988 1553 1094; x_wconf 84' lang='grc' dir='ltr'>ὑπάρχοντά</span> <span class='ocrx_word' id='word_1_48' title='bbox 1600 1025 1764 1090; x_wconf 88' lang='grc' dir='ltr'>μου,</span> <span class='ocrx_word' id='word_1_49' title='bbox 1801 990 1937 1071; x_wconf 80' lang='grc' dir='ltr'>κάν</span> <span class='ocrx_word' id='word_1_50' title='bbox 1972 997 2276 1094; x_wconf 80' lang='grc' dir='ltr'>παραδῶ</span> <span class='ocrx_word' id='word_1_51' title='bbox 2325 1025 2411 1070; x_wconf 95' lang='grc' dir='ltr'>το</span> <span class='ocrx_word' id='word_1_52' title='bbox 2460 987 2682 1088; x_wconf 80' lang='grc' dir='ltr'>σῶμά</span> 
     </span>
     <span class='ocr_line' id='line_1_7' title="bbox 1583 1112 1831 1145; baseline 0.016 -5"><span class='ocrx_word' id='word_1_53' title='bbox 1583 1112 1603 1141; x_wconf 55' lang='grc' dir='ltr'>ἱ</span> <span class='ocrx_word' id='word_1_54' title='bbox 1712 1112 1735 1141; x_wconf 45' lang='lat' dir='ltr'>x</span> <span class='ocrx_word' id='word_1_55' title='bbox 1792 1115 1831 1145; x_wconf 55' lang='lat' dir='ltr'><em>U</em></span> 
     </span>
    </p>
   </div>
   <div class='ocr_carea' id='block_1_3' title="bbox 277 1111 2673 1223">
    <p class='ocr_par' dir='ltr' id='par_1_3' title="bbox 277 1111 2673 1223">
     <span class='ocr_line' id='line_1_8' title="bbox 277 1111 2673 1223; baseline 0 -31.034"><span class='ocrx_word' id='word_1_56' title='bbox 277 1122 497 1212; x_wconf 82' lang='grc' dir='ltr'>“μου</span> <span class='ocrx_word' id='word_1_57' title='bbox 528 1114 646 1193; x_wconf 82' lang='grc' dir='ltr'>ἵνα</span> <span class='ocrx_word' id='word_1_58' title='bbox 682 1112 1160 1213; x_wconf 84' lang='grc' dir='ltr'>καυθὴσομαι,</span> <span class='ocrx_word' id='word_1_59' title='bbox 1198 1111 1490 1217; x_wconf 87' lang='grc' dir='ltr'>ἀγάπην</span> <span class='ocrx_word' id='word_1_60' title='bbox 1529 1120 1604 1194; x_wconf 90' lang='grc' dir='ltr'>δε</span> <span class='ocrx_word' id='word_1_61' title='bbox 1641 1149 1744 1214; x_wconf 89' lang='grc' dir='ltr'>μη</span> <span class='ocrx_word' id='word_1_62' title='bbox 1781 1150 1948 1219; x_wconf 90' lang='grc' dir='ltr'>εχω,</span> <span class='ocrx_word' id='word_1_63' title='bbox 1989 1114 2190 1195; x_wconf 77' lang='grc' dir='ltr'>οὐδὲν</span> <span class='ocrx_word' id='word_1_64' title='bbox 2230 1119 2673 1223; x_wconf 84' lang='grc' dir='ltr'>ὠφελοῦμαι·</span> 
     </span>
    </p>
   </div>
   <div class='ocr_carea' id='block_1_4' title="bbox 278 1234 2674 1390">
    <p class='ocr_par' dir='ltr' id='par_1_4' title="bbox 278 1234 2674 1390">
     <span class='ocr_line' id='line_1_9' title="bbox 278 1234 2674 1342; baseline 0 -27"><span class='ocrx_word' id='word_1_65' title='bbox 278 1234 485 1316; x_wconf 79' lang='grc' dir='ltr'>“ε’ἀν</span> <span class='ocrx_word' id='word_1_66' title='bbox 532 1244 688 1321; x_wconf 89' lang='grc' dir='ltr'>ταῖς</span> <span class='ocrx_word' id='word_1_67' title='bbox 744 1237 1129 1339; x_wconf 80' lang='grc' dir='ltr'>γλώσσαις</span> <span class='ocrx_word' id='word_1_68' title='bbox 1184 1244 1330 1317; x_wconf 78' lang='grc' dir='ltr'>τῶν</span> <span class='ocrx_word' id='word_1_69' title='bbox 1377 1238 1781 1338; x_wconf 79' lang='grc' dir='ltr'>ἀνθρώπων</span> <span class='ocrx_word' id='word_1_70' title='bbox 1829 1245 2042 1318; x_wconf 84' lang='grc' dir='ltr'>λαλῶ</span> <span class='ocrx_word' id='word_1_71' title='bbox 2089 1241 2208 1319; x_wconf 82' lang='grc' dir='ltr'>καὶ</span> <span class='ocrx_word' id='word_1_72' title='bbox 2256 1246 2402 1318; x_wconf 81' lang='grc' dir='ltr'>τῶν</span> <span class='ocrx_word' id='word_1_73' title='bbox 2451 1234 2674 1342; x_wconf 82' lang='grc' dir='ltr'>ἀγγέ-</span> 
     </span>
     <span class='ocr_line' id='line_1_10' title="bbox 959 1357 1207 1390; baseline -0.012 -2"><span class='ocrx_word' id='word_1_74' title='bbox 959 1358 980 1388; x_wconf 53' lang='lat'>!</span> <span class='ocrx_word' id='word_1_75' title='bbox 1087 1357 1110 1386; x_wconf 62' lang='grc' dir='ltr'>ἱ</span> <span class='ocrx_word' id='word_1_76' title='bbox 1170 1360 1207 1390; x_wconf 68' lang='grc' dir='ltr'>,ν</span> 
     </span>
    </p>
   </div>
   <div class='ocr_carea' id='block_1_5' title="bbox 277 1357 2741 1588">
    <p class='ocr_par' dir='ltr' id='par_1_5' title="bbox 277 1357 2741 1588">
     <span class='ocr_line' id='line_1_11' title="bbox 277 1357 2741 1467; baseline 0.001 -28"><span class='ocrx_word' id='word_1_77' title='bbox 277 1367 326 1407; x_wconf 85' lang='grc'><strong>“</strong></span> <span class='ocrx_word' id='word_1_78' title='bbox 360 1371 536 1458; x_wconf 90' lang='grc' dir='ltr'>λων,</span> <span class='ocrx_word' id='word_1_79' title='bbox 572 1357 868 1462; x_wconf 79' lang='grc' dir='ltr'>ἀγάπην</span> <span class='ocrx_word' id='word_1_80' title='bbox 903 1364 983 1440; x_wconf 90' lang='grc' dir='ltr'>δε</span> <span class='ocrx_word' id='word_1_81' title='bbox 1016 1396 1118 1461; x_wconf 90' lang='grc' dir='ltr'>μη</span> <span class='ocrx_word' id='word_1_82' title='bbox 1157 1395 1320 1466; x_wconf 89' lang='grc' dir='ltr'>εχω,</span> <span class='ocrx_word' id='word_1_83' title='bbox 1357 1361 1627 1464; x_wconf 83' lang='grc' dir='ltr'>γέγονα</span> <span class='ocrx_word' id='word_1_84' title='bbox 1663 1361 1937 1466; x_wconf 83' lang='grc' dir='ltr'>χαλκὸς</span> <span class='ocrx_word' id='word_1_85' title='bbox 1973 1363 2175 1467; x_wconf 80' lang='grc' dir='ltr'>ἠχῶν</span> <span class='ocrx_word' id='word_1_86' title='bbox 2211 1359 2258 1462; x_wconf 83' lang='grc' dir='ltr'>ἢ</span> <span class='ocrx_word' id='word_1_87' title='bbox 2302 1361 2682 1462; x_wconf 80' lang='grc' dir='ltr'>κύμβαλον</span> <span class='ocrx_word' id='word_1_88' title='bbox 2704 1389 2741 1435; x_wconf 78' lang='grc' dir='ltr'>θ</span> 
     </span>
     <span class='ocr_line' id='line_1_12' title="bbox 280 1482 2683 1588; baseline 0.002 -27"><span class='ocrx_word' id='word_1_89' title='bbox 280 1492 324 1529; x_wconf 81' lang='grc'><strong>“</strong></span> <span class='ocrx_word' id='word_1_90' title='bbox 360 1482 799 1587; x_wconf 53' lang='grc' dir='ltr'>ἀλαλάζὸνῩ</span> <span class='ocrx_word' id='word_1_91' title='bbox 878 1484 1283 1587; x_wconf 88' lang='grc' dir='ltr'>πρόσωπον</span> <span class='ocrx_word' id='word_1_92' title='bbox 1341 1484 1468 1564; x_wconf 75' lang='grc' dir='ltr'>οὖν</span> <span class='ocrx_word' id='word_1_93' title='bbox 1527 1519 1667 1588; x_wconf 88' lang='grc' dir='ltr'>αρα</span> <span class='ocrx_word' id='word_1_94' title='bbox 1733 1488 1853 1565; x_wconf 79' lang='grc' dir='ltr'>καὶ</span> <span class='ocrx_word' id='word_1_95' title='bbox 1914 1484 2122 1565; x_wconf 88' lang='grc' dir='ltr'>εἰκων</span> <span class='ocrx_word' id='word_1_96' title='bbox 2182 1487 2259 1565; x_wconf 85' lang='grc' dir='ltr'>ἐν</span> <span class='ocrx_word' id='word_1_97' title='bbox 2320 1485 2490 1586; x_wconf 87' lang='grc' dir='ltr'>ἡμῖν</span> <span class='ocrx_word' id='word_1_98' title='bbox 2553 1493 2683 1566; x_wconf 81' lang='grc' dir='ltr'>τοῦ</span> 
     </span>
    </p>
   </div>
   <div class='ocr_carea' id='block_1_6' title="bbox 171 1606 2786 1943">
    <p class='ocr_par' dir='ltr' id='par_1_6' title="bbox 171 1606 2786 1943">
     <span class='ocr_line' id='line_1_13' title="bbox 171 1606 2007 1715; baseline 0.004 -32"><span class='ocrx_word' id='word_1_99' title='bbox 171 1619 257 1660; x_wconf 85' lang='lat'>10</span> <span class='ocrx_word' id='word_1_100' title='bbox 281 1609 617 1707; x_wconf 85' lang='grc' dir='ltr'>Σωτῆρος</span> <span class='ocrx_word' id='word_1_101' title='bbox 653 1612 1007 1711; x_wconf 78' lang='grc' dir='ltr'>Χριστοῦ,</span> <span class='ocrx_word' id='word_1_102' title='bbox 1043 1612 1172 1708; x_wconf 84' lang='grc' dir='ltr'>τῆς</span> <span class='ocrx_word' id='word_1_103' title='bbox 1206 1606 1492 1711; x_wconf 79' lang='grc' dir='ltr'>ἀγάπης</span> <span class='ocrx_word' id='word_1_104' title='bbox 1527 1607 1612 1688; x_wconf 79' lang='grc' dir='ltr'>τὸ</span> <span class='ocrx_word' id='word_1_105' title='bbox 1650 1606 2007 1715; x_wconf 81' lang='grc' dir='ltr'>καύχημα.</span> 
     </span>
     <span class='ocr_line' id='line_1_14' title="bbox 571 1850 2786 1943; baseline 0.003 -30"><span class='ocrx_word' id='word_1_106' title='bbox 571 1850 752 1926; x_wconf 63' lang='grc' dir='ltr'>Λέγει</span> <span class='ocrx_word' id='word_1_107' title='bbox 805 1850 987 1938; x_wconf 83' lang='grc' dir='ltr'>αὐτῷ</span> <span class='ocrx_word' id='word_1_108' title='bbox 1040 1850 1267 1929; x_wconf 80' lang='grc' dir='ltr'>Σίμων</span> <span class='ocrx_word' id='word_1_109' title='bbox 1320 1853 1571 1942; x_wconf 75' lang='grc' dir='ltr'>Πέτροο</span> <span class='ocrx_word' id='word_1_110' title='bbox 1629 1851 1836 1943; x_wconf 80' lang='grc' dir='ltr'>Κύριε,</span> <span class='ocrx_word' id='word_1_111' title='bbox 1890 1856 2016 1919; x_wconf 84' lang='grc' dir='ltr'><strong>ποῦ</strong></span> <span class='ocrx_word' id='word_1_112' title='bbox 2065 1851 2336 1926; x_wconf 64' lang='lat' dir='ltr'>{auoit-etc</span> <span class='ocrx_word' id='word_1_113' title='bbox 2360 1881 2380 1935; x_wconf 69' lang='grc' dir='ltr'><strong><em>ς</em></strong></span> <span class='ocrx_word' id='word_1_114' title='bbox 2709 1856 2786 1931; x_wconf 85' lang='grc'>36</span> 
     </span>
    </p>
   </div>
   <div class='ocr_carea' id='block_1_7' title="bbox 166 2021 3015 4480">
    <p class='ocr_par' dir='ltr' id='par_1_7' title="bbox 277 2021 2687 2376">
     <span class='ocr_line' id='line_1_15' title="bbox 393 2021 2684 2131; baseline 0 -32"><span class='ocrx_word' id='word_1_115' title='bbox 393 2023 884 2103; x_wconf 88' lang='grc' dir='ltr'>Φιλοπευστεῖ</span> <span class='ocrx_word' id='word_1_116' title='bbox 945 2021 1035 2123; x_wconf 84' lang='grc' dir='ltr'>δὴ</span> <span class='ocrx_word' id='word_1_117' title='bbox 1106 2022 1334 2105; x_wconf 80' lang='grc' dir='ltr'>πάλιν</span> <span class='ocrx_word' id='word_1_118' title='bbox 1398 2058 1479 2104; x_wconf 94' lang='grc' dir='ltr'>εκ</span> <span class='ocrx_word' id='word_1_119' title='bbox 1551 2023 2029 2131; x_wconf 88' lang='grc' dir='ltr'>φιλομαθείας</span> <span class='ocrx_word' id='word_1_120' title='bbox 2100 2026 2143 2104; x_wconf 84' lang='grc' dir='ltr'><strong>ὁ</strong></span> <span class='ocrx_word' id='word_1_121' title='bbox 2211 2023 2510 2124; x_wconf 84' lang='grc' dir='ltr'>Πέτρος,</span> <span class='ocrx_word' id='word_1_122' title='bbox 2565 2022 2684 2100; x_wconf 87' lang='grc' dir='ltr'>καὶ</span> 
     </span>
     <span class='ocr_line' id='line_1_16' title="bbox 277 2143 2686 2299; baseline 0 -74"><span class='ocrx_word' id='word_1_123' title='bbox 277 2144 829 2299; x_wconf 76' lang='grc' dir='ltr'>περιεργάζεται</span> <span class='ocrx_word' id='word_1_124' title='bbox 841 2154 971 2227; x_wconf 86' lang='grc' dir='ltr'>τοῦ</span> <span class='ocrx_word' id='word_1_125' title='bbox 1005 2144 1237 2249; x_wconf 90' lang='grc' dir='ltr'>λόγου</span> <span class='ocrx_word' id='word_1_126' title='bbox 1274 2145 1405 2246; x_wconf 85' lang='grc' dir='ltr'>τὴν</span> <span class='ocrx_word' id='word_1_127' title='bbox 1439 2147 1760 2247; x_wconf 84' lang='grc' dir='ltr'>δύναμιν,</span> <span class='ocrx_word' id='word_1_128' title='bbox 1796 2151 2035 2232; x_wconf 80' lang='grc' dir='ltr'>συνεὶς</span> <span class='ocrx_word' id='word_1_129' title='bbox 2069 2182 2204 2248; x_wconf 88' lang='grc' dir='ltr'>μεν</span> <span class='ocrx_word' id='word_1_130' title='bbox 2240 2150 2462 2245; x_wconf 80' lang='grc' dir='ltr'>οὔπω,</span> <span class='ocrx_word' id='word_1_131' title='bbox 2499 2143 2686 2226; x_wconf 79' lang='grc' dir='ltr'>κατὰ</span> 
     </span>
     <span class='ocr_line' id='line_1_17' title="bbox 278 2266 2687 2376; baseline 0 -29"><span class='ocrx_word' id='word_1_132' title='bbox 278 2302 365 2347; x_wconf 95' lang='grc' dir='ltr'>το</span> <span class='ocrx_word' id='word_1_133' title='bbox 402 2266 609 2367; x_wconf 88' lang='grc' dir='ltr'>εἰκος,</span> <span class='ocrx_word' id='word_1_134' title='bbox 645 2272 743 2353; x_wconf 83' lang='grc' dir='ltr'>ὧς</span> <span class='ocrx_word' id='word_1_135' title='bbox 780 2269 924 2373; x_wconf 79' lang='grc' dir='ltr'>ἔχει</span> <span class='ocrx_word' id='word_1_136' title='bbox 960 2304 1045 2350; x_wconf 91' lang='grc' dir='ltr'>το</span> <span class='ocrx_word' id='word_1_137' title='bbox 1089 2270 1474 2374; x_wconf 87' lang='grc' dir='ltr'>εἰρημένον,</span> <span class='ocrx_word' id='word_1_138' title='bbox 1510 2271 1954 2376; x_wconf 81' lang='grc' dir='ltr'>θερμοτάτην</span> <span class='ocrx_word' id='word_1_139' title='bbox 1988 2269 2218 2374; x_wconf 87' lang='grc' dir='ltr'>γεμὴν</span> <span class='ocrx_word' id='word_1_140' title='bbox 2253 2277 2349 2355; x_wconf 90' lang='grc' dir='ltr'>εἰς</span> <span class='ocrx_word' id='word_1_141' title='bbox 2400 2305 2487 2350; x_wconf 95' lang='grc' dir='ltr'>το</span> <span class='ocrx_word' id='word_1_142' title='bbox 2540 2273 2687 2349; x_wconf 87' lang='grc' dir='ltr'>δεῖν</span> 
     </span>
    </p>

    <p class='ocr_par' dir='ltr' id='par_1_8' title="bbox 171 2390 3015 2995">
     <span class='ocr_line' id='line_1_18' title="bbox 171 2390 3015 2502; baseline -0.001 -32"><span class='ocrx_word' id='word_1_143' title='bbox 171 2402 255 2463; x_wconf 85' lang='lat'>15</span> <span class='ocrx_word' id='word_1_144' title='bbox 281 2390 583 2471; x_wconf 79' lang='grc' dir='ltr'>ἕπεσθαι</span> <span class='ocrx_word' id='word_1_145' title='bbox 640 2399 744 2499; x_wconf 74' lang='grc' dir='ltr'>τῷ</span> <span class='ocrx_word' id='word_1_146' title='bbox 797 2398 1106 2502; x_wconf 79' lang='grc' dir='ltr'>Χριστῷ</span> <span class='ocrx_word' id='word_1_147' title='bbox 1161 2393 1298 2494; x_wconf 86' lang='grc' dir='ltr'>τὴν</span> <span class='ocrx_word' id='word_1_148' title='bbox 1350 2395 1758 2498; x_wconf 78' lang='grc' dir='ltr'>προθυμίαν</span> <span class='ocrx_word' id='word_1_149' title='bbox 1815 2395 2400 2502; x_wconf 87' lang='grc' dir='ltr'>εἰσφέρων.καί</span> <span class='ocrx_word' id='word_1_150' title='bbox 2465 2392 2675 2501; x_wconf 79' lang='grc' dir='ltr'>ἀξιά-</span> <span class='ocrx_word' id='word_1_151' title='bbox 2706 2428 2744 2468; x_wconf 77' lang='lat' dir='ltr'><strong>a</strong></span> <span class='ocrx_word' id='word_1_152' title='bbox 2789 2413 2918 2470; x_wconf 78' lang='lat'>‘155</span> <span class='ocrx_word' id='word_1_153' title='bbox 2937 2410 3015 2467; x_wconf 76' lang='grc' dir='ltr'>Δ.</span> 
     </span>
     <span class='ocr_line' id='line_1_19' title="bbox 277 2515 2684 2627; baseline 0.002 -32"><span class='ocrx_word' id='word_1_154' title='bbox 277 2548 558 2618; x_wconf 88' lang='grc' dir='ltr'>γαστος</span> <span class='ocrx_word' id='word_1_155' title='bbox 607 2515 740 2617; x_wconf 82' lang='grc' dir='ltr'>μὲν</span> <span class='ocrx_word' id='word_1_156' title='bbox 775 2518 853 2598; x_wconf 85' lang='grc' dir='ltr'>ἐν</span> <span class='ocrx_word' id='word_1_157' title='bbox 887 2517 1120 2627; x_wconf 75' lang='grc' dir='ltr'>τούτῳ</span> <span class='ocrx_word' id='word_1_158' title='bbox 1168 2524 1315 2599; x_wconf 81' lang='grc' dir='ltr'>τῶν</span> <span class='ocrx_word' id='word_1_159' title='bbox 1351 2519 1771 2619; x_wconf 73' lang='grc' dir='ltr'>μαθητῶν’</span> <span class='ocrx_word' id='word_1_160' title='bbox 1729 2554 1775 2619; x_wconf 90' lang='grc' dir='ltr'>η</span> <span class='ocrx_word' id='word_1_161' title='bbox 1824 2517 2048 2626; x_wconf 80' lang='grc' dir='ltr'>ταξις.</span> <span class='ocrx_word' id='word_1_162' title='bbox 2125 2519 2209 2600; x_wconf 84' lang='grc' dir='ltr'>οὖ</span> <span class='ocrx_word' id='word_1_163' title='bbox 2256 2516 2401 2621; x_wconf 83' lang='grc' dir='ltr'>γὰρ</span> <span class='ocrx_word' id='word_1_164' title='bbox 2453 2518 2684 2619; x_wconf 89' lang='grc' dir='ltr'>δήπου</span> 
     </span>
     <span class='ocr_line' id='line_1_20' title="bbox 282 2638 2685 2787; baseline -0 -66"><span class='ocrx_word' id='word_1_165' title='bbox 282 2639 463 2787; x_wconf 85' lang='grc' dir='ltr'>φαίη</span> <span class='ocrx_word' id='word_1_166' title='bbox 499 2675 607 2726; x_wconf 91' lang='grc' dir='ltr'>τις</span> <span class='ocrx_word' id='word_1_167' title='bbox 645 2638 755 2740; x_wconf 82' lang='grc' dir='ltr'>ἂν,</span> <span class='ocrx_word' id='word_1_168' title='bbox 784 2640 895 2722; x_wconf 82' lang='grc' dir='ltr'>ὅτι</span> <span class='ocrx_word' id='word_1_169' title='bbox 929 2648 1077 2722; x_wconf 80' lang='grc' dir='ltr'>τῶν</span> <span class='ocrx_word' id='word_1_170' title='bbox 1111 2642 1370 2746; x_wconf 86' lang='grc' dir='ltr'>ἑτέρων</span> <span class='ocrx_word' id='word_1_171' title='bbox 1405 2641 1789 2740; x_wconf 88' lang='grc' dir='ltr'>συνέντων,</span> <span class='ocrx_word' id='word_1_172' title='bbox 1815 2640 2038 2747; x_wconf 82' lang='grc' dir='ltr'>τυχὸν</span> <span class='ocrx_word' id='word_1_173' title='bbox 2072 2639 2293 2741; x_wconf 88' lang='grc' dir='ltr'>μόνος</span> <span class='ocrx_word' id='word_1_174' title='bbox 2327 2638 2685 2744; x_wconf 85' lang='grc' dir='ltr'>ἠγνόησεν</span> 
     </span>
     <span class='ocr_line' id='line_1_21' title="bbox 284 2763 2686 2870; baseline 0.002 -29"><span class='ocrx_word' id='word_1_175' title='bbox 284 2763 326 2840; x_wconf 83' lang='grc' dir='ltr'><em>ὃ</em></span> <span class='ocrx_word' id='word_1_176' title='bbox 379 2766 970 2867; x_wconf 75' lang='grc' dir='ltr'>προτεταγμένος,</span> <span class='ocrx_word' id='word_1_177' title='bbox 1014 2764 1132 2846; x_wconf 91' lang='grc' dir='ltr'>δια</span> <span class='ocrx_word' id='word_1_178' title='bbox 1183 2800 1264 2845; x_wconf 90' lang='grc' dir='ltr'>τε</span> <span class='ocrx_word' id='word_1_179' title='bbox 1315 2774 1529 2846; x_wconf 85' lang='grc' dir='ltr'>τοῦτο</span> <span class='ocrx_word' id='word_1_180' title='bbox 1586 2768 1951 2870; x_wconf 81' lang='grc' dir='ltr'>διερωτᾶν.</span> <span class='ocrx_word' id='word_1_181' title='bbox 2033 2773 2553 2870; x_wconf 87' lang='grc' dir='ltr'>παραχωροῦσι</span> <span class='ocrx_word' id='word_1_182' title='bbox 2608 2763 2686 2845; x_wconf 81' lang='grc' dir='ltr'>δὲ</span> 
     </span>
     <span class='ocr_line' id='line_1_22' title="bbox 284 2886 2684 2995; baseline 0.002 -30"><span class='ocrx_word' id='word_1_183' title='bbox 284 2892 578 2985; x_wconf 78' lang='grc' dir='ltr'>μᾶλλον</span> <span class='ocrx_word' id='word_1_184' title='bbox 614 2892 710 2973; x_wconf 85' lang='grc' dir='ltr'>ὡς</span> <span class='ocrx_word' id='word_1_185' title='bbox 745 2890 1140 2994; x_wconf 75' lang='grc' dir='ltr'>προῦχοντι</span> <span class='ocrx_word' id='word_1_186' title='bbox 1176 2886 1260 2968; x_wconf 79' lang='grc' dir='ltr'>τὸ</span> <span class='ocrx_word' id='word_1_187' title='bbox 1297 2887 1789 2995; x_wconf 84' lang='grc' dir='ltr'>κατάρχεσθαι</span> <span class='ocrx_word' id='word_1_188' title='bbox 1826 2886 2079 2991; x_wconf 88' lang='grc' dir='ltr'>λόγου,</span> <span class='ocrx_word' id='word_1_189' title='bbox 2118 2890 2235 2969; x_wconf 78' lang='grc' dir='ltr'>καὶ</span> <span class='ocrx_word' id='word_1_190' title='bbox 2276 2889 2684 2991; x_wconf 84' lang='grc' dir='ltr'>παρῤησίας</span> 
     </span>
    </p>

    <p class='ocr_par' dir='ltr' id='par_1_9' title="bbox 169 3009 2752 3615">
     <span class='ocr_line' id='line_1_23' title="bbox 169 3009 2684 3120; baseline -0.002 -25"><span class='ocrx_word' id='word_1_191' title='bbox 169 3038 261 3081; x_wconf 78' lang='lat'>²0</span> <span class='ocrx_word' id='word_1_192' title='bbox 282 3012 414 3109; x_wconf 80' lang='grc' dir='ltr'>τῆς</span> <span class='ocrx_word' id='word_1_193' title='bbox 466 3012 543 3089; x_wconf 85' lang='grc' dir='ltr'>ἐν</span> <span class='ocrx_word' id='word_1_194' title='bbox 594 3017 699 3119; x_wconf 78' lang='grc' dir='ltr'>τῷ</span> <span class='ocrx_word' id='word_1_195' title='bbox 754 3011 1370 3093; x_wconf 82' lang='grc' dir='ltr'>διαπυνθάνεσθαί</span> <span class='ocrx_word' id='word_1_196' title='bbox 1412 3019 1628 3120; x_wconf 88' lang='grc' dir='ltr'>φημι.</span> <span class='ocrx_word' id='word_1_197' title='bbox 1730 3009 1816 3093; x_wconf 79' lang='grc' dir='ltr'>τὸ</span> <span class='ocrx_word' id='word_1_198' title='bbox 1874 3011 2021 3117; x_wconf 79' lang='grc' dir='ltr'>γὰρ</span> <span class='ocrx_word' id='word_1_199' title='bbox 2077 3018 2177 3097; x_wconf 89' lang='grc' dir='ltr'>εἰς</span> <span class='ocrx_word' id='word_1_200' title='bbox 2238 3009 2684 3092; x_wconf 85' lang='grc' dir='ltr'>διδασκάλου</span> 
     </span>
     <span class='ocr_line' id='line_1_24' title="bbox 280 3132 2684 3234; baseline 0 -21"><span class='ocrx_word' id='word_1_201' title='bbox 280 3141 541 3214; x_wconf 88' lang='grc' dir='ltr'>λαλεῖν</span> <span class='ocrx_word' id='word_1_202' title='bbox 581 3134 828 3233; x_wconf 81' lang='grc' dir='ltr'>ἀκοὰς,</span> <span class='ocrx_word' id='word_1_203' title='bbox 870 3136 1031 3216; x_wconf 80' lang='grc' dir='ltr'>οὐδε</span> <span class='ocrx_word' id='word_1_204' title='bbox 1084 3143 1234 3220; x_wconf 89' lang='grc' dir='ltr'>τοῖς</span> <span class='ocrx_word' id='word_1_205' title='bbox 1290 3132 1475 3215; x_wconf 85' lang='grc' dir='ltr'>εἷναί</span> <span class='ocrx_word' id='word_1_206' title='bbox 1521 3170 1593 3215; x_wconf 92' lang='grc' dir='ltr'>τι</span> <span class='ocrx_word' id='word_1_207' title='bbox 1649 3140 2008 3234; x_wconf 86' lang='grc' dir='ltr'>δοκοῦσιν,</span> <span class='ocrx_word' id='word_1_208' title='bbox 2045 3137 2436 3217; x_wconf 89' lang='grc' dir='ltr'>ἀκίνδυνον.</span> <span class='ocrx_word' id='word_1_209' title='bbox 2511 3141 2684 3213; x_wconf 86' lang='grc' dir='ltr'>θαυ-</span> 
     </span>
     <span class='ocr_line' id='line_1_25' title="bbox 278 3257 2752 3364; baseline -0.002 -25"><span class='ocrx_word' id='word_1_210' title='bbox 278 3258 565 3359; x_wconf 84' lang='grc' dir='ltr'>μαστὸς</span> <span class='ocrx_word' id='word_1_211' title='bbox 616 3257 694 3340; x_wconf 89' lang='grc' dir='ltr'>δε</span> <span class='ocrx_word' id='word_1_212' title='bbox 747 3259 950 3341; x_wconf 76' lang='grc' dir='ltr'>οὐδὲν</span> <span class='ocrx_word' id='word_1_213' title='bbox 993 3260 1291 3360; x_wconf 62' lang='grc' dir='ltr'>ἥττον’</span> <span class='ocrx_word' id='word_1_214' title='bbox 1258 3294 1298 3339; x_wconf 96' lang='grc' dir='ltr'>ο</span> <span class='ocrx_word' id='word_1_215' title='bbox 1350 3258 1648 3364; x_wconf 82' lang='grc' dir='ltr'>Πέτρος,</span> <span class='ocrx_word' id='word_1_216' title='bbox 1695 3261 1824 3341; x_wconf 82' lang='grc' dir='ltr'>οὐκ</span> <span class='ocrx_word' id='word_1_217' title='bbox 1878 3263 2072 3341; x_wconf 90' lang='grc' dir='ltr'>αἰδοῖ</span> <span class='ocrx_word' id='word_1_218' title='bbox 2118 3268 2247 3341; x_wconf 86' lang='grc' dir='ltr'>τοῦ</span> <span class='ocrx_word' id='word_1_219' title='bbox 2299 3259 2402 3360; x_wconf 85' lang='grc' dir='ltr'>μὴ</span> <span class='ocrx_word' id='word_1_220' title='bbox 2458 3262 2684 3339; x_wconf 86' lang='grc' dir='ltr'>δοκεῖν</span> <span class='ocrx_word' id='word_1_221' title='bbox 2708 3269 2752 3334; x_wconf 94' lang='lat' dir='ltr'>b</span> 
     </span>
     <span class='ocr_line' id='line_1_26' title="bbox 280 3381 2680 3488; baseline 0 -27"><span class='ocrx_word' id='word_1_222' title='bbox 280 3417 459 3461; x_wconf 91' lang='grc' dir='ltr'>ειναι</span> <span class='ocrx_word' id='word_1_223' title='bbox 506 3381 738 3483; x_wconf 89' lang='grc' dir='ltr'>νωθὴς</span> <span class='ocrx_word' id='word_1_224' title='bbox 791 3382 925 3484; x_wconf 85' lang='grc' dir='ltr'>τὴν</span> <span class='ocrx_word' id='word_1_225' title='bbox 972 3382 1247 3483; x_wconf 89' lang='grc' dir='ltr'>ειδησιν</span> <span class='ocrx_word' id='word_1_226' title='bbox 1297 3390 1442 3464; x_wconf 78' lang='grc' dir='ltr'>τῶν</span> <span class='ocrx_word' id='word_1_227' title='bbox 1491 3383 1986 3486; x_wconf 88' lang='grc' dir='ltr'>ἀγνοηθέντων</span> <span class='ocrx_word' id='word_1_228' title='bbox 2022 3382 2467 3488; x_wconf 76' lang='grc' dir='ltr'>ζητούμενος,</span> <span class='ocrx_word' id='word_1_229' title='bbox 2508 3382 2680 3462; x_wconf 88' lang='grc' dir='ltr'>ἀλλ’</span> 
     </span>
     <span class='ocr_line' id='line_1_27' title="bbox 281 3503 2685 3615; baseline -0 -30"><span class='ocrx_word' id='word_1_230' title='bbox 281 3503 527 3613; x_wconf 79' lang='grc' dir='ltr'>ὀξυς’</span> <span class='ocrx_word' id='word_1_231' title='bbox 489 3512 604 3588; x_wconf 86' lang='grc' dir='ltr'>επὶ</span> <span class='ocrx_word' id='word_1_232' title='bbox 639 3540 725 3586; x_wconf 88' lang='grc' dir='ltr'>το</span> <span class='ocrx_word' id='word_1_233' title='bbox 761 3511 1022 3612; x_wconf 88' lang='grc' dir='ltr'>χρῆναι</span> <span class='ocrx_word' id='word_1_234' title='bbox 1056 3512 1479 3613; x_wconf 87' lang='grc' dir='ltr'>σοφοῦσθαι</span> <span class='ocrx_word' id='word_1_235' title='bbox 1515 3505 1805 3612; x_wconf 82' lang='grc' dir='ltr'>τρέχων,</span> <span class='ocrx_word' id='word_1_236' title='bbox 1843 3511 1961 3587; x_wconf 87' lang='grc' dir='ltr'>καὶ</span> <span class='ocrx_word' id='word_1_237' title='bbox 2002 3508 2350 3615; x_wconf 84' lang='grc' dir='ltr'>αἰσχύνης</span> <span class='ocrx_word' id='word_1_238' title='bbox 2391 3505 2685 3610; x_wconf 84' lang='grc' dir='ltr'>ἀκαίρου</span> 
     </span>
    </p>

    <p class='ocr_par' dir='ltr' id='par_1_10' title="bbox 168 3627 2775 4227">
     <span class='ocr_line' id='line_1_28' title="bbox 168 3627 2775 3738; baseline 0.001 -32"><span class='ocrx_word' id='word_1_239' title='bbox 168 3658 256 3721; x_wconf 83' lang='lat'>25</span> <span class='ocrx_word' id='word_1_240' title='bbox 282 3632 652 3734; x_wconf 88' lang='grc' dir='ltr'>κρείττονα</span> <span class='ocrx_word' id='word_1_241' title='bbox 698 3627 831 3730; x_wconf 87' lang='grc' dir='ltr'>τὴν</span> <span class='ocrx_word' id='word_1_242' title='bbox 880 3632 958 3712; x_wconf 83' lang='grc' dir='ltr'>ἐκ</span> <span class='ocrx_word' id='word_1_243' title='bbox 1010 3634 1138 3731; x_wconf 85' lang='grc' dir='ltr'>τῆς</span> <span class='ocrx_word' id='word_1_244' title='bbox 1194 3631 1672 3738; x_wconf 88' lang='grc' dir='ltr'>φιλομαθείας</span> <span class='ocrx_word' id='word_1_245' title='bbox 1728 3628 1983 3731; x_wconf 79' lang='grc' dir='ltr'>ὄνησιν</span> <span class='ocrx_word' id='word_1_246' title='bbox 2025 3631 2532 3733; x_wconf 86' lang='grc' dir='ltr'>ποιησάμενος,</span> <span class='ocrx_word' id='word_1_247' title='bbox 2567 3630 2688 3710; x_wconf 81' lang='grc' dir='ltr'>ἵνα</span> <span class='ocrx_word' id='word_1_248' title='bbox 2770 3638 2775 3643; x_wconf 82' lang='grc'><strong>’</strong></span> 
     </span>
     <span class='ocr_line' id='line_1_29' title="bbox 281 3750 2686 3862; baseline -0.002 -26"><span class='ocrx_word' id='word_1_249' title='bbox 281 3755 508 3838; x_wconf 80' lang='grc' dir='ltr'>τύπος</span> <span class='ocrx_word' id='word_1_250' title='bbox 561 3761 711 3839; x_wconf 89' lang='grc' dir='ltr'>τοῖς</span> <span class='ocrx_word' id='word_1_251' title='bbox 762 3755 925 3854; x_wconf 88' lang='grc' dir='ltr'>μεθ’</span> <span class='ocrx_word' id='word_1_252' title='bbox 962 3751 1216 3834; x_wconf 79' lang='grc' dir='ltr'>ἑαυτὸν</span> <span class='ocrx_word' id='word_1_253' title='bbox 1252 3756 1389 3834; x_wconf 88' lang='grc' dir='ltr'>κάν</span> <span class='ocrx_word' id='word_1_254' title='bbox 1429 3752 1664 3862; x_wconf 74' lang='grc' dir='ltr'>τούτῳ</span> <span class='ocrx_word' id='word_1_255' title='bbox 1712 3753 2021 3857; x_wconf 87' lang='grc' dir='ltr'>γένηται.</span> <span class='ocrx_word' id='word_1_256' title='bbox 2106 3760 2253 3835; x_wconf 90' lang='grc' dir='ltr'>δεῖν</span> <span class='ocrx_word' id='word_1_257' title='bbox 2295 3753 2440 3857; x_wconf 82' lang='grc' dir='ltr'>γὰρ</span> <span class='ocrx_word' id='word_1_258' title='bbox 2490 3750 2686 3852; x_wconf 85' lang='grc' dir='ltr'>οἶμαι</span> 
     </span>
     <span class='ocr_line' id='line_1_30' title="bbox 280 3874 2687 3984; baseline -0.002 -25"><span class='ocrx_word' id='word_1_259' title='bbox 280 3875 385 3979; x_wconf 83' lang='grc' dir='ltr'>μὴ</span> <span class='ocrx_word' id='word_1_260' title='bbox 420 3876 893 3984; x_wconf 86' lang='grc' dir='ltr'>παρατρέχειν</span> <span class='ocrx_word' id='word_1_261' title='bbox 928 3880 1052 3957; x_wconf 81' lang='grc' dir='ltr'>ε’ἂν</span> <span class='ocrx_word' id='word_1_262' title='bbox 1086 3874 1254 3963; x_wconf 76' lang='grc' dir='ltr'>τοὺς</span> <span class='ocrx_word' id='word_1_263' title='bbox 1300 3883 1447 3958; x_wconf 81' lang='grc' dir='ltr'>τῶν</span> <span class='ocrx_word' id='word_1_264' title='bbox 1483 3878 1974 3960; x_wconf 86' lang='grc' dir='ltr'>διδασκόντων</span> <span class='ocrx_word' id='word_1_265' title='bbox 2010 3877 2308 3980; x_wconf 89' lang='grc' dir='ltr'>λόγους,</span> <span class='ocrx_word' id='word_1_266' title='bbox 2350 3877 2544 3980; x_wconf 82' lang='grc' dir='ltr'>εἴπερ</span> <span class='ocrx_word' id='word_1_267' title='bbox 2595 3874 2687 3955; x_wconf 79' lang='grc' dir='ltr'>ἂν</span> 
     </span>
     <span class='ocr_line' id='line_1_31' title="bbox 281 3997 2685 4107; baseline -0.001 -25"><span class='ocrx_word' id='word_1_268' title='bbox 281 3997 423 4082; x_wconf 83' lang='grc' dir='ltr'>εἶεν</span> <span class='ocrx_word' id='word_1_269' title='bbox 459 4000 543 4081; x_wconf 79' lang='grc' dir='ltr'>οὗ</span> <span class='ocrx_word' id='word_1_270' title='bbox 590 3998 889 4107; x_wconf 89' lang='grc' dir='ltr'>σφόδρα</span> <span class='ocrx_word' id='word_1_271' title='bbox 935 4006 1220 4106; x_wconf 91' lang='grc' dir='ltr'>σαφεῖς,</span> <span class='ocrx_word' id='word_1_272' title='bbox 1258 4000 1375 4080; x_wconf 83' lang='grc' dir='ltr'>ἵνα</span> <span class='ocrx_word' id='word_1_273' title='bbox 1423 4000 1606 4084; x_wconf 77' lang='grc' dir='ltr'>τινὲς</span> <span class='ocrx_word' id='word_1_274' title='bbox 1658 3997 1836 4081; x_wconf 83' lang='grc' dir='ltr'>εἰναι</span> <span class='ocrx_word' id='word_1_275' title='bbox 1890 4002 2207 4101; x_wconf 80' lang='grc' dir='ltr'>δοκῶμεν</span> <span class='ocrx_word' id='word_1_276' title='bbox 2263 4001 2551 4105; x_wconf 87' lang='grc' dir='ltr'>ἀγχίνοι</span> <span class='ocrx_word' id='word_1_277' title='bbox 2605 4032 2685 4080; x_wconf 87' lang='grc' dir='ltr'>τε</span> 
     </span>
     <span class='ocr_line' id='line_1_32' title="bbox 279 4122 2686 4227; baseline 0 -23"><span class='ocrx_word' id='word_1_278' title='bbox 279 4125 453 4204; x_wconf 89' lang='grc' dir='ltr'>λίαν</span> <span class='ocrx_word' id='word_1_279' title='bbox 506 4126 623 4205; x_wconf 85' lang='grc' dir='ltr'>καὶ</span> <span class='ocrx_word' id='word_1_280' title='bbox 689 4125 958 4227; x_wconf 86' lang='grc' dir='ltr'>δριμεῖς</span> <span class='ocrx_word' id='word_1_281' title='bbox 1020 4128 1119 4209; x_wconf 89' lang='grc' dir='ltr'>εἰς</span> <span class='ocrx_word' id='word_1_282' title='bbox 1177 4123 1499 4204; x_wconf 82' lang='grc' dir='ltr'>σύνεσιν·</span> <span class='ocrx_word' id='word_1_283' title='bbox 1572 4122 2185 4205; x_wconf 84' lang='grc' dir='ltr'>διαπυνθάνεσθαι</span> <span class='ocrx_word' id='word_1_284' title='bbox 2249 4122 2324 4204; x_wconf 81' lang='grc' dir='ltr'>δὲ</span> <span class='ocrx_word' id='word_1_285' title='bbox 2391 4130 2686 4223; x_wconf 81' lang='grc' dir='ltr'>μᾶλλον</span> 
     </span>
    </p>

    <p class='ocr_par' dir='ltr' id='par_1_11' title="bbox 166 4244 2748 4480">
     <span class='ocr_line' id='line_1_33' title="bbox 166 4244 2748 4354; baseline 0.001 -29"><span class='ocrx_word' id='word_1_286' title='bbox 166 4283 256 4343; x_wconf 84' lang='lat'>30</span> <span class='ocrx_word' id='word_1_287' title='bbox 279 4252 400 4330; x_wconf 84' lang='grc' dir='ltr'>καί</span> <span class='ocrx_word' id='word_1_288' title='bbox 453 4246 974 4328; x_wconf 85' lang='grc' dir='ltr'>ἀνασκαλεύειν</span> <span class='ocrx_word' id='word_1_289' title='bbox 1026 4244 1523 4347; x_wconf 80' lang='grc' dir='ltr'>ἐπιστημόνως</span> <span class='ocrx_word' id='word_1_290' title='bbox 1575 4244 1662 4327; x_wconf 80' lang='grc' dir='ltr'>τὸ</span> <span class='ocrx_word' id='word_1_291' title='bbox 1716 4249 1793 4327; x_wconf 85' lang='grc' dir='ltr'>ἐν</span> <span class='ocrx_word' id='word_1_292' title='bbox 1847 4250 2039 4354; x_wconf 82' lang='grc' dir='ltr'>ἀρχῇ</span> <span class='ocrx_word' id='word_1_293' title='bbox 2096 4244 2543 4352; x_wconf 77' lang='grc' dir='ltr'>παραδεχθὲν</span> <span class='ocrx_word' id='word_1_294' title='bbox 2587 4252 2683 4332; x_wconf 90' lang='grc' dir='ltr'>εἰς</span> <span class='ocrx_word' id='word_1_295' title='bbox 2710 4282 2748 4328; x_wconf 86' lang='grc' dir='ltr'>ο</span> 
     </span>
     <span class='ocr_line' id='line_1_34' title="bbox 280 4368 2687 4480; baseline 0.001 -27"><span class='ocrx_word' id='word_1_296' title='bbox 280 4370 563 4472; x_wconf 79' lang='grc' dir='ltr'>ὄνησιν.</span> <span class='ocrx_word' id='word_1_297' title='bbox 670 4369 865 4452; x_wconf 77' lang='grc' dir='ltr'>πολὺ</span> <span class='ocrx_word' id='word_1_298' title='bbox 945 4371 1090 4475; x_wconf 80' lang='grc' dir='ltr'>γὰρ</span> <span class='ocrx_word' id='word_1_299' title='bbox 1163 4372 1469 4472; x_wconf 87' lang='grc' dir='ltr'>ἀμείνων</span> <span class='ocrx_word' id='word_1_300' title='bbox 1542 4371 1587 4470; x_wconf 86' lang='grc' dir='ltr'><em>ἦ</em></span> <span class='ocrx_word' id='word_1_301' title='bbox 1657 4378 1784 4450; x_wconf 87' lang='grc' dir='ltr'>τοῦ</span> <span class='ocrx_word' id='word_1_302' title='bbox 1846 4368 2345 4480; x_wconf 84' lang='grc' dir='ltr'>συμφέροντος</span> <span class='ocrx_word' id='word_1_303' title='bbox 2416 4377 2687 4475; x_wconf 81' lang='grc' dir='ltr'>γνῶσις</span> 
     </span>
    </p>
   </div>
   <div class='ocr_carea' id='block_1_8' title="bbox 1160 4554 1837 4629">
    <p class='ocr_par' dir='ltr' id='par_1_12' title="bbox 1160 4554 1837 4629">
     <span class='ocr_line' id='line_1_35' title="bbox 1160 4554 1837 4629; baseline 0.001 -17"><span class='ocrx_word' id='word_1_304' title='bbox 1160 4575 1214 4624; x_wconf 87' lang='grc'>4.</span> <span class='ocrx_word' id='word_1_305' title='bbox 1249 4554 1723 4629; x_wconf 79' lang='grc' dir='ltr'>φιλοσοφῆσοντες</span> <span class='ocrx_word' id='word_1_306' title='bbox 1749 4555 1837 4619; x_wconf 82' lang='grc' dir='ltr'>Ε.,</span> 
     </span>
    </p>
   </div>
  </div>
 </body>
</html>
