3238 5158
258 262 484 332 ix.16.
602 266 757 347 ‚IN
819 268 887 333 s,
934 267 1449 336 JOANNEM.
1538 245 1734 336 mn.
1766 268 1888 334 v1.
1978 269 2185 335 οΑΡ.
2230 268 2287 334 1.
2544 267 2670 336 167

264 432 644 534 ἁμαρτίαν.
765 432 944 513 ὅλον
1022 431 1098 514 δὲ
1168 432 1733 537 παραλελῦσθαι
1813 431 1941 515 τὸν
2014 432 2236 533 νόμον
2308 431 2670 518 ἀσυνέτως

264 556 698 637 πιστεύουσι
728 558 819 637 ’δι’
860 555 1019 642 ἑνὸς
1055 558 1421 638 δακτύλου
1469 557 1758 658 κίνησιν
1789 559 1866 638 ἐν
1899 556 2265 668 σαββάτῳ
2305 568 2663 657 τετολμη-

268 678 511 780 μένην,
555 681 783 761 καίτοι
829 685 958 781 τῆς
1013 678 1295 787 φάτνης
1349 715 1478 762 τον
1524 688 1708 777 βοῦν
1757 680 2061 766 ἀνιέντες
2115 683 2337 779 αὐτοι,
2384 683 2501 761 καὶ
2554 682 2590 759 ἐ
2648 680 2667 706 ’
2759 674 2961 803 Ξϋξξζ·

271 805 465 907 ὕδωρ
538 804 1107 910 ἀποκομίζοντες,
1177 804 1383 884 ἀλλὰ
1455 808 1574 887 καὶ
1644 811 1705 886 εἶ
1778 805 2154 910 πρόβατον
2226 811 2322 890 εἶς
2398 801 2671 908 βόθρον
2695 836 2732 877 a
2766 823 2906 878 609
2927 820 3008 876 Α.

207 943 245 1005 5
271 928 595 1026 ἐμπέσοι,
636 928 821 1009 κατὰ
868 963 954 1009 το
1003 927 1525 1032 γεγραμμένον,
1562 933 1678 1010 καὶ
1714 939 1928 1010 τοῦτο
1964 964 2106 1011 συν
2139 934 2391 1036 πολλῇ
2439 931 2663 1009 διανι-
2761 897 3013 1013 {nufflh‘

270 1049 582 1136 στάντες
633 1055 949 1156 σπουδῇ.
1030 1054 1285 1133 οὐκοῦν
1327 1050 1723 1155 διυλίζουσι
1774 1052 1900 1134 τὸν
1936 1051 2269 1151 κώνωπα,
2307 1050 2489 1133 κατὰ
2543 1050 2678 1152 τὴν
2763 1052 2848 1185 {2
2868 1051 3012 1102 “²¹¹⁶

270 1184 404 1256 τοῦ
443 1180 782 1280 Σωτῆρος
817 1175 1092 1284 φωνήν·
1154 1184 1368 1257 τοῦτο
1404 1175 1551 1280 γὰρ
1586 1175 1677 1278 ἦν
1713 1177 1790 1257 ἐν
1827 1178 2067 1262 αὐτοῖς
2101 1180 2178 1258 ἐν
2215 1177 2354 1257 ἔθει
2388 1182 2673 1285 πολλῷ·

271 1298 614 1406 ἀφρόνως
669 1297 744 1379 δὲ
799 1299 1097 1408 σφόδρα
1153 1303 1269 1381 καὶ
1333 1302 1505 1380 λίαν
1559 1301 2136 1403 ἀπεγνωσμένως
2189 1302 2318 1381 οὐκ
2373 1303 2669 1382 ἀποτιν-

272 1424 521 1510 νύντες
554 1424 640 1506 τὸ
677 1431 917 1524 θαῦμα
953 1430 1280 1534 Χριστῷ,
1318 1423 1479 1506 οὐδὲ
1529 1427 1607 1506 ἐκ
1652 1433 1782 1506 τοῦ
1826 1426 2402 1529 κατορθώματος,
2440 1424 2547 1508 τίς
2586 1421 2680 1504 ἂν

167 1578 248 1618 10
272 1547 380 1650 εἴη
420 1549 681 1630 λοιπὸν
716 1549 1211 1651 ἐπιγινώσκειν
1247 1547 1464 1629 αὐτὸν
1500 1547 1935 1655 ἀνεχόμενοι,
1973 1556 2502 1650 μικρολογοῦσι
2553 1546 2677 1627 διὰ

272 1671 361 1754 τὸ
434 1671 842 1772 σάββατον,
916 1676 1035 1754 καὶ
1105 1670 1358 1779 ὥσπερ
1429 1672 1725 1774 ἀπάσης
1798 1671 2366 1777 κατορθουμένης
2440 1673 2678 1757 αὐτοῖς

273 1800 532 1901 ἀρετῆς
586 1795 705 1877 διὰ
755 1795 980 1899 μόνου
1034 1805 1164 1878 τοῦ
1217 1798 1465 1901 ἀργεῖν
1510 1800 1585 1878 ἐν
1635 1796 2021 1906 σαββάτῳ,
2064 1802 2193 1899 τῆς
2251 1794 2436 1900 πρὸς
2486 1794 2680 1878 Θεὸν

275 1920 703 2024 οἰκειότητος
777 1919 1201 2026 ὁλοκλήρως
1284 1919 1799 2023 ἐκπέμπουσιν,
1879 1927 1996 2002 οὐκ
2080 1917 2255 2002 εἶναι
2344 1920 2680 2022 λέγοντες
2702 1939 2746 2005 b

279 2044 499 2126 αὐτον
563 2043 761 2156 παραὶ
835 2047 1028 2143 Θεοῦ,
1104 2045 1334 2126 καίτοι
1406 2052 1705 2144 μᾶλλον
1777 2048 1996 2152 ἐχρῆν
2066 2045 2196 2126 τὸν
2269 2050 2414 2126 τῶν
2485 2045 2681 2125 ἰδίων

171 2193 253 2254 15
279 2168 925 2326 κατεξουσιάζοντα
980 2167 1218 2270 νόμων
1272 2170 1410 2270 ἤδη
1467 2165 1796 2272 παρόντα
1852 2176 2055 2268 νοεῖν,
2111 2173 2229 2250 καὶ
2289 2168 2399 2249 ὅτι
2457 2168 2682 2275 φίλον

277 2330 414 2395 μεν
458 2300 576 2375 καὶ
627 2293 907 2399 αιρετὸν
944 2299 1047 2400 τῷ
1094 2298 1262 2400 Θεῷ
1314 2292 1400 2372 τὸ
1456 2295 1576 2373 καὶ
1630 2294 1707 2373 ἐν
1750 2292 2116 2402 σαββάτῳ
2170 2295 2676 2396 ἀγαθουργεῖν,

282 2422 402 2500 καὶ
473 2416 603 2500 τὸν
665 2419 868 2500 ἐλέου
932 2418 1287 2515 δεόμενον,
1348 2421 1475 2517 τῆς
1539 2417 1831 2503 ἐλπίδος
1903 2419 2032 2498 οὐκ
2097 2419 2381 2525 ἀφεῖναι
2447 2413 2676 2498 κενόν.

281 2541 459 2625 πότε
513 2542 653 2647 γάρ
700 2577 811 2628 τις
861 2543 991 2623 οὐκ
1038 2538 1128 2622 ἀν
1168 2540 1536 2623 ἐπαινέσαι
1582 2538 1714 2623 τὸν
1755 2548 1903 2622 τῶν
1939 2545 2232 2646 ἀγαθῶν
2269 2540 2599 2646 ἐργάτην,
2635 2536 2681 2643 ἢ

282 2673 488 2753 ποῖος
534 2673 662 2769 τῆς
714 2669 969 2772 ἀρετῆς
1016 2664 1634 2773 κατατυραννήσει
1682 2664 1973 2769 καιρός·
1952 2728 1975 2766 ,
2042 2670 2107 2746 οἶ
2158 2667 2233 2747 δὲ
2282 2668 2508 2747 καίτοι
2556 2662 2684 2746 τὸν

173 2826 257 2867 20
283 2796 585 2898 ἀρχαῖον
621 2794 884 2872 ἐκεῖνον
921 2788 1436 2893 θαυμάζοντες’
1444 2794 1710 2890 Ιησοῦν
1748 2786 2010 2870 ἑλόντα
2043 2790 2174 2890 μὲν
2210 2793 2286 2870 ἐν
2320 2788 2684 2898 σαββάτῳ
2772 2791 2970 2925 {2⁸³¹-

281 2915 418 3017 τὴν
452 2915 748 3022 Ιεριχὼ,
794 2920 975 3019 δρᾶν
1020 2913 1097 2994 δὲ
1145 2913 1238 2995 τὰ
1288 2920 1438 2998 τοῖς
1489 2920 1744 2995 νικῶσι
1789 2911 2073 3014 συνήθη
2121 2921 2271 2999 τοῖς
2317 2909 2684 3017 πατράσιν
2708 2944 2744 2988 e

282 3041 522 3121 αὐτῶν
595 3037 1085 3143 διατεταχότα,
1159 3043 1278 3117 καὶ
1346 3039 1517 3142 παρ’
1595 3034 1799 3117 οὐδὲν
1872 3035 2062 3122 ὅλως
2135 3071 2221 3117 το
2293 3039 2539 3142 ἀργεῖν
2607 3037 2687 3118 ἐν

281 3160 650 3271 σαββάτῳ
699 3167 958 3267 χρῆναι
1005 3157 1517 3262 ποιησάμενον,
1568 3160 1992 3267 ἐπιφύονται
2046 3166 2151 3269 τῷ
2195 3167 2525 3269 Χριστῷ,
2568 3165 2688 3243 καὶ

282 3287 469 3368 ὅσον
503 3293 603 3370 εἷς
653 3287 840 3367 ἰδίαν
881 3284 1281 3384 κακόνοιαν,
1317 3287 1447 3365 οὐκ
1499 3285 1792 3392 ἐξωθεῖν
1835 3285 2240 3388 ἐπείγονται
2290 3285 2515 3386 μόνον
2560 3289 2686 3385 τῆς

173 3434 255 3496 ²5
282 3418 721 3515 θεοπρεποῦς
777 3407 997 3517 δόξης
1052 3407 1289 3506 αὑτὸν,
1347 3408 1551 3489 ἀλλὰ
1603 3412 1724 3489 καὶ
1776 3415 1924 3494 τοῖς
1981 3410 2212 3513 ἁγίοις
2268 3410 2688 3515 πρεπούσης

281 3538 776 3637 ἀποστεροῦσι
823 3537 1052 3633 τιμῆς.
1128 3538 1598 3632 εἶκαιομυθεῖν
1647 3531 1724 3613 δὲ
1772 3532 2071 3683 σφόδρα
2122 3534 2238 3614 διὰ
2286 3533 2509 3634 μόνης
2556 3537 2686 3633 τῆς

281 3665 507 3764 σφῶν
541 3656 947 3754 βασκανίας
983 3655 1546 3757 ἀναπειθόμενοι,
1581 3655 1718 3758 τὴν
1751 3657 1860 3736 ἐπ’
1900 3657 2202 3764 ἀσεβεία
2252 3655 2685 3762 καταχέουσι

282 3788 548 3890 ψῆφον
604 3790 735 3863 τοῦ
791 3786 1228 3867 δικαιοῦντος
1295 3814 1425 3861 τον
1480 3779 1788 3922 κόσμον,
1841 3813 1960 3862 και
2026 3779 2146 3861 διὰ
2209 3789 2423 3863 τοῦτο
2483 3814 2685 3884 παρα

284 3905 580 4012 Πατρος
618 3908 716 3990 ὡς
752 3904 937 4006 ἡμᾶς
972 3902 1393 4013 ἆφιγμενου.

2708 4042 2754 4108 d

351 4180 407 4220 2.
668 4157 824 4231 μένον
846 4175 895 4214 c.
923 4156 1090 4216 Cord.
1362 4172 1418 4231 5.
1455 4156 1677 4228 ἐμπέσοι
1704 4155 2307 4227 Β.ι.ο.0οτ(1.ἐμπεσεῖ
2332 4154 2515 4212 Holst.
2538 4154 2686 4212 unde

278 4234 484 4318 ἐμπέσῃ
509 4234 658 4287 Au.
754 4230 1108 4288 διαναστάντες
1130 4246 1179 4287 c.
1204 4227 1371 4287 Cord.
1396 4230 1762 4286 διαναστάντες
1787 4228 1891 4284 Ed.
2073 4228 2258 4318 .γὰρ
2251 4226 2685 4283 om.Aub.1v

277 4306 429 4378 prius
453 4311 803 4371 assumptum
826 4318 892 4355 ex
917 4300 986 4357 B.
1427 4301 1482 4357 8.
1518 4297 1876 4357 ἀποτιννῦντες
1899 4298 1968 4355 Β.
2225 4301 2554 4355 marom.-
2577 4295 2684 4354 Ed.

280 4378 365 4435 16.
400 4378 462 4433 ἐν
483 4373 785 4438 σαββάτοις
806 4389 858 4427 ει.
1018 4387 1105 4443 19.
1142 4368 1336 4455 καίτοι]
1362 4372 1448 4427 καὶ
1468 4374 1631 4427 ταῦτα
1652 4388 1702 4427 ι.
1858 4385 1948 4425 22.
1984 4370 2046 4425 τὸ
2061 4267 2273 4441 ιίῖξΥεῖν]
2299 4371 2362 4424 τὸ
2384 4368 2613 4440 ἐνεργεῖν
2632 4383 2685 4424 ι.

273 4466 362 4519 24.
396 4449 566 4517 μόνον
587 4441 803 4513 ἐξωθεῖν
825 4440 1154 4514 ἐπάγονται
1139 4460 1357 4499 mvmo
1379 4441 1569 4501 ordine
1589 4459 1641 4499 ο..
1855 4439 1948 4497 26.
1978 4439 2341 4511 ἀποστερῆσαι
2363 4457 2415 4496 ει.
