3238 5158
184 335 316 401 xvi.
345 351 406 419 7.
543 335 651 401 IN
713 336 781 401 S.
831 336 1348 403 JOANNEM.
1442 338 1640 403 LIB.
1689 339 1772 404 X.
1864 339 2072 405 CAP.
2122 337 2217 403 ΙΙ.
2455 337 2584 402 617

176 503 419 603 μένοις
452 506 747 606 ἀγαπᾶν
778 509 905 606 τῆς
931 505 1330 607 ἀποδημίας
1368 506 1496 586 οὐκ
1532 506 1774 585 ε’ὣσαν
1828 503 1913 584 τὸ
1951 503 2178 585 αἴτιον
2229 507 2581 604 ἐκμαθεῖν,

177 627 410 709 καίτοι
444 625 742 729 πολλὴν
776 630 1066 736 ἔχοντος
1099 637 1230 710 τοῦ
1266 628 1519 710 εἰδέναι
1557 627 1691 730 τὴν
1727 628 2005 731 ὄνησιν.
2075 739 2088 750 ‚

2604 787 2649 854 b

164 875 342 941 Ἀλλ’
389 876 524 952 &reb
575 876 695 944 ‘ru-'nv
741 878 1057 946 ἀλήθειαν
1111 876 1256 959 ὑμῖν
1310 880 1504 961 Λὲι-ω,
1554 881 1873 970 συμφέρει
1925 873 2070 955 ὑμῖν
2124 876 2232 943 ἵνα
2285 874 2642 953 ‹infima-7

192 1068 206 1080 ,
279 1001 398 1068 ἐὰν
477 1001 599 1094 Γὰρ
676 1003 765 1081 μή
849 1005 1141 1087 ἀπέλθω,
1217 1008 1255 1074 ὁ
1338 1007 1766 1096 παράκλητος
1846 1004 1921 1070 οὐ
2000 1004 2089 1082 μὴ
2168 1003 2332 1093 ἔλθῃ
2412 1003 2578 1090 πρὸς

104 1149 143 1210 5
280 1130 464 1205 ὑμᾶς.

293 1301 544 1407 Θερμὴ
590 1302 721 1405 μὲν
756 1302 902 1409 γὰρ
941 1308 1120 1407 ὑμᾶς
1165 1305 1588 1409 κατεδήδοκε
1643 1306 1872 1408 λύπη,
1914 1309 2129 1412 φησὶ,
2166 1308 2284 1386 καὶ
2329 1303 2578 1409 δριμὺς

172 1426 480 1536 ἐτάραξε
551 1428 795 1514 πόνος.
895 1432 980 1512 οὐ
1051 1430 1197 1536 γὰρ
1271 1433 1783 1536 ἀταλαίπωρον
1855 1433 2126 1516 ἑαυτοῖς
2202 1428 2332 1511 τὸν
2403 1427 2578 1529 ε’μὸν

173 1552 482 1634 ἔσεσθαι
533 1554 912 1660 χωρισμὸν
964 1553 1433 1665 ὑπειλήφατε,
1475 1555 1775 1663 σφόδρα
1820 1562 2251 1664 φρονοῦντες
2307 1554 2565 1658 ὀρθῶς.

171 1685 686 1781 περιπεσεῖσθε
723 1678 868 1785 γὰρ
899 1677 1190 1765 πάντως
1220 1678 1325 1765 οἷς
1360 1682 1498 1783 ἤδη
1533 1681 1925 1785 προείρηκα
1959 1684 2415 1783 πειρασμοῖς,
2457 1680 2573 1758 καὶ

66 1836 143 1877 ιο
171 1805 307 1903 τῆς
349 1809 495 1883 τῶν
546 1802 949 1885 διωκόντων
996 1801 1463 1906 ἀνοσιότητος
1520 1807 1926 1904 ὑπομενεῖτε
1980 1801 2112 1903 τὴν
2154 1798 2569 1905 ἀγριότητα.
2598 1838 2635 1882 ο

168 1930 434 2034 χρῆναι
481 1926 571 2029 δὴ
608 1928 736 2009 οὖν
769 1929 875 2008 ἀεὶ
924 1935 1073 2009 τῶν
1107 1929 1424 2030 ἡδίστων
1475 1925 1562 2010 τὸ
1616 1927 1997 2036 συμφέρον
2041 1925 2576 2032 προτάττεσθαι

171 2049 656 2155 λογιζόμενος,
712 2055 849 2155 ε’ρῶ
920 2051 1104 2158 πρὸς
1177 2055 1361 2154 ὑμᾶς
1432 2051 1540 2148 thr
1613 2049 1951 2150 ἀλήθειαν,
2045 2048 2364 2160 συμφέρει
2422 2052 2577 2155 ὑμῖν

164 2175 286 2258 ἵνα.
323 2173 460 2280 ἐγῶ
495 2173 802 2258 ἀπέλθω.
867 2181 983 2258 καὶ
1030 2175 1271 2259 πάντα
1317 2176 1449 2278 μὲν
1481 2177 1576 2259 τὰ
1627 2176 1948 2278 νοήματα
2000 2181 2102 2285 τῷ
2158 2174 2332 2280 ὑπὲρ
2389 2175 2575 2275 ἡμᾶς

168 2300 805 2406 παραχωρήσομεν
843 2304 1125 2405 Σωτῆρι
1161 2306 1491 2411 Χριστῷ,
1524 2300 1727 2402 πλὴν
1771 2303 1856 2381 οὐ
1897 2301 2199 2404 μετρίως
2243 2296 2335 2381 ἂν
2379 2295 2577 2400 οἶμαι

63 2447 139 2510 15
169 2422 612 2525 θορυβήσειν
665 2422 1028 2506 δύνασθαί
1073 2460 1234 2506 τινα
1287 2433 1434 2507 τῶν
1479 2425 2001 2529 ἁπλουστέρων
2044 2423 2131 2506 τὸ
2177 2422 2567 2527 εἰρημένον.

165 2555 521 2650 λογιεῖται
566 2548 712 2654 γὰρ
757 2548 1045 2634 πάντως
1089 2552 1311 2632 ε’κεῖνο
1365 2550 1533 2631 καθ’
1593 2547 1845 2632 ἑαυτὸν
1904 2552 2021 2632 καὶ
2076 2545 2569 2656 διασκέψεται,

167 2676 274 2759 ὦς
310 2674 503 2777 εἴπερ
547 2671 637 2775 ἦν
673 2672 962 2776 ἄμεινον
996 2673 1082 2756 τὸ
1119 2677 1586 2776 ἀποδημῆσαι
1623 2674 1977 2779 Χριστὸν,
2012 2672 2096 2755 τὸ
2134 2674 2275 2778 ἄρα
2309 2681 2565 2777 παρεῖ-

168 2832 292 2879 ναι
334 2802 462 2897 τῆς
512 2797 697 2878 κατά
729 2833 801 2879 τι
846 2807 1026 2902 γοῦν
1060 2798 1308 2904 ζημίας
1357 2800 1441 2879 οὐ
1488 2799 1660 2879 λίαν
1695 2796 2149 2900 ἀπήλλακτο·
2227 2800 2346 2878 καὶ
2388 2800 2446 2876 εἰ
2481 2794 2567 2877 τὸ
2594 2816 2638 2880 d

167 2920 552 3030 συμφέρον
589 2923 758 3022 ἡμῖν
792 2923 871 3003 ἐν
903 2928 1009 3031 τῷ
1052 2924 1381 3004 ἀνελθεῖν
1422 2920 1661 3021 αὐτὸν,
1705 2928 1861 3007 πῶς
1901 2924 2059 3029 οὐχὶ
2108 2920 2194 3003 τὸ
2250 2921 2569 3001 ἐναντίον

59 3085 137 3126 20
166 3049 251 3128 ἐκ
295 3056 423 3128 τοῦ
470 3045 572 3149 μὴ
619 3050 961 3128 ἀπελθεῖν
1013 3045 1522 3148 συμβήσεται,
1604 3049 1723 3128 καὶ
1773 3045 2164 3150 θορυβήσει
2209 3043 2341 3145 μὲν
2390 3044 2570 3129 ’ίσως

172 3168 377 3256 τινὰς
435 3178 584 3252 τῶν
646 3171 993 3275 ἀκεραίων
1048 3170 1134 3251 τὸ
1188 3168 1488 3274 ζήτημα·
1566 3170 1768 3273 πλὴν
1824 3171 1865 3249 ὃ
1919 3170 2211 3253 συνέσει
2264 3175 2355 3276 τῇ
2412 3169 2570 3278 θείᾳ

169 3294 825 3401 διακυβερνῶμενος
894 3293 1076 3400 πρὸς
1142 3297 1404 3399 ἀκριβῆ
1468 3301 1615 3377 τῶν
1679 3294 2062 3400 εἰρημένων
2123 3294 2567 3404 κατάληψιν,

164 3419 302 3500 οὐκ
372 3416 465 3499 ἀν
523 3419 713 3521 ὅλως
787 3416 981 3521 οἶμαι
1052 3420 1624 3522 σκανδαλισθείη
1685 3419 1882 3518 ποτὲ,
1945 3417 2428 3528 διασκέψηται
2489 3420 2568 3502 δὲ

161 3548 459 3642 μᾶλλον
503 3542 631 3624 τὸν
673 3551 822 3628 τοῖς
863 3544 1252 3648 εἰρημένοις
1293 3543 1662 3648 πρέποντα
1707 3552 1894 3627 νοῦν.

51 3695 134 3758 25
282 3671 566 3770 Χρῆναι
620 3675 1000 3771 τοιγαροῦν
1032 3665 1179 3771 πρὸ
1234 3675 1380 3749 τῶν
1433 3668 1691 3749 ἀλλων
1736 3666 2075 3749 ἀπάντων
2117 3668 2336 3750 ἐκεῖνό
2372 3674 2563 3776 φημι

161 3788 711 3893 διαλογίζεσθαί
757 3826 833 3873 τε
888 3795 1009 3872 καὶ
1063 3790 1309 3872 εἰδέναι
1365 3799 1649 3900 σαφῶς,
1703 3792 1813 3875 ὅτι
1860 3789 2044 3873 κατὰ
2093 3790 2177 3873 τὸ
2230 3827 2554 3896 γεγραμ-
2586 3839 2623 3884 0

158 3913 380 4014 μένον
438 3925 484 3963 “
512 3913 783 4021 Καιρὸς
835 3921 939 4023 τῷ
992 3918 1209 3997 παντὶ
1263 3916 1695 4021 πράγματι,”
1757 3919 1875 3997 καὶ
1934 3915 2176 3998 πάντα
2234 3916 2430 3998 καλὰ
2486 3920 2563 3998 ἐν
2652 3925 2788 4045 ξοξξ
2809 3928 2883 3980 ffi-

160 4043 389 4145 καιρῷ
441 4039 702 4122 αὐτῶν.
799 4043 1042 4145 παρῆν
1099 4039 1225 4120 οὖν
1283 4040 1424 4144 ἄρα
1491 4039 1678 4121 κατὰ
1740 4039 2022 4144 καιροὺς
2085 4041 2460 4145 χρησίμως
2518 4043 2561 4122 ὃ
2691 4029 2705 4053 ’
2788 4032 2801 4045 ’

164 4161 435 4265 Κύριος
497 4165 575 4245 ἐν
627 4169 810 4273 τῷδε
863 4170 970 4272 τῷ
1024 4160 1282 4273 κόσμῳ
1335 4162 1519 4264 μετὰ
1572 4164 1871 4269 σαρκός·
1948 4167 2026 4245 ε’ν
2080 4170 2301 4273 καιρῷ
2357 4167 2424 4245 δ’
2467 4167 2560 4247 αὖ

45 4318 129 4378 30
157 4285 390 4366 πάλιν
431 4293 535 4395 τῷ
573 4286 964 4389 καθήκοντί
1005 4321 1083 4368 τε
1123 4292 1240 4368 καὶ
1275 4289 1713 4398 ἡρμοσμένῳ
1747 4295 1903 4374 ταῖς
1945 4289 2057 4397 ἐφ’
2095 4287 2381 4398 ἑκάστῳ
2415 4296 2563 4369 τῶν

233 4505 288 4555 4.
326 4487 389 4543 οὗ
411 4488 484 4559 μὴ
506 4487 639 4560 no„
665 4489 732 4546 Ε.
756 4489 848 4545 οὐκ
871 4488 1143 4546 nebo-erm
1169 4487 1274 4545 Ed.
1530 4501 1613 4561 17.
1648 4487 1971 4561 ἆποδημῆναι
1997 4488 2064 4546 Ε.
2089 4498 2102 4513 ”
2313 4505 2400 4544 21.
2437 4490 2467 4542 ὁ
2493 4488 2559 4543 Ε.

158 4590 227 4645 οι
252 4589 357 4647 nd.
793 4605 880 4665 η.
914 4561 1028 4651 παῖ
1041 4599 1145 4652 τε..
1166 4595 1346 4651 ω...
1367 4594 1500 4650 ...λὰ
1526 4594 1592 4652 n.

249 4692 393 4739 von.
425 4694 505 4740 11.
1311 4698 1357 4759 4
1385 4697 1431 4743 x
