<?xml version="1.0" encoding="UTF-8"?>
<!DOCTYPE html PUBLIC "-//W3C//DTD XHTML 1.0 Transitional//EN"
    "http://www.w3.org/TR/xhtml1/DTD/xhtml1-transitional.dtd">
<html xmlns="http://www.w3.org/1999/xhtml" xml:lang="en" lang="en">
 <head>
  <title>
</title>
<meta http-equiv="Content-Type" content="text/html;charset=utf-8" />
  <meta name='ocr-system' content='tesseract 3.04.00' />
  <meta name='ocr-capabilities' content='ocr_page ocr_carea ocr_par ocr_line ocrx_word'/>
</head>
<body>
  <div class='ocr_page' id='page_1' title='image "./sanctipatrisnos03pusegoog_0102.png"; bbox 0 0 3238 5158; ppageno 0'>
   <div class='ocr_carea' id='block_1_1' title="bbox 606 319 3007 426">
    <p class='ocr_par' dir='ltr' id='par_1_1' title="bbox 606 319 3007 426">
     <span class='ocr_line' id='line_1_1' title="bbox 606 319 3007 426; baseline -0.002 -16"><span class='ocrx_word' id='word_1_1' title='bbox 606 346 695 410; x_wconf 86' lang='lat'>90</span> <span class='ocrx_word' id='word_1_2' title='bbox 1201 319 1764 411; x_wconf 77' lang='lat' dir='ltr'><strong>&#39;B.cYR1LL1</strong></span> <span class='ocrx_word' id='word_1_3' title='bbox 1822 345 2403 412; x_wconf 79' lang='lat' dir='ltr'><strong>ALEXANDR.</strong></span> <span class='ocrx_word' id='word_1_4' title='bbox 2739 339 2879 407; x_wconf 74' lang='lat' dir='ltr'><strong>viii.</strong></span> <span class='ocrx_word' id='word_1_5' title='bbox 2898 359 3007 426; x_wconf 84' lang='lat'>43.</span> 
     </span>
    </p>
   </div>
   <div class='ocr_carea' id='block_1_2' title="bbox 508 505 3115 3200">
    <p class='ocr_par' dir='ltr' id='par_1_2' title="bbox 605 505 3074 1230">
     <span class='ocr_line' id='line_1_2' title="bbox 605 505 3009 658; baseline -0 -69"><span class='ocrx_word' id='word_1_6' title='bbox 605 541 788 612; x_wconf 89' lang='grc' dir='ltr'>προς</span> <span class='ocrx_word' id='word_1_7' title='bbox 837 507 921 588; x_wconf 79' lang='grc' dir='ltr'>τὸ</span> <span class='ocrx_word' id='word_1_8' title='bbox 973 513 1260 658; x_wconf 86' lang='grc' dir='ltr'>φαῦλον</span> <span class='ocrx_word' id='word_1_9' title='bbox 1292 510 1657 614; x_wconf 86' lang='grc' dir='ltr'>ἀχαλινως</span> <span class='ocrx_word' id='word_1_10' title='bbox 1708 507 1983 629; x_wconf 80' lang='grc' dir='ltr'>ἔχουσα</span> <span class='ocrx_word' id='word_1_11' title='bbox 2027 506 2217 615; x_wconf 84' lang='grc' dir='ltr'>ῥοπὴ</span> <span class='ocrx_word' id='word_1_12' title='bbox 2264 505 2832 613; x_wconf 87' lang='grc' dir='ltr'>προσεκλύουσα</span> <span class='ocrx_word' id='word_1_13' title='bbox 2876 507 3009 603; x_wconf 79' lang='grc' dir='ltr'>τῆς</span> 
     </span>
     <span class='ocr_line' id='line_1_3' title="bbox 606 628 3000 735; baseline -0.002 -23"><span class='ocrx_word' id='word_1_14' title='bbox 606 632 897 735; x_wconf 90' lang='grc' dir='ltr'>καρδίας</span> <span class='ocrx_word' id='word_1_15' title='bbox 945 631 1074 712; x_wconf 82' lang='grc' dir='ltr'>τὸν</span> <span class='ocrx_word' id='word_1_16' title='bbox 1108 631 1341 731; x_wconf 88' lang='grc' dir='ltr'>τόνον,</span> <span class='ocrx_word' id='word_1_17' title='bbox 1377 628 1650 735; x_wconf 82' lang='grc' dir='ltr'>ἀδρανῆ</span> <span class='ocrx_word' id='word_1_18' title='bbox 1702 636 1820 712; x_wconf 83' lang='grc' dir='ltr'>καὶ</span> <span class='ocrx_word' id='word_1_19' title='bbox 1869 632 2374 733; x_wconf 79' lang='grc' dir='ltr'>ἀτολμοτάτην</span> <span class='ocrx_word' id='word_1_20' title='bbox 2410 630 2634 732; x_wconf 84' lang='grc' dir='ltr'>αὐτὴν</span> <span class='ocrx_word' id='word_1_21' title='bbox 2677 628 3000 733; x_wconf 82' lang='grc' dir='ltr'>ἀπεργά-</span> 
     </span>
     <span class='ocr_line' id='line_1_4' title="bbox 607 753 2999 868; baseline 0 -35"><span class='ocrx_word' id='word_1_22' title='bbox 607 754 795 858; x_wconf 80' lang='grc' dir='ltr'>ζεται</span> <span class='ocrx_word' id='word_1_23' title='bbox 843 753 1025 859; x_wconf 88' lang='grc' dir='ltr'>πρός</span> <span class='ocrx_word' id='word_1_24' title='bbox 1075 789 1160 858; x_wconf 86' lang='grc' dir='ltr'>γε</span> <span class='ocrx_word' id='word_1_25' title='bbox 1209 791 1294 837; x_wconf 92' lang='grc' dir='ltr'>το</span> <span class='ocrx_word' id='word_1_26' title='bbox 1348 756 1704 836; x_wconf 88' lang='grc' dir='ltr'>δύνασθαι</span> <span class='ocrx_word' id='word_1_27' title='bbox 1739 758 2214 868; x_wconf 82' lang='grc' dir='ltr'>κατορθοῦν’</span> <span class='ocrx_word' id='word_1_28' title='bbox 2172 754 2454 860; x_wconf 87' lang='grc' dir='ltr'>αρετήν.</span> <span class='ocrx_word' id='word_1_29' title='bbox 2542 760 2999 859; x_wconf 86' lang='grc' dir='ltr'>προησθενη·</span> 
     </span>
     <span class='ocr_line' id='line_1_5' title="bbox 606 875 3009 986; baseline 0 -29"><span class='ocrx_word' id='word_1_30' title='bbox 606 875 809 963; x_wconf 85' lang='grc' dir='ltr'>κότες</span> <span class='ocrx_word' id='word_1_31' title='bbox 864 888 1244 983; x_wconf 82' lang='grc' dir='ltr'>τοιγαροῦν</span> <span class='ocrx_word' id='word_1_32' title='bbox 1297 886 1456 962; x_wconf 88' lang='grc' dir='ltr'>ταῖς</span> <span class='ocrx_word' id='word_1_33' title='bbox 1510 885 1606 964; x_wconf 79' lang='grc' dir='ltr'>εἰς</span> <span class='ocrx_word' id='word_1_34' title='bbox 1672 878 2099 986; x_wconf 81' lang='grc' dir='ltr'>φαυλότητα</span> <span class='ocrx_word' id='word_1_35' title='bbox 2151 883 2429 986; x_wconf 82' lang='grc' dir='ltr'>ῥοπαῖς,</span> <span class='ocrx_word' id='word_1_36' title='bbox 2486 883 2603 960; x_wconf 84' lang='grc' dir='ltr'>καὶ</span> <span class='ocrx_word' id='word_1_37' title='bbox 2661 878 2800 959; x_wconf 80' lang='grc' dir='ltr'>ὑπὸ</span> <span class='ocrx_word' id='word_1_38' title='bbox 2860 883 3009 959; x_wconf 76' lang='grc' dir='ltr'>τῶν</span> 
     </span>
     <span class='ocr_line' id='line_1_6' title="bbox 607 998 3074 1109; baseline 0.002 -29"><span class='ocrx_word' id='word_1_39' title='bbox 607 1001 805 1081; x_wconf 79' lang='grc' dir='ltr'>ἰδίων</span> <span class='ocrx_word' id='word_1_40' title='bbox 838 1008 1095 1083; x_wconf 83' lang='grc' dir='ltr'>παθῶν</span> <span class='ocrx_word' id='word_1_41' title='bbox 1130 1002 1698 1107; x_wconf 79' lang='grc' dir='ltr'>τυραννούμενοι,</span> <span class='ocrx_word' id='word_1_42' title='bbox 1736 1004 1952 1109; x_wconf 85' lang='grc' dir='ltr'>φησὶ,</span> <span class='ocrx_word' id='word_1_43' title='bbox 1992 1041 2093 1084; x_wconf 82' lang='grc' dir='ltr'>τον</span> <span class='ocrx_word' id='word_1_44' title='bbox 2133 1001 2283 1109; x_wconf 74' lang='grc' dir='ltr'>ἔμόν</span> <span class='ocrx_word' id='word_1_45' title='bbox 2318 1002 2575 1085; x_wconf 78' lang='grc' dir='ltr'>ἀκούειν</span> <span class='ocrx_word' id='word_1_46' title='bbox 2612 1008 2682 1083; x_wconf 79' lang='grc' dir='ltr'>οὐ</span> <span class='ocrx_word' id='word_1_47' title='bbox 2733 998 2814 1082; x_wconf 73' lang='grc' dir='ltr'>δύ</span> <span class='ocrx_word' id='word_1_48' title='bbox 2812 1000 3009 1082; x_wconf 67' lang='lat' dir='ltr'><em>vae-Oe</em></span> <span class='ocrx_word' id='word_1_49' title='bbox 3036 1021 3074 1084; x_wconf 82' lang='lat'>5</span> 
     </span>
     <span class='ocr_line' id='line_1_7' title="bbox 606 1123 3004 1230; baseline 0.001 -27"><span class='ocrx_word' id='word_1_50' title='bbox 606 1123 828 1225; x_wconf 74' lang='grc' dir='ltr'>λόγον·</span> <span class='ocrx_word' id='word_1_51' title='bbox 892 1135 935 1173; x_wconf 86' lang='grc'><strong>“</strong></span> <span class='ocrx_word' id='word_1_52' title='bbox 968 1126 1253 1206; x_wconf 82' lang='grc' dir='ltr'>Εὐθεῖαι</span> <span class='ocrx_word' id='word_1_53' title='bbox 1289 1124 1423 1225; x_wconf 77' lang='grc' dir='ltr'>μὲν</span> <span class='ocrx_word' id='word_1_54' title='bbox 1457 1124 1600 1228; x_wconf 81' lang='grc' dir='ltr'>γὰρ</span> <span class='ocrx_word' id='word_1_55' title='bbox 1639 1130 1714 1204; x_wconf 78' lang='grc' dir='ltr'>αἱ</span> <span class='ocrx_word' id='word_1_56' title='bbox 1748 1128 1900 1205; x_wconf 83' lang='grc' dir='ltr'>ὁδοὶ</span> <span class='ocrx_word' id='word_1_57' title='bbox 1941 1126 2272 1230; x_wconf 86' lang='grc' dir='ltr'>Κυρί”ου,</span> <span class='ocrx_word' id='word_1_58' title='bbox 2310 1124 2496 1207; x_wconf 80' lang='grc' dir='ltr'>κατὰ</span> <span class='ocrx_word' id='word_1_59' title='bbox 2538 1124 2625 1206; x_wconf 80' lang='grc' dir='ltr'>τὸ</span> <span class='ocrx_word' id='word_1_60' title='bbox 2673 1160 3004 1228; x_wconf 86' lang='grc' dir='ltr'>γεγραμ-</span> 
     </span>
    </p>

    <p class='ocr_par' dir='ltr' id='par_1_3' title="bbox 537 1244 3011 1477">
     <span class='ocr_line' id='line_1_8' title="bbox 537 1244 3009 1353; baseline 0.004 -31"><span class='ocrx_word' id='word_1_61' title='bbox 537 1256 581 1321; x_wconf 85' lang='lat' dir='ltr'><strong>d</strong></span> <span class='ocrx_word' id='word_1_62' title='bbox 603 1244 836 1346; x_wconf 84' lang='grc' dir='ltr'>με’νον,</span> <span class='ocrx_word' id='word_1_63' title='bbox 893 1258 937 1296; x_wconf 84' lang='grc'><strong>“</strong></span> <span class='ocrx_word' id='word_1_64' title='bbox 973 1251 1089 1329; x_wconf 80' lang='grc' dir='ltr'>καὶ</span> <span class='ocrx_word' id='word_1_65' title='bbox 1144 1249 1401 1329; x_wconf 89' lang='grc' dir='ltr'>δίκαιοι</span> <span class='ocrx_word' id='word_1_66' title='bbox 1457 1249 1936 1353; x_wconf 83' lang='grc' dir='ltr'>πορεύσονται</span> <span class='ocrx_word' id='word_1_67' title='bbox 1993 1251 2070 1330; x_wconf 84' lang='grc' dir='ltr'>ἐν</span> <span class='ocrx_word' id='word_1_68' title='bbox 2125 1251 2387 1347; x_wconf 81' lang='grc' dir='ltr'>αὐταῖς,</span> <span class='ocrx_word' id='word_1_69' title='bbox 2445 1254 2513 1330; x_wconf 80' lang='grc' dir='ltr'>οἱ</span> <span class='ocrx_word' id='word_1_70' title='bbox 2574 1248 2653 1329; x_wconf 80' lang='grc' dir='ltr'>δὲ</span> <span class='ocrx_word' id='word_1_71' title='bbox 2716 1252 3009 1346; x_wconf 79' lang='grc' dir='ltr'>ἀσεβεῖς</span> 
     </span>
     <span class='ocr_line' id='line_1_9' title="bbox 606 1371 3011 1477; baseline 0 -26"><span class='ocrx_word' id='word_1_72' title='bbox 606 1380 650 1417; x_wconf 90' lang='lat'><strong>“</strong></span> <span class='ocrx_word' id='word_1_73' title='bbox 688 1373 1226 1473; x_wconf 83' lang='grc' dir='ltr'>ἀσθενήσουσιν</span> <span class='ocrx_word' id='word_1_74' title='bbox 1279 1375 1355 1452; x_wconf 87' lang='grc' dir='ltr'>ἐν</span> <span class='ocrx_word' id='word_1_75' title='bbox 1404 1371 1715 1456; x_wconf 85' lang='grc' dir='ltr'>αὐταῖς.”</span> <span class='ocrx_word' id='word_1_76' title='bbox 1777 1371 2121 1475; x_wconf 79' lang='grc' dir='ltr'>συγγενὲς</span> <span class='ocrx_word' id='word_1_77' title='bbox 2176 1371 2499 1477; x_wconf 78' lang='grc' dir='ltr'>εὑρήσεις·</span> <span class='ocrx_word' id='word_1_78' title='bbox 2551 1371 2850 1471; x_wconf 77' lang='grc' dir='ltr'>τούτοις,</span> <span class='ocrx_word' id='word_1_79' title='bbox 2887 1376 3011 1452; x_wconf 86' lang='grc' dir='ltr'>καὶ</span> 
     </span>
    </p>

    <p class='ocr_par' dir='ltr' id='par_1_4' title="bbox 508 1492 3114 2220">
     <span class='ocr_line' id='line_1_10' title="bbox 508 1492 3009 1609; baseline 0.001 -35"><span class='ocrx_word' id='word_1_80' title='bbox 508 1578 513 1582; x_wconf 58' lang='grc'>,</span> <span class='ocrx_word' id='word_1_81' title='bbox 603 1492 689 1574; x_wconf 80' lang='grc' dir='ltr'>τὸ</span> <span class='ocrx_word' id='word_1_82' title='bbox 725 1498 802 1575; x_wconf 85' lang='grc' dir='ltr'>ἐν</span> <span class='ocrx_word' id='word_1_83' title='bbox 830 1496 1091 1598; x_wconf 74' lang='grc' dir='ltr'>ἑτέροις</span> <span class='ocrx_word' id='word_1_84' title='bbox 1123 1496 1309 1599; x_wconf 85' lang='grc' dir='ltr'>πρὸς</span> <span class='ocrx_word' id='word_1_85' title='bbox 1342 1493 1507 1580; x_wconf 76' lang='grc' dir='ltr'>τοὺς</span> <span class='ocrx_word' id='word_1_86' title='bbox 1533 1497 1979 1599; x_wconf 86' lang='grc' dir='ltr'>Φαρισαίους</span> <span class='ocrx_word' id='word_1_87' title='bbox 2014 1495 2379 1600; x_wconf 80' lang='grc' dir='ltr'>εἲρημένον</span> <span class='ocrx_word' id='word_1_88' title='bbox 2407 1506 2452 1544; x_wconf 85' lang='grc'><strong>“</strong></span> <span class='ocrx_word' id='word_1_89' title='bbox 2477 1502 2653 1582; x_wconf 79' lang='grc' dir='ltr'>Πῶς</span> <span class='ocrx_word' id='word_1_90' title='bbox 2688 1495 3009 1609; x_wconf 78' lang='grc' dir='ltr'>δύνασθε</span> 
     </span>
     <span class='ocr_line' id='line_1_11' title="bbox 605 1617 3114 1727; baseline 0 -28"><span class='ocrx_word' id='word_1_91' title='bbox 605 1628 651 1666; x_wconf 86' lang='grc'><strong>“</strong></span> <span class='ocrx_word' id='word_1_92' title='bbox 684 1618 1068 1717; x_wconf 85' lang='grc' dir='ltr'>πιστεύειν,</span> <span class='ocrx_word' id='word_1_93' title='bbox 1134 1617 1361 1727; x_wconf 85' lang='grc' dir='ltr'>δόξαν</span> <span class='ocrx_word' id='word_1_94' title='bbox 1430 1619 1601 1722; x_wconf 87' lang='grc' dir='ltr'>παρ’</span> <span class='ocrx_word' id='word_1_95' title='bbox 1664 1619 2019 1721; x_wconf 86' lang='grc' dir='ltr'>ἀλλήλων</span> <span class='ocrx_word' id='word_1_96' title='bbox 2059 1617 2614 1718; x_wconf 75' lang='grc' dir='ltr'>λαμβάνοντες,</span> <span class='ocrx_word' id='word_1_97' title='bbox 2683 1621 2799 1701; x_wconf 82' lang='grc' dir='ltr'>καὶ</span> <span class='ocrx_word' id='word_1_98' title='bbox 2872 1618 3009 1720; x_wconf 81' lang='grc' dir='ltr'>τὴν</span> <span class='ocrx_word' id='word_1_99' title='bbox 3040 1649 3114 1690; x_wconf 86' lang='lat'>10</span> 
     </span>
     <span class='ocr_line' id='line_1_12' title="bbox 602 1740 3008 1851; baseline 0 -29"><span class='ocrx_word' id='word_1_100' title='bbox 602 1751 649 1789; x_wconf 88' lang='lat'>“</span> <span class='ocrx_word' id='word_1_101' title='bbox 688 1740 913 1849; x_wconf 78' lang='grc' dir='ltr'>δόξαν</span> <span class='ocrx_word' id='word_1_102' title='bbox 947 1741 1080 1842; x_wconf 81' lang='grc' dir='ltr'>τὴν</span> <span class='ocrx_word' id='word_1_103' title='bbox 1112 1741 1316 1846; x_wconf 78' lang='grc' dir='ltr'>παρὰ</span> <span class='ocrx_word' id='word_1_104' title='bbox 1363 1750 1492 1823; x_wconf 85' lang='grc' dir='ltr'>τοῦ</span> <span class='ocrx_word' id='word_1_105' title='bbox 1543 1740 1770 1841; x_wconf 87' lang='grc' dir='ltr'>μόνου</span> <span class='ocrx_word' id='word_1_106' title='bbox 1810 1748 2003 1823; x_wconf 84' lang='grc' dir='ltr'>Θεοῦ</span> <span class='ocrx_word' id='word_1_107' title='bbox 2050 1744 2134 1823; x_wconf 83' lang='grc' dir='ltr'>οὐ</span> <span class='ocrx_word' id='word_1_108' title='bbox 2167 1743 2449 1847; x_wconf 76' lang='grc' dir='ltr'>ζητεῖτε</span> <span class='ocrx_word' id='word_1_109' title='bbox 2476 1741 2545 1841; x_wconf 80' lang='lat'>;’&#39;</span> <span class='ocrx_word' id='word_1_110' title='bbox 2605 1745 2740 1823; x_wconf 89' lang='grc' dir='ltr'>κάν</span> <span class='ocrx_word' id='word_1_111' title='bbox 2772 1742 3008 1851; x_wconf 74' lang='grc' dir='ltr'>τούτῳ</span> 
     </span>
     <span class='ocr_line' id='line_1_13' title="bbox 602 1863 3009 1968; baseline 0.004 -24"><span class='ocrx_word' id='word_1_112' title='bbox 602 1863 749 1968; x_wconf 80' lang='grc' dir='ltr'>γὰρ</span> <span class='ocrx_word' id='word_1_113' title='bbox 801 1863 890 1965; x_wconf 89' lang='grc' dir='ltr'>δὴ</span> <span class='ocrx_word' id='word_1_114' title='bbox 941 1863 1026 1945; x_wconf 81' lang='grc' dir='ltr'>τὸ</span> <span class='ocrx_word' id='word_1_115' title='bbox 1074 1863 1176 1965; x_wconf 86' lang='grc' dir='ltr'>μὴ</span> <span class='ocrx_word' id='word_1_116' title='bbox 1228 1865 1585 1946; x_wconf 88' lang='grc' dir='ltr'>δύνασθαι</span> <span class='ocrx_word' id='word_1_117' title='bbox 1634 1865 2000 1948; x_wconf 87' lang='grc' dir='ltr'>πιστεύειν</span> <span class='ocrx_word' id='word_1_118' title='bbox 2035 1864 2312 1966; x_wconf 77' lang='grc' dir='ltr'>αὐτοὺς,</span> <span class='ocrx_word' id='word_1_119' title='bbox 2346 1864 2480 1966; x_wconf 85' lang='grc' dir='ltr'>τὴν</span> <span class='ocrx_word' id='word_1_120' title='bbox 2514 1865 2845 1948; x_wconf 86' lang='grc' dir='ltr'>ἑκούσιον</span> <span class='ocrx_word' id='word_1_121' title='bbox 2879 1871 3009 1967; x_wconf 83' lang='grc' dir='ltr'>τῆς</span> 
     </span>
     <span class='ocr_line' id='line_1_14' title="bbox 604 1976 3009 2099; baseline 0.005 -33"><span class='ocrx_word' id='word_1_122' title='bbox 604 1988 913 2072; x_wconf 78' lang='grc' dir='ltr'>διανοίας</span> <span class='ocrx_word' id='word_1_123' title='bbox 949 1987 1348 2089; x_wconf 76' lang='grc' dir='ltr'>ἀσθένειαν,</span> <span class='ocrx_word' id='word_1_124' title='bbox 1385 1990 1544 2090; x_wconf 81' lang='grc' dir='ltr'>ἤτοι</span> <span class='ocrx_word' id='word_1_125' title='bbox 1587 1989 1673 2069; x_wconf 80' lang='grc' dir='ltr'>τὸ</span> <span class='ocrx_word' id='word_1_126' title='bbox 1722 1976 2333 2096; x_wconf 59' lang='grc' dir='ltr'>π”ροκεχειρῶσθαι</span> <span class='ocrx_word' id='word_1_127' title='bbox 2368 1998 2522 2074; x_wconf 89' lang='grc' dir='ltr'>ταῖς</span> <span class='ocrx_word' id='word_1_128' title='bbox 2558 1991 3009 2099; x_wconf 78' lang='grc' dir='ltr'>φιλοδοξίαις</span> 
     </span>
     <span class='ocr_line' id='line_1_15' title="bbox 603 2109 3009 2220; baseline 0.005 -31"><span class='ocrx_word' id='word_1_129' title='bbox 603 2109 732 2190; x_wconf 78' lang='grc' dir='ltr'>τὸν</span> <span class='ocrx_word' id='word_1_130' title='bbox 795 2119 964 2192; x_wconf 86' lang='grc' dir='ltr'>νοῦν</span> <span class='ocrx_word' id='word_1_131' title='bbox 1027 2112 1383 2213; x_wconf 72' lang='grc' dir='ltr'>σημαίνει.</span> <span class='ocrx_word' id='word_1_132' title='bbox 1492 2112 1758 2213; x_wconf 80' lang='grc' dir='ltr'>ἀληθὲς</span> <span class='ocrx_word' id='word_1_133' title='bbox 1826 2111 1904 2193; x_wconf 83' lang='grc' dir='ltr'>δὲ</span> <span class='ocrx_word' id='word_1_134' title='bbox 1977 2110 2201 2193; x_wconf 76' lang='grc' dir='ltr'>πάλιν</span> <span class='ocrx_word' id='word_1_135' title='bbox 2276 2113 2600 2220; x_wconf 81' lang='grc' dir='ltr'>ὑπάρχον</span> <span class='ocrx_word' id='word_1_136' title='bbox 2670 2115 2788 2195; x_wconf 83' lang='grc' dir='ltr'>ἐπὶ</span> <span class='ocrx_word' id='word_1_137' title='bbox 2859 2121 3009 2200; x_wconf 81' lang='grc' dir='ltr'>τοῖς</span> 
     </span>
    </p>

    <p class='ocr_par' dir='ltr' id='par_1_5' title="bbox 542 2224 3113 2835">
     <span class='ocr_line' id='line_1_16' title="bbox 542 2224 3113 2344; baseline 0.002 -31"><span class='ocrx_word' id='word_1_138' title='bbox 542 2251 580 2296; x_wconf 76' lang='grc' dir='ltr'>θ</span> <span class='ocrx_word' id='word_1_139' title='bbox 602 2235 972 2319; x_wconf 86' lang='grc' dir='ltr'>Ἰουδαίοις</span> <span class='ocrx_word' id='word_1_140' title='bbox 1028 2234 1450 2337; x_wconf 85' lang='grc' dir='ltr'>εὑρίσκομεν</span> <span class='ocrx_word' id='word_1_141' title='bbox 1494 2234 1582 2315; x_wconf 81' lang='grc' dir='ltr'>τὸ</span> <span class='ocrx_word' id='word_1_142' title='bbox 1638 2233 1757 2316; x_wconf 83' lang='grc' dir='ltr'>διὰ</span> <span class='ocrx_word' id='word_1_143' title='bbox 1808 2240 1938 2335; x_wconf 82' lang='grc' dir='ltr'>τῆς</span> <span class='ocrx_word' id='word_1_144' title='bbox 1971 2224 2120 2316; x_wconf 42' lang='grc' dir='ltr'>’τοῦ</span> <span class='ocrx_word' id='word_1_145' title='bbox 2160 2237 2464 2318; x_wconf 88' lang='grc' dir='ltr'>Παύλου</span> <span class='ocrx_word' id='word_1_146' title='bbox 2512 2241 2757 2344; x_wconf 84' lang='grc' dir='ltr'>φωνῆς</span> <span class='ocrx_word' id='word_1_147' title='bbox 2806 2243 2999 2341; x_wconf 76' lang='grc' dir='ltr'>εἰρη-</span> <span class='ocrx_word' id='word_1_148' title='bbox 3037 2266 3113 2328; x_wconf 76' lang='lat'>15</span> 
     </span>
     <span class='ocr_line' id='line_1_17' title="bbox 603 2356 3009 2464; baseline 0.004 -28"><span class='ocrx_word' id='word_1_149' title='bbox 603 2357 818 2457; x_wconf 78' lang='grc' dir='ltr'>με’νον</span> <span class='ocrx_word' id='word_1_150' title='bbox 856 2368 899 2405; x_wconf 85' lang='grc'><strong>“</strong></span> <span class='ocrx_word' id='word_1_151' title='bbox 925 2357 1250 2463; x_wconf 79' lang='grc' dir='ltr'>Ψυχικὸς</span> <span class='ocrx_word' id='word_1_152' title='bbox 1286 2356 1363 2437; x_wconf 79' lang='grc' dir='ltr'>δὲ</span> <span class='ocrx_word' id='word_1_153' title='bbox 1399 2358 1778 2461; x_wconf 77' lang='grc' dir='ltr'>ἅνθρωπος</span> <span class='ocrx_word' id='word_1_154' title='bbox 1829 2360 1915 2438; x_wconf 84' lang='grc' dir='ltr'>οὐ</span> <span class='ocrx_word' id='word_1_155' title='bbox 1963 2358 2239 2464; x_wconf 79' lang='grc' dir='ltr'>δέχεται</span> <span class='ocrx_word' id='word_1_156' title='bbox 2278 2358 2374 2440; x_wconf 81' lang='grc' dir='ltr'>τὰ</span> <span class='ocrx_word' id='word_1_157' title='bbox 2418 2370 2546 2440; x_wconf 93' lang='grc' dir='ltr'>τοῦ</span> <span class='ocrx_word' id='word_1_158' title='bbox 2586 2361 3009 2461; x_wconf 86' lang='grc' dir='ltr'>Πνεύματος</span> 
     </span>
     <span class='ocr_line' id='line_1_18' title="bbox 607 2479 3010 2591; baseline 0.002 -32"><span class='ocrx_word' id='word_1_159' title='bbox 607 2490 652 2528; x_wconf 82' lang='grc'><strong>“</strong></span> <span class='ocrx_word' id='word_1_160' title='bbox 687 2488 817 2560; x_wconf 93' lang='grc' dir='ltr'>τοῦ</span> <span class='ocrx_word' id='word_1_161' title='bbox 856 2487 1071 2578; x_wconf 85' lang='grc' dir='ltr'>Θεοῦ,</span> <span class='ocrx_word' id='word_1_162' title='bbox 1106 2481 1344 2586; x_wconf 88' lang='grc' dir='ltr'>μωρία</span> <span class='ocrx_word' id='word_1_163' title='bbox 1379 2479 1523 2585; x_wconf 78' lang='grc' dir='ltr'>γὰρ</span> <span class='ocrx_word' id='word_1_164' title='bbox 1561 2483 1757 2591; x_wconf 76' lang='grc' dir='ltr'>αὐτῷ</span> <span class='ocrx_word' id='word_1_165' title='bbox 1791 2483 2054 2565; x_wconf 83' lang='grc' dir='ltr'>ἐστιν.”</span> <span class='ocrx_word' id='word_1_166' title='bbox 2114 2484 2368 2564; x_wconf 80' lang='grc' dir='ltr'>οὐκοῦν</span> <span class='ocrx_word' id='word_1_167' title='bbox 2404 2481 2777 2589; x_wconf 85' lang='grc' dir='ltr'>ἐπειδήπερ</span> <span class='ocrx_word' id='word_1_168' title='bbox 2811 2481 3010 2584; x_wconf 84' lang='grc' dir='ltr'>ἦσαν</span> 
     </span>
     <span class='ocr_line' id='line_1_19' title="bbox 604 2603 3009 2711; baseline 0.002 -28"><span class='ocrx_word' id='word_1_169' title='bbox 604 2607 927 2711; x_wconf 80' lang='grc' dir='ltr'>ψυχικοὶ,</span> <span class='ocrx_word' id='word_1_170' title='bbox 990 2605 1266 2710; x_wconf 86' lang='grc' dir='ltr'>μωρίαν</span> <span class='ocrx_word' id='word_1_171' title='bbox 1329 2605 1639 2708; x_wconf 85' lang='grc' dir='ltr'>ἡγοῦντο</span> <span class='ocrx_word' id='word_1_172' title='bbox 1702 2603 1832 2686; x_wconf 78' lang='grc' dir='ltr'>τὸν</span> <span class='ocrx_word' id='word_1_173' title='bbox 1889 2607 2002 2686; x_wconf 76' lang='grc' dir='ltr'>ἐπὶ</span> <span class='ocrx_word' id='word_1_174' title='bbox 2064 2605 2150 2688; x_wconf 81' lang='grc' dir='ltr'>τὸ</span> <span class='ocrx_word' id='word_1_175' title='bbox 2216 2606 2580 2711; x_wconf 77' lang='grc' dir='ltr'>σώζεσθαι</span> <span class='ocrx_word' id='word_1_176' title='bbox 2643 2617 3009 2689; x_wconf 84' lang='grc' dir='ltr'>καλοῦντα</span> 
     </span>
     <span class='ocr_line' id='line_1_20' title="bbox 603 2726 3003 2835; baseline 0.002 -27"><span class='ocrx_word' id='word_1_177' title='bbox 603 2728 886 2827; x_wconf 84' lang='grc' dir='ltr'>λοιπὸν,</span> <span class='ocrx_word' id='word_1_178' title='bbox 930 2731 1049 2808; x_wconf 78' lang='grc' dir='ltr'>καὶ</span> <span class='ocrx_word' id='word_1_179' title='bbox 1103 2732 1233 2829; x_wconf 84' lang='grc' dir='ltr'>τῆς</span> <span class='ocrx_word' id='word_1_180' title='bbox 1286 2726 1650 2835; x_wconf 72' lang='grc' dir='ltr'>ἐξαιρέτου</span> <span class='ocrx_word' id='word_1_181' title='bbox 1702 2729 2069 2813; x_wconf 86' lang='grc' dir='ltr'>πολιτείας</span> <span class='ocrx_word' id='word_1_182' title='bbox 2125 2730 2562 2813; x_wconf 81' lang='grc' dir='ltr'>διδάσκοντα</span> <span class='ocrx_word' id='word_1_183' title='bbox 2613 2728 2748 2831; x_wconf 84' lang='grc' dir='ltr'>τὴν</span> <span class='ocrx_word' id='word_1_184' title='bbox 2805 2730 3003 2830; x_wconf 78' lang='grc' dir='ltr'>ὁδὸν,</span> 
     </span>
    </p>

    <p class='ocr_par' dir='ltr' id='par_1_6' title="bbox 533 2849 3115 3200">
     <span class='ocr_line' id='line_1_21' title="bbox 533 2849 3115 2964; baseline -0 -33"><span class='ocrx_word' id='word_1_185' title='bbox 533 2950 546 2964; x_wconf 43' lang='grc'><strong>.</strong></span> <span class='ocrx_word' id='word_1_186' title='bbox 604 2849 1097 2933; x_wconf 80' lang='grc' dir='ltr'>ἀπευθύνοντά</span> <span class='ocrx_word' id='word_1_187' title='bbox 1149 2886 1226 2932; x_wconf 90' lang='grc' dir='ltr'>τε</span> <span class='ocrx_word' id='word_1_188' title='bbox 1285 2858 1526 2936; x_wconf 78' lang='grc' dir='ltr'>καλῶς</span> <span class='ocrx_word' id='word_1_189' title='bbox 1580 2857 1679 2936; x_wconf 82' lang='grc' dir='ltr'>εἰς</span> <span class='ocrx_word' id='word_1_190' title='bbox 1726 2849 1812 2931; x_wconf 81' lang='grc' dir='ltr'>τὸ</span> <span class='ocrx_word' id='word_1_191' title='bbox 1863 2851 2191 2956; x_wconf 78' lang='grc' dir='ltr'>ἀρέσκειν</span> <span class='ocrx_word' id='word_1_192' title='bbox 2228 2852 2582 2935; x_wconf 87' lang='grc' dir='ltr'>δύνασθαι</span> <span class='ocrx_word' id='word_1_193' title='bbox 2630 2861 2735 2962; x_wconf 76' lang='grc' dir='ltr'>τῷ</span> <span class='ocrx_word' id='word_1_194' title='bbox 2784 2861 3010 2963; x_wconf 83' lang='grc' dir='ltr'>φιλα-</span> <span class='ocrx_word' id='word_1_195' title='bbox 3037 2890 3115 2931; x_wconf 76' lang='lat'>20</span> 
     </span>
     <span class='ocr_line' id='line_1_22' title="bbox 603 2972 3010 3085; baseline 0.002 -30"><span class='ocrx_word' id='word_1_196' title='bbox 603 2976 785 3084; x_wconf 76' lang='grc' dir='ltr'>ρέτῳ</span> <span class='ocrx_word' id='word_1_197' title='bbox 824 2982 1010 3085; x_wconf 76' lang='grc' dir='ltr'>Θεῷ,</span> <span class='ocrx_word' id='word_1_198' title='bbox 1052 2973 1110 3085; x_wconf 77' lang='grc' dir='ltr'><strong><em>ᾧ</em></strong></span> <span class='ocrx_word' id='word_1_199' title='bbox 1160 2983 1373 3057; x_wconf 83' lang='grc' dir='ltr'>πᾶσα</span> <span class='ocrx_word' id='word_1_200' title='bbox 1415 2972 1607 3075; x_wconf 84' lang='grc' dir='ltr'>τιμὴ,</span> <span class='ocrx_word' id='word_1_201' title='bbox 1644 2973 1848 3083; x_wconf 79' lang='grc' dir='ltr'>δόξα,</span> <span class='ocrx_word' id='word_1_202' title='bbox 1886 2972 2146 3079; x_wconf 81' lang='grc' dir='ltr'>κράτος</span> <span class='ocrx_word' id='word_1_203' title='bbox 2193 2982 2291 3062; x_wconf 84' lang='grc' dir='ltr'>εἱς</span> <span class='ocrx_word' id='word_1_204' title='bbox 2336 2974 2506 3062; x_wconf 78' lang='grc' dir='ltr'>τοὺς</span> <span class='ocrx_word' id='word_1_205' title='bbox 2553 2983 2815 3064; x_wconf 81' lang='grc' dir='ltr'>αἰῶνας</span> <span class='ocrx_word' id='word_1_206' title='bbox 2861 2986 3010 3060; x_wconf 79' lang='grc' dir='ltr'>τῶν</span> 
     </span>
     <span class='ocr_line' id='line_1_23' title="bbox 604 3097 2695 3200; baseline 0.001 -22"><span class='ocrx_word' id='word_1_207' title='bbox 604 3099 903 3198; x_wconf 78' lang='grc' dir='ltr'>αἰώνων,</span> <span class='ocrx_word' id='word_1_208' title='bbox 938 3097 1154 3200; x_wconf 86' lang='grc' dir='ltr'>ἀμήν.</span> <span class='ocrx_word' id='word_1_209' title='bbox 2684 3115 2695 3126; x_wconf 89' lang='grc'><em>“</em></span> 
     </span>
    </p>
   </div>
   <div class='ocr_carea' id='block_1_3' title="bbox 266 1086 3238 1166">
    <p class='ocr_par' dir='ltr' id='par_1_7' title="bbox 266 1086 3238 1166">
     <span class='ocr_line' id='line_1_24' title="bbox 266 1086 3238 1166; baseline -0.004 0"><span class='ocrx_word' id='word_1_210' title='bbox 266 1116 395 1166; x_wconf 71' lang='lat'>1100.</span> <span class='ocrx_word' id='word_1_211' title='bbox 3235 1086 3238 1153; x_wconf 73' lang='grc'><strong>4</strong></span> 
     </span>
    </p>
   </div>
   <div class='ocr_carea' id='block_1_4' title="bbox 266 1184 444 1247">
    <p class='ocr_par' dir='ltr' id='par_1_8' title="bbox 266 1184 444 1247">
     <span class='ocr_line' id='line_1_25' title="bbox 266 1184 444 1247; baseline 0.006 -17"><span class='ocrx_word' id='word_1_212' title='bbox 266 1184 369 1231; x_wconf 67' lang='lat' dir='ltr'><strong>xiv.</strong></span> <span class='ocrx_word' id='word_1_213' title='bbox 396 1196 444 1247; x_wconf 89' lang='lat'>9.</span> 
     </span>
    </p>
   </div>
   <div class='ocr_carea' id='block_1_5' title="bbox 267 1489 499 1620">
    <p class='ocr_par' dir='ltr' id='par_1_9' title="bbox 267 1489 499 1620">
     <span class='ocr_line' id='line_1_26' title="bbox 267 1489 499 1554; baseline 0.009 -15"><span class='ocrx_word' id='word_1_214' title='bbox 267 1489 431 1554; x_wconf 71' lang='lat' dir='ltr'>Supra</span> <span class='ocrx_word' id='word_1_215' title='bbox 451 1507 499 1542; x_wconf 80' lang='lat' dir='ltr'>v,</span> 
     </span>
     <span class='ocr_line' id='line_1_27' title="bbox 268 1570 351 1620; baseline 0 -17"><span class='ocrx_word' id='word_1_216' title='bbox 268 1570 351 1620; x_wconf 83' lang='lat'>44.</span> 
     </span>
    </p>
   </div>
   <div class='ocr_carea' id='block_1_6' title="bbox 272 2351 507 2482">
    <p class='ocr_par' dir='ltr' id='par_1_10' title="bbox 272 2351 507 2482">
     <span class='ocr_line' id='line_1_28' title="bbox 272 2351 507 2404; baseline 0.013 -3"><span class='ocrx_word' id='word_1_217' title='bbox 272 2365 294 2401; x_wconf 90' lang='lat'>1</span> <span class='ocrx_word' id='word_1_218' title='bbox 317 2353 430 2404; x_wconf 83' lang='lat' dir='ltr'><strong>Gor.</strong></span> <span class='ocrx_word' id='word_1_219' title='bbox 455 2351 507 2404; x_wconf 86' lang='lat' dir='ltr'>ii.</span> 
     </span>
     <span class='ocr_line' id='line_1_29' title="bbox 273 2433 350 2482; baseline 0 -15"><span class='ocrx_word' id='word_1_220' title='bbox 273 2433 350 2482; x_wconf 85' lang='lat'>14.</span> 
     </span>
    </p>
   </div>
   <div class='ocr_carea' id='block_1_7' title="bbox 607 3318 3012 3464">
    <p class='ocr_par' dir='ltr' id='par_1_11' title="bbox 607 3318 3012 3464">
     <span class='ocr_line' id='line_1_30' title="bbox 652 3318 3012 3407; baseline 0.003 -35.078"><span class='ocrx_word' id='word_1_221' title='bbox 652 3332 731 3407; x_wconf 86' lang='lat'>5.</span> <span class='ocrx_word' id='word_1_222' title='bbox 754 3320 847 3373; x_wconf 74' lang='grc' dir='ltr'>τὸν</span> <span class='ocrx_word' id='word_1_223' title='bbox 868 3318 962 3388; x_wconf 69' lang='grc' dir='ltr'>ἔμὸ</span> <span class='ocrx_word' id='word_1_224' title='bbox 964 3320 1197 3374; x_wconf 86' lang='grc' dir='ltr'>ν-λόο</span> <span class='ocrx_word' id='word_1_225' title='bbox 1198 3343 1228 3376; x_wconf 84' lang='grc' dir='ltr'>ν</span> <span class='ocrx_word' id='word_1_226' title='bbox 1254 3320 1320 3376; x_wconf 92' lang='grc' dir='ltr'><strong>Β.</strong></span> <span class='ocrx_word' id='word_1_227' title='bbox 1346 3325 1449 3377; x_wconf 74' lang='grc' dir='ltr'>τῶν</span> <span class='ocrx_word' id='word_1_228' title='bbox 1471 3320 1662 3392; x_wconf 69' lang='grc' dir='ltr'>ἐμῶν’</span> <span class='ocrx_word' id='word_1_229' title='bbox 1629 3320 1834 3377; x_wconf 81' lang='grc' dir='ltr'>ακούειν</span> <span class='ocrx_word' id='word_1_230' title='bbox 1855 3323 2031 3393; x_wconf 70' lang='grc' dir='ltr'>λόγων</span> <span class='ocrx_word' id='word_1_231' title='bbox 2051 3321 2113 3377; x_wconf 80' lang='grc' dir='ltr'>οὔ</span> <span class='ocrx_word' id='word_1_232' title='bbox 2139 3320 2364 3378; x_wconf 80' lang='grc' dir='ltr'>δύνασθε</span> <span class='ocrx_word' id='word_1_233' title='bbox 2389 3320 2572 3378; x_wconf 72' lang='lat' dir='ltr'><strong>Holst.</strong></span> <span class='ocrx_word' id='word_1_234' title='bbox 2591 3321 2697 3378; x_wconf 84' lang='lat' dir='ltr'>Ed.</span> <span class='ocrx_word' id='word_1_235' title='bbox 2839 3322 2895 3378; x_wconf 85' lang='grc'><strong>8.</strong></span> <span class='ocrx_word' id='word_1_236' title='bbox 2922 3324 3012 3379; x_wconf 74' lang='grc' dir='ltr'>εὖ·</span> 
     </span>
     <span class='ocr_line' id='line_1_31' title="bbox 607 3342 2905 3464; baseline 0.003 -21"><span class='ocrx_word' id='word_1_237' title='bbox 607 3387 787 3459; x_wconf 83' lang='grc' dir='ltr'>ρῆσεις</span> <span class='ocrx_word' id='word_1_238' title='bbox 814 3388 881 3444; x_wconf 88' lang='grc' dir='ltr'><strong>Β.</strong></span> <span class='ocrx_word' id='word_1_239' title='bbox 906 3387 1117 3458; x_wconf 73' lang='grc' dir='ltr'>εὑρήσει</span> <span class='ocrx_word' id='word_1_240' title='bbox 1133 3342 1242 3446; x_wconf 46' lang='lat' dir='ltr'>ht.</span> <span class='ocrx_word' id='word_1_241' title='bbox 1268 3390 1372 3447; x_wconf 86' lang='lat' dir='ltr'>Ed.</span> <span class='ocrx_word' id='word_1_242' title='bbox 1586 3409 1674 3448; x_wconf 79' lang='lat'>20.</span> <span class='ocrx_word' id='word_1_243' title='bbox 1712 3390 1979 3464; x_wconf 70' lang='grc' dir='ltr'>ἀρέσκειν]</span> <span class='ocrx_word' id='word_1_244' title='bbox 2013 3398 2072 3458; x_wconf 71' lang='lat'><em>4</em></span> <span class='ocrx_word' id='word_1_245' title='bbox 2102 3394 2187 3448; x_wconf 75' lang='grc' dir='ltr'>καὶ</span> <span class='ocrx_word' id='word_1_246' title='bbox 2213 3392 2279 3450; x_wconf 88' lang='grc' dir='ltr'><strong>Β.</strong></span> <span class='ocrx_word' id='word_1_247' title='bbox 2306 3391 2405 3449; x_wconf 87' lang='lat' dir='ltr'>Ht.</span> <span class='ocrx_word' id='word_1_248' title='bbox 2428 3391 2731 3450; x_wconf 75' lang='lat' dir='ltr'><strong>emendavit</strong></span> <span class='ocrx_word' id='word_1_249' title='bbox 2754 3391 2905 3450; x_wconf 81' lang='lat' dir='ltr'>Aub-</span> 
     </span>
    </p>
   </div>
  </div>
 </body>
</html>
