3238 5158
177 334 329 376 xvu
363 333 415 375 1.
500 312 616 377 IN
682 316 751 378 S.
798 314 1320 381 JOANNEM.
1410 315 1605 383 LIB.
1654 318 1778 383 XI.
1868 319 2073 384 CAP.
2119 319 2256 385 111.
2448 316 2570 385 661

176 474 306 578 γὸς
354 481 478 577 τῆς
514 477 754 584 ἑτέρου
802 479 1022 585 τυχὸν
1057 484 1425 586 ἐνεργείας,
1463 483 1635 564 ἀλλ’
1676 487 1772 569 ὦς
1827 486 2062 591 σοφία
2107 487 2224 564 καὶ
2279 482 2576 581 δύναμις

176 599 516 708 ὑπάρχων
571 612 697 684 τοῦ
754 610 947 686 Θεοῦ
1002 609 1117 687 καὶ
1176 606 1485 712 Πατρός.
1571 607 1966 710 οἰησόμεθα
2017 607 2160 711 γὰρ
2216 609 2402 688 οὕτω
2457 610 2576 687 καὶ

174 728 308 831 οὐχ
340 728 591 829 ἑτέρως
645 726 864 809 αὐτὸν
905 728 998 810 τὰ
1044 735 1171 831 τῆς
1217 732 1548 833 θεότητος
1594 732 1772 838 ἔργα
1821 734 1971 832 μετ’
2013 731 2347 839 ἐξουσίας
2383 734 2570 811 ἀπο·
2600 770 2637 813 e

170 860 522 955 πληροῦν.
600 854 840 935 πάντα
895 854 1026 955 μὲν
1072 854 1214 958 γάρ
1263 856 1465 961 παρὰ
1518 866 1648 938 τοῦ
1688 855 2001 962 Πατρὸς,
2037 854 2238 955 πλὴν
2275 856 2361 936 ού
2411 857 2578 961 δίχα

110 997 144 1055 5
169 984 297 1055 τοῦ
335 982 537 1058 Υὶοῦ.
595 985 752 1067 πῶς
796 979 939 1084 γὰρ
976 977 1067 1060 ἀν
1101 979 1494 1085 ἐργάσαιτό
1544 1016 1614 1062 τι
1650 988 1796 1063 τῶν
1834 982 2028 1090 αὐτῷ
2075 978 2498 1084 πρεπόντων
2536 982 2578 1060 ὁ

171 1099 358 1186 Θεὸς
413 1105 531 1182 καὶ
569 1102 849 1207 Πατὴρ,
883 1107 1040 1210 οὐχὶ
1094 1105 1181 1204 δὴ
1218 1108 1584 1206 συνούσης
1629 1141 1705 1187 τε
1758 1108 1952 1214 αὐτῷ
2005 1108 2123 1186 καὶ
2178 1139 2577 1186 συναποτε-

171 1225 450 1327 λούσης
499 1226 593 1307 τὰ
639 1229 750 1336 ἐφ’
791 1227 895 1313 οἷς
942 1227 1034 1310 ἀν
1077 1237 1310 1311 νοοῖτο
1346 1228 1567 1335 τυχὸν
1602 1230 1648 1330 ἡ
1686 1233 1837 1311 κατ’
1876 1229 2230 1334 ἐνέργειαν
2265 1233 2572 1331 κίνησις,

171 1354 296 1450 τῆς
331 1386 410 1434 τε
448 1353 721 1458 σοφίας
770 1356 887 1434 καὶ
933 1358 1060 1454 τῆς
1097 1354 1459 1453 δυνάμεως
1509 1356 1750 1453 αὑτοῦ,
1789 1357 1979 1463 φημὶ
2029 1353 2118 1453 δὴ
2169 1361 2297 1433 τοῦ
2334 1358 2516 1433 Υὶοῦ
2548 1385 2569 1450 ;

172 1474 303 1556 διοῖ
341 1483 555 1557 τοῦτο
601 1479 719 1558 καὶ
755 1479 795 1558 ὁ
833 1479 1073 1582 σοφὸς
1110 1478 1685 1582 Εὐαγγελιστὴς,
1725 1480 1767 1559 ὁ
1802 1476 1936 1579 τὴν
1971 1482 2176 1558 τοῦδε
2231 1485 2359 1557 τοῦ
2395 1483 2570 1572 βιβ-

85 1632 150 1672 10
173 1600 331 1679 λίου
377 1601 824 1707 συγγραφὴν
867 1602 1296 1710 πηξάμενος,
1335 1606 1411 1683 ἐν
1447 1606 1700 1709 ἀρχαῖς
1743 1610 1873 1685 τοῦ
1920 1602 2149 1706 λόγου
2198 1602 2431 1709 φησὶν
2469 1598 2581 1680 ὅτι

174 1734 216 1770 “
243 1722 506 1806 Πάντα
542 1728 627 1806 δι’
667 1727 887 1808 αὐτοῦ
921 1731 1219 1831 ἐγένετο,
1257 1730 1376 1809 καὶ
1412 1731 1630 1833 χωρὶς
1666 1728 1884 1807 αὐτοῦ
1920 1726 2197 1829 ἐγένετο
2234 1723 2395 1805 οὐδὲ
2437 1716 2577 1806 ἕν.”
2669 1720 2835 1850 ἕξω

174 1846 409 1949 ἐπειδὴ
436 1851 675 1931 τοίνυν
712 1854 752 1930 ὁ
786 1856 915 1952 τῆς
942 1849 1497 1954 ὁμοουσιότητος
1526 1853 1887 1932 ἀναπείθει
1913 1849 2138 1952 λόγος
2162 1846 2574 1933 ἀκολούθως
2600 1886 2637 1927 a
2674 1873 2810 1930 948
2832 1873 2916 1932 A.

175 1972 354 2071 ἡμᾶς
412 1976 672 2055 ἐννοεῖν
706 1974 816 2057 ὅτι
869 1977 1108 2058 πάντα
1160 1978 1293 2078 μὲν
1326 1980 1404 2058 ἐκ
1443 1974 1757 2081 Πατρὸς,
1796 1977 1882 2056 δι’
1922 1982 2105 2057 Υἶοῦ
2160 1974 2235 2056 δὲ
2290 1974 2578 2061 πάντως

174 2097 248 2174 ἐν
287 2097 679 2195 Πνεύματι·
762 2100 1128 2205 νεκρῶσας
1164 2100 1241 2182 δὲ
1277 2099 1587 2182 θάνατον
1623 2104 1741 2181 καὶ
1778 2098 2081 2207 φθορὰν,
2121 2105 2237 2181 καὶ
2273 2096 2405 2199 τὴν
2448 2107 2579 2180 τοῦ

90 2242 152 2302 ¹5
178 2220 524 2317 διαβόλου
581 2227 962 2329 τυραννίδα
1022 2225 1396 2329 περιελὼν,
1454 2225 1637 2325 ὅλην
1696 2226 1958 2325 ἔμελλε
2019 2222 2152 2326 τὴν
2213 2227 2335 2333 ὑφ’
2394 2225 2578 2335 ἡλίῳ

177 2349 326 2429 ταῖς
379 2345 502 2427 διὰ
553 2357 683 2428 τοῦ
722 2350 1140 2450 Πνεύματος
1198 2349 1794 2457 καταφαιδρύνειν
1830 2351 2355 2455 φωταγωγίαις,
2393 2352 2570 2429 ἀνα-

179 2469 592 2552 δείκνυσθαί
620 2506 697 2552 τε
750 2474 868 2553 διὰ
902 2475 1156 2556 τούτου
1190 2471 1451 2556 λοιπὸν
1489 2471 1679 2557 Θεὸς
1717 2472 1899 2554 κατὰ
1935 2471 2165 2579 φύσιν
2200 2471 2425 2557 ὅντως
2462 2476 2582 2553 καὶ

181 2594 539 2696 ἀληθινὸς,
575 2600 976 2701 ἀναγκαίως
1010 2600 1207 2707 φησί
1249 2598 1476 2708 Πάτερ
1511 2594 1790 2706 &dioto-61*
1830 2634 1950 2678 σου
1986 2599 2093 2679 τόν
2126 2598 2271 2679 ‘sibu
2300 2596 2415 2678 ἵνα.
2456 2604 2575 2677 καὶ

182 2706 395 2806 ari&
448 2756 565 2800 σου
615 2716 865 2836 &bido-31
909 2757 1015 2804 σε.
1086 2725 1213 2803 ’καὶ
1266 2725 1349 2804 οὗ
1405 2721 1494 2824 δή
1550 2757 1658 2806 τις
1715 2729 1883 2802 νοῦν
1923 2720 2107 2825 ἔχων
2157 2723 2315 2824 ἐρεῖ,
2374 2715 2581 2828 δόξαν

90 2876 158 2918 20
181 2841 305 2938 μὲν
357 2849 579 2925 αἰτεῖν
630 2844 831 2950 παρὰ
880 2846 1171 2950 Πατρὸς
1223 2845 1352 2929 τὸν
1404 2846 1607 2945 Υὶὸν,
1662 2843 1983 2948 καθάπερ
2050 2845 2431 2947 ἄνθρωπον
2494 2844 2584 2952 ἐξ
2602 2859 2646 2925 b

181 2966 558 3070 ἀνθρώπου
593 2967 835 3075 τυχὸν,
873 2968 1141 3050 διδόναι
1178 2970 1253 3052 δὲ
1309 2973 1428 3052 καὶ
1480 2969 1698 3051 αὐτὸν
1735 2973 1832 3055 ’ὡς
1868 2968 1958 3076 ἐξ
2000 2971 2306 3068 ἀμοιβῆς
2341 2969 2572 3070 ἐπαγ-

180 3088 603 3191 γέλλεσθαι·
687 3094 1216 3198 σμικροπρεπὲς
1273 3093 1416 3198 γὰρ
1480 3097 1671 3194 λίαν,
1734 3101 2024 3192 μᾶλλον
2087 3091 2164 3173 δὲ
2230 3090 2579 3172 ἀσύνετον

178 3222 571 3315 παντελῶς,
607 3214 693 3298 τὸ
728 3217 1061 3319 τοιαύτην
1099 3219 1284 3324 ἔχειν
1328 3222 1445 3300 ἐπὶ
1483 3224 1677 3299 Θεοῦ
1724 3218 1856 3318 τὴν
1898 3215 2276 3323 διάληψιν·
2343 3219 2569 3318 ἀναγ-

180 3339 557 3442 καιοτάτην
621 3340 696 3422 δὲ
761 3346 864 3451 τῷ
924 3345 1161 3445 Πατρὶ
1217 3341 1350 3443 τὴν
1413 3344 1665 3423 ἑαυτοῦ
1720 3340 1945 3449 δόξαν
2001 3337 2402 3437 ἐπιδεικνὺς,
2461 3340 2578 3420 ἵνα

88 3498 154 3557 ²5
183 3464 618 3566 γινώσκηται
654 3468 771 3547 καὶ
807 3465 1209 3566 ὁμοούσιος,
1238 3468 1439 3546 ταυτὶ
1476 3463 1884 3565 λελάληκεν
1911 3465 1951 3544 ὁ
1981 3462 2259 3566 Σωτήρ.
2325 3459 2578 3565 ὥσπερ

181 3587 318 3692 γὰρ
383 3590 678 3698 ἀδοξίας
743 3590 950 3670 ἕσται
1014 3591 1391 3694 παραίτιον
1451 3595 1555 3697 τῷ
1618 3594 1786 3697 Θεῷ
1850 3591 1966 3670 καὶ
2027 3589 2267 3690 Πατρὶ
2326 3585 2410 3667 τὸ
2473 3585 2577 3688 μὴ

181 3720 496 3794 τοιοῦτον
530 3714 715 3818 ἔχειν
750 3712 879 3794 τὸν
914 3713 1003 3821 ἐξ
1033 3715 1252 3795 αὐτοῦ
1288 3713 1526 3820 φύντα
1560 3747 1638 3794 τε
1674 3715 1791 3793 καὶ
1823 3712 2335 3816 γεγεννημένον
2361 3713 2573 3810 Υὶὸν,

181 3835 422 3918 ὁποῖον
460 3836 551 3918 ἀν
587 3834 761 3918 εἶναι
805 3838 1065 3942 πρέποι
1112 3836 1240 3919 τὸν
1275 3840 1353 3919 ἐκ
1388 3844 1579 3919 Θεοῦ
1616 3836 1810 3918 Θεὸν
1846 3837 2029 3918 κατὰ
2066 3837 2318 3946 φύσιν,
2355 3840 2579 3923 οὕτως
2604 3879 2640 3923 ο

180 3954 373 4074 οἶμαι
424 3964 541 4043 καὶ
592 3962 816 4070 δόξαν
851 3964 1045 4071 αὐτῷ
1100 3961 1551 4066 περιποιήσει
1606 3965 1725 4043 καὶ
1779 3960 2133 4067 καύχημα,
2170 3958 2255 4042 τὸ
2292 3963 2368 4041 ἐν
2404 3965 2570 4041 τού·

85 4124 157 4180 3ο
181 4117 322 4169 τοις
368 4086 544 4167 ὅντα
595 4087 722 4167 τὸν
769 4087 945 4167 ἴδιον
978 4087 1025 4166 ἕ
1010 4120 1162 4191 χειν
1198 4083 1400 4184 Υἱὸν,
1439 4088 1515 4166 ἐν
1551 4084 1811 4187 οἷσπερ
1854 4082 1948 4164 ἀν
1987 4082 2329 4190 ὑπάρχειν
2366 4083 2578 4169 αὐτὸς

181 4210 294 4288 καὶ
337 4217 568 4290 νοοῖτο
611 4214 729 4291 καὶ
763 4210 1074 4314 λέγοιτο.
1151 4205 1504 4318 δοξάζεται
1550 4210 1786 4290 τοίνυν
1826 4210 1866 4289 ὁ
1903 4208 2161 4313 Πατὴρ
2198 4211 2273 4290 ἐν
2308 4212 2399 4312 τῇ
2447 4214 2576 4287 τοῦ

253 4511 303 4558 4.
339 4496 432 4549 τοῦ
456 4504 798 4577 αεσιιᾳιριιιηι
821 4513 886 4551 ex
911 4497 977 4552 Ε.
1355 4510 1435 4564 13.
1472 4493 1565 4563 μὲν
1587 4509 1699 4549 om.
1724 4493 1793 4549 Ε.
2140 4506 2221 4565 17.
2257 4491 2386 4547 κατὰ
2409 4489 2578 4562 φύσιν

186 4562 337 4622 ὅπως
360 4564 462 4620 hoc
487 4565 675 4621 ordme
700 4565 766 4621 Ε.
1121 4565 1207 4622 26.
1244 4566 1303 4619 τὸ
1329 4573 1669 4637 assumptum
1692 4582 1758 4620 ex
1784 4564 1848 4620 Ε.
