3238 5158
662 310 795 374 594
1271 310 1347 375 Β.
1398 308 1828 375 CYRILLI
1887 309 2470 376 ALEXANDR.
2833 329 2950 372 xv.
2981 323 3082 369 20.

663 507 875 553 νειαν.
960 470 1050 574 ἦν
1087 471 1218 572 μὲν
1253 471 1398 577 γὰρ
1448 474 1577 554 οὐκ
1629 472 2156 580 ἀμφίβολον,”
2115 508 2228 554 οτι
2276 480 2434 559 ταῖς
2485 478 2632 554 τῶν
2669 468 3092 552 διωκόντων

664 593 797 695 τὴν
829 595 1175 698 ἀλήθειαν
1209 597 1747 701 περιπταίοντες
1797 600 2047 702 ὀργαῖς
2090 605 2220 678 τοῦ
2259 602 2594 700 Σωτῆρος
2631 601 2700 677 οἱ
2735 595 3096 696 μαθηταὶ,

665 726 812 804 τοῖς
867 723 946 802 ἐκ
1000 730 1130 802 τοῦ
1188 721 1573 802 διώκεσθαι
1628 728 2186 825 περιπεσοῦνται
2251 727 2528 806 δεινοῖς·
2607 721 2787 799 ἀλλ’
2853 715 2952 818 ἦν
3009 716 3096 817 δή

664 879 809 926 που
872 849 990 926 καὶ
1049 845 1253 945 μάλα
1311 843 1493 930 εἰκὸς
1553 844 2093 950 λογίζεσθαι,”
2053 879 2165 925 οτι
2229 842 2360 926 τὸν
2425 843 2601 949 ὑπὲρ
2666 848 2808 944 τῆς
2869 841 3096 950 δόξῃ

666 974 1000 1073 Χριστοῦ
1044 969 1450 1070 ποιούμενοι
1489 968 1747 1073 λόγον,
1788 968 2076 1055 πάντως
2121 1004 2266 1051 που
2311 967 2678 1053 πλουσίας
2723 971 2868 1067 Τῆς
2919 967 3092 1068 παρ’
3109 991 3140 1049 5

666 1094 885 1193 αὐτῆς
942 1092 1332 1200 μεθέξουσι
1392 1095 1701 1201 φειδοῦς,
1760 1096 1857 1178 ὡς
1911 1092 2134 1194 μηδὲν
2190 1092 2382 1178 ολως
2436 1092 2521 1173 τὸ
2583 1127 2690 1173 πα
2965 1091 3094 1170 ὀν

666 1218 978 1320 ὁρᾶσθαι
1051 1216 1232 1321 πρὸς
1308 1216 1440 1317 τὴν
1512 1218 1739 1300 οὕτως
1814 1215 2268 1324 ἇξιάγαστον
2336 1216 2750 1320 προθυμίαν
2823 1216 3090 1310 αὐτῶν,

669 1341 984 1444 θορύβου
1032 1340 1109 1423 δὲ
1157 1339 1429 1426 παντὸς
1465 1345 1582 1422 καὶ
1627 1342 1953 1421 κινδύνου
1989 1343 2299 1443 ὁρᾶσθαι
2334 1342 2768 1446 κρείττονας,
2812 1341 3084 1440 ὑπομέ-

601 1478 646 1545 d
670 1499 923 1551 νοντας
960 1463 1037 1545 δὲ
1074 1465 1159 1546 τὸ
1195 1463 1544 1568 παράπαν
1581 1463 1788 1545 οὐδὲν
1822 1471 1968 1554 τῶν
2004 1463 2151 1545 ὅσα
2183 1466 2461 1573 πέφυκε
2507 1471 2795 1562 λυπεῖν,
2833 1467 3082 1568 ἐντρυ-

668 1594 959 1693 φῶντας
1015 1587 1091 1670 δὲ
1145 1595 1439 1689 μᾶλλον
1495 1595 1651 1673 ταῖς
1704 1587 1904 1691 παρὰ
1957 1589 2253 1670 πάντων
2306 1598 2574 1689 τιμαῖς,
2635 1587 2766 1669 ἅτε
2823 1588 2924 1689 δὴ
2975 1591 3082 1669 καὶ
3105 1627 3156 1667 10

666 1714 796 1795 τὸν
830 1712 1192 1818 σωτήριον
1247 1714 1486 1798 αὐτοῖς
1538 1711 2080 1816 πρεσβεύοντας
2134 1711 2384 1816 λόγον.
2459 1717 2580 1794 καὶ
2635 1710 2730 1813 ἦν
2786 1713 2934 1813 μὲν
2965 1713 3083 1794 οῦκ

667 1838 813 1919 ἀπὸ
858 1846 1143 1919 σκοποῦ
1190 1845 1320 1918 τοῦ
1368 1837 1799 1942 πρέποντος,
1848 1836 1932 1919 τὸ
1989 1836 2082 1918 τὰ
2138 1846 2434 1919 τοιαῦτα
2485 1841 2930 1942 προσδοκᾶν
2973 1840 3080 1918 καὶ

666 1965 745 2043 ἐν
778 1961 1057 2047 τούτοις
1093 1959 1268 2042 εἶναι
1305 1960 1534 2064 ζητεῖν
1587 1961 1754 2047 τοῦς
1806 1961 1881 2042 οἵ
1932 1997 2018 2065 γε
2074 1969 2323 2044 καλεῖν
2379 1960 2940 2065 σπουδάζουσιν
2993 1968 3080 2045 εἷς

668 2085 953 2166 αἰώνιον
1000 2085 1207 2190 ζωὴν,
1242 2084 1587 2193 πρόξενοί
1629 2119 1709 2166 τε
1758 2092 1904 2166 τῶν
1939 2084 2142 2190 παρὰ
2175 2091 2368 2167 Θεοῦ
2412 2085 2906 2192 χαρισμάτων
2941 2093 3078 2169 τοῖς

668 2212 1139 2315 ἀκροωμένοις
1194 2211 1649 2313 ηὑρίσκοντο.
1732 2209 1903 2291 ἀλλ’
1942 2209 2253 2292 ἑκάστου
2308 2215 2436 2310 τῆς
2492 2211 2672 2294 ἰδίας
2726 2211 3072 2314 προαιρέ·
3093 2249 3142 2305 13

667 2368 855 2419 σεως
892 2330 1026 2434 τὴν
1057 2333 1292 2439 ῥοπὴν
1327 2336 1439 2440 ἐφ’
1481 2334 1660 2437 ὅπερ
1696 2333 1787 2415 ἂν
1820 2334 2166 2431 βούλοιτο
2210 2334 2668 2432 διιθύνοντος,
2703 2332 3070 2439 παρατρέ-

665 2455 932 2545 ποντός
996 2493 1074 2540 τε
1134 2456 1318 2563 πρὸς
1383 2456 1468 2537 τὸ
1544 2459 1739 2567 αὐτῷ
1804 2457 2114 2558 θελητὸν
2179 2462 2295 2540 καὶ
2368 2458 2589 2559 ἡδέως
2657 2492 2825 2543 πως
2888 2460 3074 2564 ἔχον,
3173 2499 3174 2552 1

610 2616 647 2661 e
670 2584 1324 2690 ἀναδειχθήσεσθαι
1358 2590 1651 2683 μᾶλλον
1687 2581 1843 2682 ἔδει,
1884 2587 2001 2664 καὶ
2038 2582 2202 2669 τοῦς
2237 2589 2329 2689 τῇ
2366 2584 2670 2690 ἀληθεία
2705 2590 3070 2690 φρονοῦν-

668 2745 801 2796 τας
835 2708 928 2790 τὰ
960 2708 1261 2806 ἐναντία,
1299 2710 1415 2788 καὶ
1465 2707 1954 2808 νενικημένους
1992 2715 2145 2792 ταῖς
2183 2714 2281 2792 εἷς
2315 2707 2401 2788 τὸ
2439 2715 2734 2816 φαῦλον
2772 2708 3078 2807 ἡδοναῖς,

666 2831 1035 2939 μάχεσθαι
1078 2834 1294 2912 δεῖν’
1257 2831 1661 2933 εγνωκότας
1702 2836 1850 2916 τοῖς
1897 2832 1971 2912 οἵ
2019 2865 2105 2933 γε
2159 2839 2514 2911 καλοῦσιν
2548 2829 2691 2938 ἔξω
2726 2838 2888 2912 τῶν
2927 2833 3070 2933 ἡά-
3095 2866 3140 2907 2:

648 2968 872 3038 ’στων
932 2955 1210 3041 αὐτούς.
1309 2956 1392 3035 ού
1451 2953 1595 3057 γὰρ
1656 2954 1939 3059 θυμήρη
2011 2961 2162 3040 τοῖς
2235 2952 2652 3061 φιληδόνοις
2727 2955 2830 3035 τὰ
2903 2991 3078 3060 προς

670 3088 882 3162 τοῦτο
894 3068 1309 3177 βλέποντα
1375 3077 1796 3179 μαθήματα.
1894 3076 1985 3179 ἦν
2041 3079 2168 3158 οὖν
2221 3114 2363 3181 αρα
2426 3075 2686 3159 λοιπὸν
2753 3079 3078 3183 καθάπερ

670 3205 832 3313 ἐξ’
789 3204 1103 3308 ανάγκης
1139 3200 1796 3308 ἀναδειχθήσεσθαι
1845 3205 2293 3308 προσδοκᾶν,
2334 3237 2500 3288 τους
2535 3201 2609 3282 οἵ
2636 3237 2724 3306 γε
2764 3205 2849 3283 ἐν
2887 3204 3080 3312 τάξει

670 3331 1041 3430 πολεμίων
1074 3324 1481 3433 γεγονότες,
1524 3326 1877 3435 διώξουσί
1907 3363 1986 3409 τε
2024 3330 2141 3409 καὶ
2179 3327 2714 3408 καταικίσονται
2765 3333 2896 3410 καὶ
2947 3336 3078 3413 πᾶν
3167 3370 3168 3399 ¹

674 3451 858 3540 εἶδος
894 3452 1366 3554 ἐπινοήσουσι
1400 3457 1855 3555 πειρασμῶν.
3093 3490 3136 3544 23

346 3600 474 3659 901
492 3597 569 3654 Δ.
618 3611 655 3653 a
786 3576 1167 3682 Ἀνδρείως
1225 3576 1351 3657 οὖν
1406 3576 1549 3679 ἄρα
1605 3579 1723 3656 καὶ
1777 3572 1963 3680 πρὸς
2007 3584 2223 3657 τοῦτο
2277 3577 2463 3682 ἔχειν
2515 3574 2779 3661 αὐτοὺς
2837 3579 3068 3659 διακε-

675 3700 958 3783 λεύεται
1018 3698 1364 3805 Χριστὸς,
1430 3700 1559 3780 οὐκ
1622 3697 2022 3805 ἀποφήσας
2082 3700 2192 3781 ὅτι
2253 3702 2742 3801 συμβήσεται·
2829 3702 2958 3783 διὰ
3011 3699 3074 3782 δε

676 3835 804 3907 τοῦ
839 3830 1097 3934 χρῆναι
1131 3830 1424 3923 μᾶλλον
1460 3825 1772 3928 ὁρᾶσθαι
1819 3822 2176 3909 νεανικοῦς
2212 3823 2627 3923 ἐπιτάττειν,
2661 3858 3069 3932 προκηρυτ-

675 3985 822 4032 των
871 3984 981 4031 οτι
1032 3950 1495 4053 παρέσονται.
1579 3956 1632 4029 εἰ
1690 3946 1836 4051 γὰρ
1892 3946 2025 4053 ἔμε
2072 3954 2305 4057 φησιν
2361 3944 2641 4057 ἐδίωξαν
2699 3958 2824 4029 καὶ
2903 3954 3072 4059 υμίἱς

679 4070 1031 4180 &coiano-cv.
1108 4072 1275 4152 ἴσον
1330 4074 1427 4157 ὡς
1484 4107 1542 4152 ει
1598 4068 1852 4176 ελεγεν
1886 4070 2086 4174 Ἐγὼ
2140 4079 2286 4151 τῶν
2343 4070 2536 4153 ολων
2585 4072 2626 4151 5
2672 4072 3006 4176 ποιητὴς,
3040 4075 3122 4151 5-
3087 4132 3118 4167 ,.

677 4195 918 4277 πάντα
972 4193 1111 4277 ὑπὸ
1167 4202 1372 4301 χεῖρα
1429 4196 1637 4301 ἔχων,
1674 4193 1768 4275 τά
1802 4230 1881 4276 τε
1918 4199 1992 4276 ἐν
2029 4201 2133 4304 τῷ
2178 4197 2458 4303 οὐρανῷ
2504 4230 2623 4276 και
2658 4194 2752 4277 τὰ
2795 4200 2922 4280 ἐπὶ
2967 4204 3072 4297 τῆς

680 4325 836 4425 γῆς,
872 4321 956 4400 οὐ
990 4316 1293 4425 χαλινὸν
1331 4319 1641 4421 ἐπέθηκα
1676 4326 1825 4404 τοῖς
1863 4325 2135 4418 θυμοῖς,
2174 4319 2337 4401 οὐδὲ
2373 4319 2717 4431 καθεῖρξα
2751 4323 3070 4423 καθάπερ
3159 4352 3160 4415 j

1482 4545 1566 4601 18.
1602 4511 1666 4615 ἑῇ
1695 4545 1760 4602 Ε.
1789 4544 1895 4603 Ed.
1921 4562 2034 4617 mg.
2058 4547 2151 4615 τῆς
2175 4544 2280 4603 Ed.
