3238 5158
587 323 719 389 240
1197 325 1276 388 B.
1323 323 1743 389 CYRILLI
1803 324 2379 390 ALEXANDR.
2793 340 2856 381 x.
2891 329 2995 397 17.

590 486 817 596 φύσις
891 488 1065 570 ὅταν
1131 492 1378 595 ἐνεργῇ
1452 523 1522 569 τι
1594 495 1743 569 τῶν
1810 492 1999 575 ἰδίως
2073 490 2546 598 ἀνακειμένων
2611 486 2812 590 αὐτῇ,
2873 484 2995 564 καὶ

522 630 563 694 d
589 621 967 716 προσεῖναι
1017 612 1466 721 πεφυκότων,
1504 612 1668 695 τότε
1707 612 1796 713 δὴ
1833 612 2164 711 μάλιστα
2200 619 2316 694 καὶ
2354 610 2532 711 αὐτὴ
2570 610 2737 714 παρ’
2776 611 2995 714 ἑαυτῇ

590 736 1021 841 χαριεστέρα
1081 737 1428 844 φαίνεται,
1486 738 1738 841 ὁρᾶται
1799 736 1873 817 δὲ
1929 738 2115 819 οὕτω
2180 744 2298 818 καὶ
2355 738 2523 840 παρ’
2584 737 2774 836 ἡμῖν.
2874 736 2995 813 καὶ

2260 868 2293 886 Α

252 867 462 996 fmfffvsso,
591 870 770 962 γοῦν
816 863 860 960 ἡ
916 863 1152 967 σοφία
1208 864 1441 965 φησίν
1490 863 1564 940 ἐν
1610 863 1912 969 βιβλίῳ
1940 897 2342 965 παροιμιων
2380 873 2422 909 66
2450 859 2652 962 Ἐγω
2706 861 2897 963 ἤμην
2942 854 2991 963 ᾗ

255 1013 335 1063 31·
591 985 1128 1092 “προσῴιρε,
1196 987 1361 1067 καθ’
1432 985 1703 1089 ἡμέραν
1765 987 1843 1067 δὲ
1917 986 2416 1095 ηὐφραινόμην
2476 988 2551 1066 ἐν
2614 983 2991 1090 προσώπῳ
3019 998 3061 1058 5

613 1111 889 1191 6αὐτοῦ
962 1114 1038 1189 ἐν
1102 1113 1320 1191 παντὶ
1393 1116 1636 1218 καιρῷ,
1704 1109 1822 1190 ὅτε
1884 1112 2315 1217 ηὐφραίνετο
2379 1109 2512 1210 τὴν
2577 1108 2991 1207 οἰκουμένην

589 1236 1174 1332 “σύντελε’σας,
1177 1236 1293 1314 καὶ
1344 1235 1853 1341 ἐνηυφραίνετο
1899 1239 1977 1315 ἐν
2015 1238 2184 1320 υἰοῖς
2234 1235 2703 1338 ἀνθρώπων.”
2763 1233 2990 1312 καίτοι

587 1356 671 1435 τὸ
708 1366 952 1464 χαρεῖν
977 1363 1082 1438 ἀεὶ
1120 1358 1480 1460 πρόσεστι
1517 1366 1623 1465 τῷ
1658 1365 1846 1466 Θεῷ,
1874 1363 1989 1439 καί
2027 1359 2112 1440 τὸ
2151 1359 2624 1459 ἀτελεύτητον
2656 1360 2731 1437 ἐν
2761 1363 2988 1457 θυμη-

590 1483 794 1567 δίαις·
858 1481 941 1563 τὸ
1000 1483 1143 1587 γὰρ
1197 1492 1473 1563 λυποῦν
1524 1482 1716 1567 ὅλως
1766 1483 1968 1564 οὐδὲν
2012 1482 2142 1564 τὸν
2178 1484 2517 1564 ἁπάντων
2552 1482 2808 1587 ἔχοντα
2856 1477 2992 1578 τὴν

589 1606 949 1711 ἐξουσίαν,
1000 1603 1201 1687 ἀλλά
1256 1607 1695 1713 προσέχαιρε
1745 1613 1836 1713 τῇ
1888 1607 2028 1714 ἰδίᾳ
2079 1609 2320 1715 σοφίᾳ·
2364 1608 2808 1690 συντελέσας
2858 1602 2991 1704 τὴν
3026 1629 3112 1672 10

530 1764 567 1808 e
592 1730 1032 1832 οἰκουμένην.
1140 1737 1235 1816 εἰς
1312 1729 1524 1835 ἔργον
1587 1731 1732 1836 γὰρ
1805 1734 2221 1837 ἐνεχθεῖσαν
2285 1735 2472 1835 ὁρῶν
2537 1736 2664 1831 τῆς
2739 1735 2994 1812 ἑαυτοῦ

591 1856 862 1960 σοφίας
917 1853 1048 1954 τὴν
1104 1854 1477 1958 ἐνέργειαν,
1535 1853 1698 1936 τότε
1753 1854 1841 1955 δὴ
1897 1853 2228 1954 μάλιστα
2280 1857 2553 1962 χαίρειν
2609 1852 2786 1964 ᾤετο
2845 1857 2994 1934 δεῖν

252 1983 502 2100 ἰῑξξοω·
591 1980 1156 2082 πλουσιώτερον.
1234 1980 1418 2060 οὕτω
1472 1988 1857 2082 τοιγαροῦν
1906 1978 2213 2060 κάνθάδε
2263 1978 2662 2079 νοήσωμεν.
2742 1978 2992 2080 ἀγάπη

591 2100 738 2206 γὰρ
777 2101 1117 2208 ὑπάρχων
1156 2105 1196 2183 5
1237 2101 1422 2186 Θεὸς
1465 2108 1581 2183 καὶ
1622 2101 1903 2208 Πατὴρ,
1943 2103 2126 2184 κατὰ
2160 2103 2291 2205 τὴν
2325 2104 2663 2184 Ἰωάννου
2703 2101 2985 2208 φωνὴν,

591 2229 708 2306 καὶ
753 2228 881 2307 οὐκ
927 2225 1199 2328 ἀγαθὸς
1251 2230 1526 2326 ἁπλῶς,
1566 2226 1740 2308 αὐτὸ
1792 2228 1868 2309 δὲ
1915 2236 2207 2327 μᾶλλον
2240 2226 2325 2309 τὸ
2374 2225 2672 2331 ἀγαθὸν,
2708 2228 2991 2330 ἐπείπερ
3027 2254 3108 2314 15

590 2345 727 2430 εἶδε
786 2350 913 2431 τὸν
968 2351 1146 2431 ἰ’διον
1201 2351 1384 2432 Υἱὸν
1441 2351 1617 2457 ὑπὲρ
1677 2353 1880 2453 ἡμῶν
1934 2352 2220 2434 τιθέντα
2284 2352 2400 2433 διὰ
2460 2356 2589 2451 τῆς
2650 2358 2747 2435 εἰς
2807 2352 2992 2451 ἡμᾶς

588 2471 877 2576 ἀγάπης
941 2482 1057 2556 καὶ
1122 2477 1565 2582 ἀσυγκρίτου
1629 2477 2130 2584 χρηστότητος
2193 2483 2322 2577 τῆς
2384 2478 2637 2557 ἑαυτοῦ
2702 2476 2994 2584 φύσεως

587 2601 901 2704 ἀκριβεῖς
958 2602 1433 2705 ἀποσώζοντα
1487 2601 1654 2686 τούς
1707 2608 2184 2709 χαρακτῆρας,
2237 2602 2617 2704 ἠγάπησεν
2671 2600 2985 2698 εἰκότως,

254 2752 390 2807 659
410 2751 491 2808 A.
531 2766 568 2806 a
588 2726 672 2805 οὐ
707 2726 976 2825 μισθὸν
1014 2727 1263 2831 ὥσπερ
1313 2725 1473 2807 τινὰ
1523 2734 1671 2807 τῶν
1708 2734 1807 2813 εἰς
1859 2728 2039 2826 ἡμᾶς
2089 2726 2494 2832 γεγονότων
2531 2724 2663 2827 τὴν
2699 2725 2994 2826 ἀγάπην

588 2852 780 2960 αὐτῷ
839 2850 1303 2955 δωρούμενος,
1362 2851 1558 2949 ἀλλ’,
1615 2848 1869 2955 ὥσπερ
1924 2850 2319 2955 εἰρήκαμεν,
2376 2857 2503 2950 τῆς
2559 2851 2810 2934 οὐσίας
2864 2852 2992 2948 τῆς
3024 2879 3109 2921 20

589 2977 843 3056 ἑαυτοῦ
886 2975 971 3056 τὸ
1018 2974 1324 3077 γνήσιον
1360 2977 1437 3056 ἐν
1473 2980 1630 3083 Υἱῷ
1682 2981 1993 3079 θεωρῶν,
2030 2978 2145 3056 καὶ
2186 2975 2475 3080 φύσεως
2514 2972 2763 3078 ὥσπερ
2797 2976 2995 3054 τισὶν

589 3100 998 3202 ἀναγκαίοις
1053 3134 1129 3180 τε
1188 3104 1305 3181 καὶ
1361 3099 1872 3205 ἀπαραιτήτοις
1927 3102 2172 3185 ὁλκοῖς
2226 3100 2407 3203 πρὸς
2460 3108 2673 3179 τοῦτο
2728 3097 2997 3178 καλού-

589 3258 826 3321 μενος.
907 3220 1155 3327 ὥσπερ
1206 3227 1330 3305 ουν
1380 3223 1448 3303 εἴ
1494 3258 1604 3309 τις
1654 3228 1773 3304 καὶ
1830 3230 1975 3304 τῶν
2013 3226 2178 3305 καθ’
2219 3224 2403 3323 ἡμᾶς
2453 3226 2528 3303 ἐν
2564 3224 2718 3329 ἰδίῳ
2769 3222 2993 3330 τέκνῳ

594 3345 813 3450 τυχὸν
848 3351 976 3446 τῆς
1027 3349 1282 3433 οἰκείας
1331 3353 1621 3455 μορφῆς
1667 3351 1930 3453 ἀκριβῆ
1980 3347 2108 3428 τὸν
2147 3352 2564 3454 χαρακτῆρα
2618 3346 2988 3427 καταθεω-

528 3488 571 3552 b
594 3505 824 3569 μενος,
869 3470 1136 3573 αἴρεται
1188 3471 1369 3576 πρὸς
1421 3472 1752 3553 ἐπίτασιν
1803 3469 2089 3574 ἀγάπης
2144 3506 2261 3552 οτε
2315 3471 2644 3571 μάλιστα
2700 3471 2985 3566 βλέπει·
3024 3506 3110 3567 ²5

595 3595 780 3674 κατὰ
826 3603 1081 3676 τοῦτον
1117 3592 1314 3693 οἶμαι
1360 3594 1490 3675 τὸν
1526 3594 1797 3699 τρόπον
1833 3599 1873 3677 5
1911 3594 2095 3682 Θεὸς
2148 3599 2265 3677 καὶ
2303 3596 2563 3696 Πατὴρ
2610 3596 2994 3697 ἀγαπῆσαι

594 3718 877 3818 λέγεται
930 3718 1059 3800 τὸν
1110 3719 1289 3800 ἰ’διον
1325 3717 1505 3798 Υἰὸν
1561 3719 1737 3824 ὑπὲρ
1792 3720 1992 3820 ἡμῶν
2046 3719 2311 3802 τιθέντα
2365 3717 2472 3814 τῗιν
2526 3704 2711 3801 ἰδίαν
2753 3715 2995 3829 spemin

593 3845 708 3923 καὶ
774 3844 974 3929 αὖθις
1032 3842 1524 3943 λαμβάνοντα.
1618 3844 1906 3948 ἀγάπης
1963 3843 2103 3949 γὰρ
2158 3845 2370 3948 ἔργον
2423 3841 2509 3925 τὸ
2566 3847 2683 3924 καὶ
2737 3850 2996 3926 παθεῖν

664 4024 715 4102 7.
752 4011 915 4068 καίτοι
942 4015 1009 4069 τὸ
1038 4013 1105 4070 Β.
1130 4037 1215 4069 και
1244 4015 1304 4069 τὸ
1335 4016 1396 4069 τὸ
1424 4013 1629 4084 Holst„
1653 4013 1799 4069 unde
1829 4014 1912 4069 acal
1941 4015 2004 4069 τὸ
2027 4014 2172 4070 Aub.
2288 4013 2482 4069 Statim
2516 4017 2699 4097 χαρεῖν
2727 4013 2890 4068 habet
2926 4012 2996 4068 Β.

588 4105 791 4209 §nepem
814 4083 1064 4141 emendat
1089 4086 1295 4211 Μίἕηο,
1321 4085 1415 4141 sed
1441 4085 1577 4140 forte
1600 4103 1700 4157 pro
1724 4088 1944 4177 χαρῆγαι
1969 4095 2068 4141 eet.
2150 4085 2366 4140 Desunt
2387 4083 2520 4139 haee
2545 4102 2602 4139 m
2627 4102 2676 4140 a.
2843 4084 2896 4138 8.
2936 4084 2995 4138 ἐν

628 4155 861 4225 υμηδίαις
885 4156 949 4210 Β.
976 4156 1223 4284 εὐθυμέ’
1203 4179 1302 4214 ιαις
1331 4157 1429 4211 Ht.
1452 4157 1599 4211 unde
1623 4156 1816 4225 εὐθυμη
1819 4156 1930 4213 δίας
1953 4156 2099 4212 Aub.
2241 4173 2293 4247 9.
2329 4154 2456 4212 ὅλος
2483 4155 2548 4211 Β.
2623 4154 2817 4210 Statim
2842 4154 2994 4210 οὐδὲν

591 4228 685 4281 τὸν
712 4228 937 4281 απάντον
968 4228 1118 4284 οὐδὲν
1233 4233 1336 4283 τῶν
1366 4227 1605 4283 ἁπάντων
1636 4227 1786 4281 οὐδὲν
1784 4178 1915 4281 ⁷⁷.Ed
1941 4227 2093 4283 obba
2121 4226 2269 4282 r5v‘
2241 4228 2481 4282 απάντων
2503 4225 2753 4282 emendat
2792 4225 2992 4297 Heyoe.

594 4312 849 4421 (ligneo
762 4366 981 4423 adnotat
877 4316 1140 4425 walah.
1160 4300 1330 4442 qutllffi
1354 4295 1706 4442 ἑξόςῗοὲἰιδδζ
1724 4295 2334 4425 ξὲἓῑῖιειῖῗεῗὲῗιίἱέαξ.
2341 4293 2670 4424 ’lgio‘cgrgat
2693 4297 2834 4437 3⁸31
2837 4296 2994 4437 ἧθμῗῖν

590 4437 796 4493 τιθέντα
819 4437 1004 4494 deest
990 4458 1046 4495 ln
1067 4439 1302 4496 Catenis.
1451 4454 1534 4511 17.
1572 4442 1757 4495 ἑαυτοῦ
1786 4438 1847 4493 Β.
1852 4457 1945 4495 a.e.
1975 4439 2139 4494 Cord.
2163 4441 2322 4494 αὐτοῦ
2349 4439 2446 4495 Ht.
2472 4439 2577 4494 Ed.
2703 4454 2789 4494 21.
2826 4439 2993 4511 iam-«5

592 4525 640 4563 c.
669 4507 832 4564 Cord.
1018 4528 1048 4565 2
1091 4513 1225 4566 ,καὶ
1249 4519 1589 4581 assumptum
1615 4528 1682 4565 ex
1706 4528 1754 4564 a.
1781 4510 1902 4565 Cat.
1931 4509 2084 4565 Harl.
2111 4510 2237 4577 (mei
2362 4510 2538 4582 teate).
2712 4526 2800 4576 ²4·
2836 4530 2992 4564 κατα-

589 4579 841 4650 θεώμενος
864 4598 893 4636 e
919 4579 1036 4637 Cat.
1126 4584 1221 4637 arl.
1245 4581 1548 4638 emendavit
1571 4581 1719 4637 Aub.
1743 4580 2082 4653 καταθέμενος
2107 4581 2174 4636 Β.
2205 4528 2339 4637 dno
