3238 5158
603 327 727 391 182
1206 327 1284 390 B.
1332 324 1756 391 CYRILLI
1812 325 2396 393 ALEXANDR.
2787 326 2874 391 ix.
2898 342 3003 408 27.

594 491 696 592 μὴ
731 490 1145 595 πέπρακταί
1171 526 1241 570 τι
1279 498 1426 571 τῶν
1463 491 1604 598 ἔξω
1645 488 1867 590 νόμου
1903 489 2022 570 διὰ
2057 489 2192 592 τὴν
2226 495 2304 571 ἐν
2337 492 2705 602 σαββάτῳ
2741 497 3006 592 θεοση-

594 617 789 713 μίαν.
872 616 1333 718 ἀγριαίνοντα
1381 613 1526 718 γὰρ
1575 611 1705 695 τὸν
1736 616 1815 695 ἐν
1851 616 2090 701 αὐτοῖς
2138 619 2586 719 θηριοπρεπῆ
2637 617 3005 719 λογισμὸν

596 735 940 843 κατάγχει
1013 737 1097 819 τὸ
1166 737 1515 837 συνειδὸς,
1581 737 1887 843 χαλινὸν
1950 737 2199 844 ὥσπερ
2273 739 2615 847 ἐπιφέρον
2674 742 2796 821 καὶ
2867 742 3007 846 οὐχ

597 861 845 942 ἑκοῦσι
898 861 1026 943 τὸν
1072 860 1407 968 ἔλεγχον.

495 1103 944 1193 27Ἀπεκρίθυ
1000 1100 1225 1170 αὐτοῖο
1281 1098 1482 1171 Εἶπον
1530 1100 1679 1182 ὑμῖν
1729 1104 1881 1187 ἤδη,
1936 1106 2044 1171 καὶ
2095 1105 2214 1171 οὐκ
2269 1106 2613 1172 ἠκούσατε·
2690 1104 2752 1173 τί
2803 1107 3000 1173 πάλιν
3032 1115 3069 1178 5

537 1246 574 1290 ο
1558 1231 1784 1297 θέλετε
1837 1230 2142 1314 ἀκούειν,

710 1396 1061 1502 Περιττὸν
1102 1398 1240 1500 ἤδη
1298 1400 1651 1508 φαίνεται,
1694 1404 1907 1509 φησὶ,
1952 1400 2037 1482 τὸ
2093 1406 2209 1482 καὶ
2265 1407 2584 1487 εἰσαῦθις
2638 1406 2856 1483 εἰπεῖν
2901 1407 3004 1486 εἷς

594 1524 904 1609 ἀπειθεῖς
953 1522 1200 1621 ἀκοὰς,
1243 1529 1502 1604 εἰκαῖον
1554 1524 1631 1605 δὲ
1681 1523 1981 1632 σφόδρα
2031 1523 2117 1605 τὸ
2169 1529 2284 1605 καὶ
2335 1524 2761 1610 πλειστάκις
2816 1527 3004 1625 ὑμᾶς

592 1649 756 1751 περὶ
818 1646 1092 1729 τούτων
1150 1650 1511 1751 διερωτᾶν,
1573 1648 1647 1728 οἵ
1701 1683 1786 1751 γε
1845 1652 2250 1756 ὠφελεῖσθε
2316 1649 2447 1747 μὲν
2503 1648 2588 1729 τὸ
2651 1650 3005 1753 παράπαν

596 1770 822 1870 οὐδὲν,
859 1774 1085 1851 καίτοι
1134 1771 1481 1871 μαθόντες
1534 1776 1651 1853 καὶ
1694 1772 2175 1872 πεπεισμένοι,
2212 1775 2605 1853 ἀνελίττειν
2642 1773 2726 1851 δέ
2751 1810 2841 1873 με
2881 1778 3003 1855 καὶ
3036 1809 3114 1851 10

598 1902 728 1976 νῦν
776 1894 940 1981 τοὺς
995 1893 1248 1980 αὐτοὺς
1305 1895 1798 2000 προστάττετε
1851 1894 2117 1998 λόγους
2171 1897 2280 1977 ἐπ’
2334 1898 2561 1977 οὐδενὶ
2617 1904 2762 1977 τῶν
2808 1899 3002 2002 χρηί

597 2020 856 2119 σίμων,
924 2023 1022 2104 ὡς
1096 2020 1142 2120 ἦ
1205 2026 1417 2123 πεῖρα
1479 2026 1646 2127 βοᾷ.
1755 2017 2037 2124 ἐλέγχει
2100 2017 2245 2125 γὰρ
2316 2020 2433 2101 διὰ
2497 2020 2772 2101 τούτων
2835 2020 3012 2107 τοῦς

256 2144 435 2273 {vmf-
597 2144 1040 2247 Φαρισαίους
1073 2145 1112 2223 ό
1161 2143 1757 2248 τεθεραπευμένος
1804 2147 1902 2228 ὡς
1939 2145 2441 2245 ἀνοηταίνουσι
2477 2148 2758 2248 κομιδῇ,
2796 2155 2840 2192 “
2867 2143 3006 2245 τὴν

528 2283 572 2347 d
597 2277 643 2316 “
676 2266 809 2367 μὲν
866 2266 1088 2368 ἀκοὴν
1147 2268 1732 2375 ἀποστρέφοντες
1799 2265 1943 2347 ἀπὸ
2004 2271 2135 2367 τῆς
2200 2266 2605 2368 ἀληθείας,”
2664 2265 2848 2348 κατὰ
2912 2268 3003 2350 τὸ

595 2391 1110 2497 γεγραμμένον,
1163 2393 1278 2472 ἐπὶ
1335 2390 1411 2471 δὲ
1465 2396 1569 2498 τῷ
1624 2388 1985 2471 λελύσθαι
2039 2389 2168 2471 τὸν
2223 2390 2445 2488 νόμον
2493 2393 2622 2471 οὐκ
2676 2390 3004 2493 εὐλόγως
3036 2431 3064 2474 ι
3076 2428 3113 2491 5

593 2514 1201 2622 παρωργισμένοι,
1257 2514 1375 2596 διά
1429 2549 1506 2596 τε
1562 2515 1837 2597 τούτων
1893 2513 2020 2596 τὸν
2074 2516 2416 2624 εὐφημεῖν
2468 2514 2815 2597 ἐθέλοντα
2869 2513 3005 2599 τὸν

593 2639 1071 2746 τερατουργὸν
1142 2644 1218 2720 ἐν
1292 2638 1696 2743 κατηγόρου
1766 2638 1968 2746 τάξει
2038 2647 2366 2742 παρεῖναι
2440 2640 2873 2739 κελεύοντες,
2953 2640 3003 2743 ἢ

593 2765 1021 2875 θαυμαστὴν
1057 2763 1400 2869 ὑπάρχειν
1438 2761 2100 2860 ὑπολαμβάνοντες·
2158 2762 2249 2864 ἦν
2282 2762 2425 2867 γὰρ
2463 2765 2668 2849 οὗτος
2705 2768 3003 2865 ἀληθῶς

593 2891 671 2968 ἐν
725 2888 1005 2974 ἐκείνοις
1072 2891 1113 2969 ὃ
1178 2884 1475 2984 σκοπὸς,
1535 2887 1821 2990 ἐπείπερ
1876 2887 2113 2972 αὐτοῖς
2174 2884 2571 2992 ἀδιάφορον
2621 2897 3004 2975 παντελῶς

595 3016 713 3093 καὶ
749 3016 824 3094 ἐν
859 3013 1063 3121 λόγῳ
1098 3020 1227 3094 τοῦ
1262 3007 1565 3113 μηδενὸς
1600 3008 1647 3109 ἡ
1683 3017 1812 3090 τοῦ
1848 3007 2071 3110 νόμου
2108 3008 2531 3113 παράβασις
2564 3009 2674 3112 ἦν.
2734 3011 2854 3092 διά
2885 3047 2998 3093 τοι
3033 3049 3110 3088 20

594 3145 808 3219 τοῦτο
855 3136 948 3217 τὰ
996 3138 1231 3216 δίκαια
1281 3136 1539 3238 κρίνειν
1573 3130 2105 3237 παρωσάμενοι,
2142 3132 2324 3237 πρὸς
2363 3132 2448 3215 τὸ
2495 3138 2751 3215 δοκοῦν
2785 3135 2996 3239 ἐτρά-

256 3264 463 3396 21⁸1·st
534 3291 570 3335 e
595 3294 820 3340 ποντο
875 3258 1116 3359 μόνον,
1164 3258 1388 3339 καίτοι
1444 3259 1783 3361 λε’γοντος
1838 3258 2406 3358 ἀμνημονοῦντες
2461 3262 2655 3338 Θεοῦ
2693 3268 2736 3305 “
2763 3261 3000 3360 Χείλη

295 3367 310 3380 ⁹
597 3392 642 3431 “
678 3382 911 3487 ἱερέως
989 3381 1395 3489 φυλάξεται
1477 3383 1736 3484 κρίσιν,
1812 3382 1930 3459 καὶ
2010 3379 2230 3479 νόμον
2316 3380 2834 3485 ἐκζητήσουσιν
2919 3385 3000 3463 ἐκ

596 3516 642 3553 “
678 3504 1044 3604 στόματος
1097 3502 1390 3585 αὐτοῦ.”

904 3745 1019 3812 ΜΡ·
1078 3746 1185 3812 καὶ
1237 3739 1421 3822 ὑμεῖς
1475 3744 1702 3810 θέλετε
1756 3742 2043 3821 μαθηταὶ
2095 3743 2294 3810 αὐτοῦ
2347 3747 2683 3829 Γενέσθαι;
3029 3775 3110 3836 25

705 3916 1209 4024 Ὡμολόγηκεν
1244 3919 1382 4020 ἤδη
1430 3923 1715 4025 σαφῶς,
1753 3920 1871 3997 καὶ
1922 3918 2340 4015 ὑποστολῆς
2390 3914 2684 4017 ἁπάσης
2734 3916 2994 4025 ἐξῃρη-

668 4157 722 4206 4.
756 4136 873 4210 τὸν]
900 4140 961 4193 τὸ
987 4138 1194 4209 Migne.
1396 4137 1448 4191 8.
1486 4133 1703 4207 εἰκαῖον]
1729 4136 1947 4205 μάταιον
1969 4153 2018 4191 a.
2216 4153 2270 4208 9.
2306 4135 2591 4207 ὠφέλησθε
2616 4153 2665 4190 a.
2694 4134 2814 4193 Cat.
2842 4135 3001 4194 Harl.

603 4225 685 4264 10.
719 4231 784 4280 με
808 4226 919 4265 om.
945 4208 1014 4265 B.
1083 4207 1396 4279 Assumpsit
1419 4225 1449 4263 e
1475 4206 1595 4262 Cat.
1619 4216 1685 4262 ut
1708 4206 1818 4262 vid.
1842 4207 1989 4262 Aub.
2244 4205 2330 4261 16.
2366 4207 2453 4262 διά
2474 4228 2531 4262 τε
2554 4205 2778 4279 τούτων]
2806 4207 2890 4262 καὶ
2914 4208 3001 4263 διὰ

594 4284 751 4335 τοῦτο
773 4297 824 4335 a.
996 4296 1079 4351 17.
1113 4282 1349 4350 παρεῖναι
1375 4277 1491 4333 Ba.
1516 4277 1637 4333 Cat.
1667 4277 1821 4332 Harl.
1846 4273 1975 4333 εἶναι
2000 4277 2183 4332 Holet.
2211 4275 2317 4332 Ed.
2487 4294 2573 4333 20.
2609 4279 2827 4349 μηδενὸς
2849 4278 2880 4347 ἦ
2905 4282 3002 4333 τοῦ

596 4353 755 4420 νόμου
789 4351 1090 4420 παράβασις
1123 4348 1186 4419 ἦν
1216 4350 1283 4405 Β.
1315 4349 1476 4420 μηδὲν
1510 4351 1687 4405 νοσεῖν
1717 4351 1812 4403 τοῦ
1845 4350 2005 4419 νόμον
2038 4350 2340 4417 παράβασις
2375 4347 2438 4418 ἦν
2463 4349 2563 4405 Ht.
2599 4349 2746 4404 unde
2780 4349 3001 4419 μηδενὸς

594 4418 657 4489 ἦν
677 4424 773 4476 τοῦ
796 4425 955 4492 νόμον
978 4422 1276 4492 παράβασις
1298 4419 1601 4476 emendavit
1624 4419 1771 4474 Aub.
1966 4435 2052 4490 23.
2087 4418 2384 4501 φυλάξεται
2407 4418 2571 4477 edidi.
2595 4418 2887 4489 λαλήσεται
2913 4420 2999 4474 καὶ

590 4492 886 4564 φυλάξεται
908 4509 1007 4563 pro
1032 4509 1179 4547 more
1205 4500 1267 4546 ut
1288 4489 1503 4546 videtur
1525 4489 1840 4561 corrigentis
1865 4506 1960 4559 per
1983 4488 2332 4545 add1tionem.
2359 4487 2463 4545 Ed.
2692 4503 2781 4560 25.
2815 4489 2997 4546 θέλετε

588 4562 813 4633 μαθηταὶ
834 4563 991 4618 αὐτοῦ
1014 4562 1118 4619 hoc
1141 4561 1329 4617 ordine
1356 4560 1422 4616 Β.
1445 4561 1670 4632 μαθηταὶ
1691 4561 1851 4616 αὐτοῦ
1874 4559 2056 4617 θέλετε
2082 4559 2182 4615 Ht.
2207 4558 2313 4614 Ed.
