3238 5158
623 304 758 367 454
1231 306 1314 371 B.
1359 304 1785 371 CYRILLI
1843 306 2423 373 ALEXANDB..
2780 306 2928 370 xiv.
2959 322 3074 366 11.

627 477 674 514 “
707 467 1066 567 ἠκούσατε
1120 471 1198 549 ἐν
1251 473 1420 570 ὑμῖν
1474 470 1766 572 μενέτω·
1837 471 1962 552 ἐὰν
2008 472 2155 576 γὰρ
2207 476 2285 554 ἐν
2333 476 2498 574 ὑμῖν
2550 472 2764 577 μείνῃ
2823 471 2871 550 ὃ
2932 473 3072 551 ἀπ’

627 599 673 638 “
708 592 937 696 ἀρχῆς
991 592 1371 694 ἠκούσατε,
1414 599 1533 676 καὶ
1587 598 1783 695 ὑμεῖς
1837 598 1914 675 ἐν
1965 602 2072 704 τῷ
2124 602 2282 705 ’Υἱῷ
2334 601 2453 677 καὶ
2505 599 2583 677 ἐν
2633 603 2740 704 τῷ
2801 599 3076 697 Πατρὶ

626 723 672 762 “
702 716 1038 814 μενεῖτε.”
1121 719 1240 797 καὶ
1304 719 1380 799 τί
1433 717 1520 801 τὸ
1584 720 1708 800 ἀπ’
1766 722 2015 825 ἀρχῆς,
2075 719 2256 824 ὅπερ
2317 721 2486 821 ἡμῖν
2553 720 3072 801 διακελεύεται

625 839 880 938 μένειν,
943 840 1061 921 ἵνα
1124 841 1322 942 ἡμεῖς
1383 838 1575 942 ωμεν
1639 845 1716 923 ἐν
1774 849 1962 951 Θεῷ,
2025 844 2238 929 αὐτὸς
2312 845 2482 945 ἡμῖν
2547 843 2758 925 οὐδὲν
2823 844 3072 943 ἧττον

296 981 319 1016 ¹
333 967 536 1018 SJoan.
626 970 975 1070 σαφηνιεῖ
1002 964 1242 1067 λέγων
1277 976 1324 1014 “
1349 964 1530 1048 Ὅτι
1564 967 1746 1068 αὕτη
1781 969 1984 1048 ἐστὶν
2019 969 2065 1069 ἡ
2101 969 2505 1070 ἐπαγγελία
2547 965 2639 1067 ἣν
2673 969 3066 1068 ἠκούσατε
3091 992 3126 1050 5

288 1034 458 1162 {¹03
450 1104 532 1160 Δ.
569 1119 606 1159 ει
627 1097 670 1135 “
707 1088 830 1169 ἀπ’
867 1090 1116 1240 ἀρχῆς,
1149 1089 1266 1170 ἵνα
1301 1092 1632 1194 ἀγαπᾶτε
1666 1090 2102 1191 ἀλλήλουςῗ
2159 1090 2435 1176 ἀκούεις
2469 1091 2664 1176 ὅπως
2699 1091 2944 1189 ἐσμὲν
2978 1094 3068 1172 ἐν

628 1215 818 1320 Θεῷ,
854 1211 987 1314 τὴν
1021 1210 1315 1316 ἀγάπην
1350 1213 1690 1316 δηλονότι
1736 1214 1872 1316 τὴν
1908 1221 2005 1300 εἰς
2052 1215 2426 1316 ἀλλήλους
2472 1216 3061 1316 ἐπιτηδεύοντες,

625 1338 743 1415 καὶ
812 1334 948 1436 τὴν
1019 1345 1148 1419 τοῦ
1220 1342 1558 1442 Σωτῆρος
1636 1345 2047 1444 ἶχνηλατεῖν
2117 1338 2380 1444 ἀρετὴν
2443 1341 2607 1420 καθ’
2676 1340 2875 1420 ὅσον
2950 1340 3062 1421 {ia

624 1458 1173 1563 σπουδάζοντες·
1263 1462 1524 1566 ἀρετὴν
1588 1462 1668 1543 δὲ
1741 1467 1950 1570 φημὶ,
2015 1465 2100 1544 οὔ
2165 1462 2301 1565 τὴν
2364 1465 2443 1543 ἐν
2504 1469 2608 1571 τῷ
2673 1463 3062 1545 δύνασθαι

623 1584 877 1688 κτίζειν
932 1584 1292 1688 οὐρανοὺς,
1347 1584 1395 1686 ἢ
1452 1595 1683 1668 ποιεῖν
1737 1586 2121 1690 ἀγγέλους,
2169 1587 2222 1690 ἢ
2277 1592 2707 1690 καθιδρῦσαι
2767 1592 2944 1690 γῆν,
3005 1586 3057 1689 ἢ
3085 1620 3152 1662 ιο

623 1707 1026 1790 θάλασσαν
1059 1710 1450 1818 ἐξαπλοῦν,
1490 1714 1655 1793 οὔτε
1690 1710 1836 1812 μὴν
1869 1711 2004 1813 τὴν
2036 1714 2114 1792 ἐν
2148 1713 2407 1820 ἐκείνῳ,
2445 1713 2608 1792 καθ’
2650 1709 2692 1791 ὃ
2746 1711 3058 1820 ἀῤῥήτφ

622 1836 741 1913 καὶ
805 1831 1353 1942 ἀπεριεργάστῳ
1416 1833 1729 1935 δυνάμει,
1786 1833 1989 1945 λόγῳ
2048 1834 2181 1936 μὲν
2233 1833 2661 1935 πνευμάτων
2713 1839 3056 1935 ἐκοίμισε

622 1955 809 2051 βίας,
881 1959 1215 2057 διανίστη
1286 1956 1363 2038 δὲ
1434 1955 1602 2043 τοὺς
1678 1956 2135 2060 τεθνηκότας,
2203 1959 2432 2062 ἤγουν
2502 1967 2652 2044 τοῖς
2721 1969 3056 2063 τυφλοῖς

553 2088 599 2154 b
625 2078 978 2184 ἐχαρίζετο
1013 2080 1098 2162 τὸ
1133 2080 1523 2183 βλέπειν,ἢ
1560 2089 1669 2190 τῷ
1703 2089 1952 2191 λεπρῷ
1984 2084 2489 2188 καθαρίζεσθαι
2523 2083 2702 2182 μετὰ
2738 2090 3052 2185 πολλῆς
3215 2174 3216 2179 1

622 2237 814 2288 τινος
869 2208 997 2305 τῆς
1052 2206 1387 2313 ἐξουσίας
1431 2208 1836 2288 ἐπέταττεν·
1893 2207 2164 2309 ἐκείνην
2211 2206 2289 2288 δὲ
2335 2215 2650 2307 μᾶλλον,
2699 2208 2898 2311 ἥπερ
2950 2207 3048 2289 ἂν
3074 2238 3138 2297 15
3215 2274 3216 2277 ,

623 2327 968 2430 ἀρμόττοι
1002 2337 1153 2415 τοῖς
1194 2335 1324 2430 τῆς
1370 2330 1927 2435 ἀνθρωπότητος
1960 2330 2264 2435 μέτροις.
2343 2331 2741 2436 εὑρήσομεν
2777 2335 3040 2432 αὑτὸν,

284 2440 875 2606 ¹15-823151212‘30sz
942 2453 1071 2533 οὖν
1127 2456 1169 2534 ὁ
1236 2454 1537 2538 Παῦλός
1601 2462 1813 2563 φησι,
1870 2455 2382 2558 λοιδορηθέντα
2444 2454 2577 2555 μὲν
2627 2455 2831 2604 παρὰ
2889 2465 3046 2539 τῶν

621 2577 938 2658 ἀνοσίων
963 2579 1351 2678 Ἰουδαίων,
1379 2582 1509 2660 οὐκ
1545 2579 2243 2685 ἀντιλοιδορήσαντα
2279 2578 2378 2678 δὲ,
2406 2578 2610 2661 ἀλλὰ
2641 2578 3046 2687 πάσχοντα

619 2737 772 2801 μεν,
811 2705 939 2783 οὐκ
976 2701 1479 2804 ἀπειλήσαντα
1513 2701 1614 2801 δε,
1651 2703 2071 2807 παραδόντα
2121 2704 2196 2785 δε
2250 2712 2547 2804 μᾶλλον
2579 2711 2684 2812 τῷ
2718 2706 3043 2809 κρίνοντι

284 2833 530 2968 {ffiffl
621 2827 926 2912 δικαίως·
1018 2826 1418 2932 ευρήσομεν
1491 2826 1713 2907 αὐτον
1776 2828 2089 2929 λέγοντα
2161 2828 2389 2911 πάλιν
2448 2840 2493 2877 “
2533 2828 2831 2909 Μάθετε
2913 2834 3036 2911 ἀπ’
3061 2872 3124 2912 20

619 2961 664 2999 “
699 2954 893 3051 ἐμοῦ,
931 2949 1041 3032 ὅτι
1076 2948 1310 3055 πραΰς
1346 2957 1488 3050 εἶμι
1534 2956 1654 3032 καὶ
1702 2952 2033 3038 ταπεινὸς
2079 2960 2172 3059 τῇ
2223 2954 2499 3061 καρδία,
2537 2958 2656 3034 καὶ
2690 2953 3040 3058 εὑρήσετε

619 3086 665 3124 “
698 3074 1111 3158 ἀνάπαυσιν
1147 3083 1301 3162 ταῖς
1337 3081 1613 3183 ψυχαῖς
1650 3076 1912 3175 ὑμῶν.”

558 3217 596 3265 0
733 3201 1025 3281 Οὐκοῦν
1069 3200 1188 3280 διὰ
1241 3199 1374 3301 μὲν
1419 3207 1567 3282 τῶν
1615 3200 1992 3282 τοσούτων
2036 3200 2613 3307 κατορθωμάτων
2653 3209 3036 3302 μιμεῖσθαι

618 3323 1148 3427 σπουδάζοντες
1194 3324 1324 3405 τὸν
1359 3324 1656 3426 ἀπάσης
1706 3325 1874 3425 ἡμῖν
1907 3327 2163 3429 ἀρετῆς
2211 3324 2531 3428 ἡγεμόνα
2565 3324 2925 3429 Χριστὸν,
2959 3328 3035 3408 ἕν

618 3483 697 3529 τε
733 3456 837 3557 τῷ
877 3454 1117 3552 Πατρὶ
1156 3453 1272 3530 καὶ
1310 3451 1387 3528 ἐν
1422 3451 1615 3557 αὐτῷ
1651 3448 1886 3548 με’νειν
1920 3448 2305 3552 λεγόμεθα,
2342 3449 2560 3554 γε’ρας
2611 3447 2868 3555 ὥσπερ
2914 3454 3032 3532 καὶ
3054 3487 3120 3547 ²5

619 3574 1085 3673 ἀντιμισθίαν
1120 3577 1251 3673 τῆς
1285 3575 1361 3652 ἐν
1395 3574 1537 3682 βίῳ
1572 3571 2015 3675 σεμνότητος
2050 3572 2136 3655 τὸ
2173 3581 2481 3677 πρᾶγμα
2518 3576 3026 3678 κερδαίνοντες.

621 3701 663 3778 ὃ
718 3695 797 3778 δὲ
834 3696 1011 3781 Υἱὸς
1060 3698 1189 3778 οὐκ
1238 3699 1316 3777 ἐκ
1369 3697 1644 3777 τούτων
1688 3699 1875 3798 ἡμᾶς
1922 3698 2056 3800 τὴν
2089 3701 2398 3780 ἐνοῦσαν
2434 3699 2630 3807 αὐτῷ
2680 3697 3024 3802 λαμπρό·

620 3856 805 3924 τητα
854 3820 1254 3925 δοκιμάζειν
1295 3820 1665 3920 βούλεται,
1701 3829 1792 3928 τῇ
1844 3820 1920 3903 δὲ
1970 3829 2116 3903 τῶν
2157 3821 2595 3931 παραδόξων
2637 3825 3023 3928 μεγαλειό-

621 3979 783 4045 τητι
837 3944 1021 4046 μετὰ
1081 3950 1211 4046 τῆς
1276 3945 1578 4047 ἐνούσης
1637 3947 2005 4052 ἀγχινοίας
2060 3945 2665 4053 προσεσχηκότας
2731 3948 3025 4028 διασκέ-

620 4076 934 4153 πτεσθαι
1008 4076 1156 4152 δεῖν
1218 4068 1570 4153 ἐπιτάττει
1642 4070 1777 4171 τὴν
1840 4069 2410 4176 ἀπαράλλακτον
2471 4071 2874 4178 ἐμφέρειαν,
2938 4071 3029 4173 ἦν
3050 4115 3117 4173 30

622 4193 766 4301 ἔχει
799 4194 982 4299 πρὸς
1019 4193 1149 4277 τὸν
1183 4194 1477 4301 Πατέρα
1511 4192 1640 4277 τὸν
1677 4197 1952 4296 ἑαυτοῦ,
1987 4194 2353 4277 πιστεύειν
2386 4204 2467 4276 τέ
2503 4197 2691 4276 οὕτω
2728 4195 3019 4298 λοιπὸν,

695 4432 743 4470 ι.
762 4415 882 4507 γὰρ
906 4427 1244 4507 assumptum
1270 4436 1335 4472 ex
1362 4417 1426 4472 E.
1548 4401 1551 4402 ⁷
1754 4433 1836 4472 ιι.
1875 4417 2157 4476 θαλάσσας
2180 4416 2247 4474 Ε.
2566 4433 2649 4473 12.
2685 4417 2935 4486 ἐκοίμησε
2960 4417 3024 4472 E.

626 4488 709 4542 18.
746 4486 1262 4615 αντιλοὲδορῆσαντες
1286 4488 1352 4544 Ε.
1501 4505 1583 4560 19.
1622 4486 1998 4559 ἀπειλήσαντες
2021 4487 2087 4545 Ε.
2324 4504 2411 4543 21.
2447 4486 2615 4559 πραΰς
2638 4486 2704 4544 Ε.
2730 4490 2899 4558 πρᾶός
2921 4488 3023 4544 Ed.

622 4574 708 4614 ιι.
747 4580 888 4628 ημων
