3238 5158
228 354 494 422 viii.20.
586 355 701 419 IN
761 356 828 419 S.
876 353 1391 420 JOANNEM.
1481 353 1673 419 LIB.
1705 353 1788 418 V.
1879 354 2083 418 CAP.
2132 352 2264 416 ΙΙΙ.
2585 352 2628 413 3

230 523 324 622 τῇ
373 519 542 620 παρ’
584 521 776 626 αὐτῷ
820 520 905 600 τὸ
955 526 1178 601 θεῖναι
1225 518 1447 619 αὐτὴν
1482 517 1779 625 ψυχήν;
1844 516 2132 624 ἐλήφθη
2181 514 2323 619 γὰρ
2376 512 2467 593 ἀν
2512 516 2628 593 καὶ

232 641 370 746 οὐχ
407 641 727 740 ἑκόντως,
763 644 958 746 εἴπερ
995 641 1087 743 ἦν
1122 644 1250 723 οὐκ
1285 645 1360 723 ἐν
1396 644 1626 750 ἑαυτῷ
1660 641 1743 721 τὸ
1777 647 2056 722 παθεῖν.
2137 646 2196 719 εἶ
2230 637 2307 719 δὲ
2343 637 2631 737 τίθησιν

234 761 459 863 αὐτὴν
494 766 618 872 ἀφ’
661 767 940 863 ἑαυτοῦ,
983 764 1067 846 τὸ
1118 766 1258 870 ἀρα
1310 772 1564 846 παθεῖν
1601 766 1731 844 οὐκ
1780 767 1857 845 ἐν
1902 763 2192 862 δυνάμει
2242 768 2334 868 τῇ
2387 759 2630 863 ἑτέρου

234 885 446 985 τινὸς,
489 890 661 967 ἀλλ’
708 893 785 969 ἐν
831 890 1188 991 βουλήσει
1241 888 1427 995 μόνῃ
1485 895 1574 994 τῇ
1629 890 1845 969 αὐτοῦ
1900 886 2383 991 θεωρήσομεν.
2465 883 2629 964 τότε

166 1037 205 1098 5
235 1007 380 1114 γὰρ
451 1017 606 1095 ταῖς
677 1019 825 1092 τῶν
887 1011 1250 1113 Ἰουδαίων
1322 1012 1684 1095 ἀπονοίαις
1756 1008 2217 1114 διεξάγεσθαι
2288 1006 2470 1112 πρὸς
2543 1004 2630 1086 τὰ

234 1135 518 1218 ἐκείνοις
567 1140 820 1216 δοκοῦν
858 1137 1430 1240 συγκεχώρηκεν,
1469 1134 1586 1215 ὅτε
1638 1133 1712 1214 δὲ
1761 1137 2083 1214 συνεῖδεν
2118 1132 2256 1233 ἤδη
2303 1131 2629 1233 παρόντα

234 1255 364 1336 τὸν
399 1257 766 1360 πρέποντα
800 1265 903 1365 τῷ
941 1259 1226 1364 θανάτῳ
1260 1256 1527 1360 καιρόν.

354 1380 491 1478 Μὴ
527 1379 711 1481 μέγα
748 1382 1099 1486 φρονείτω
1135 1389 1517 1482 τοιγαροῦν
1550 1381 1664 1458 ἐπὶ
1700 1386 1847 1462 τοῖς
1883 1383 2131 1459 ἐαυτοῦ
2168 1377 2630 1478 τολμήμασιν
2653 1413 2689 1451 a
2730 1397 2870 1451 498
2889 1395 2970 1452 A.

241 1503 282 1579 5
340 1499 624 1604 ἀλαζὼν
671 1508 1093 1603 Φαρισαῖος,
1147 1498 1325 1602 μηδὲ
1377 1500 1652 1603 λεγέτω
1718 1502 2145 1608 φυσώμενος·
2208 1503 2284 1579 ἐκ
2348 1506 2632 1599 πολλῆς

136 1658 216 1698 ιο
246 1624 595 1773 ἀβουλίας
635 1630 728 1705 Εἰ
767 1623 955 1710 Θεὸς
1001 1624 1183 1705 κατὰ
1239 1626 1467 1733 φύσιν
1511 1627 1826 1730 ὑπῆρχεν
1873 1627 1914 1704 5
1965 1622 2311 1726 Χριστὸς,
2351 1630 2505 1707 πῶς
2554 1625 2636 1702 οὐ

248 1747 540 1849 γε’γονεν
573 1748 712 1856 ἔξω
759 1748 1056 1853 βρόχων
1095 1756 1241 1829 τῶν
1282 1752 1517 1849 ἐμῶν·
1495 1810 1517 1846 ,
1588 1756 1743 1833 πῶς
1792 1750 1874 1828 οὐ
1924 1749 2162 1851 διέδρα
2211 1755 2453 1852 χεῖρας
2507 1745 2635 1831 τὰς

243 1868 470 1969 ἐμάς·
446 1932 470 1967 ,
543 1871 1059 1952 ἀντακούσεται
1107 1872 1251 1975 γὰρ
1298 1872 1497 1977 παρὰ
1547 1880 1693 1952 τῶν
1728 1872 2179 1974 ἀγαπώντων
2214 1869 2432 1951 αὐτόν
2467 1873 2635 1974 Οὐχ

242 1995 283 2073 5
341 1992 478 2079 σὸς
537 1998 758 2081 οὕτως
824 1996 1089 2101 ἴσχυσε
1152 1995 1446 2101 βρόχος·
1534 1993 1626 2096 ἦν
1679 2031 1824 2100 γαρ
1890 1993 2094 2076 οὐδὲν
2152 1993 2477 2100 χαλεπὸν
2534 1999 2636 2100 τῷ

239 2116 532 2197 πάντων
563 2128 938 2222 κρατοῦντι
979 2126 1146 2227 Θεῷ
1195 2120 1328 2219 τὴν
1365 2118 1509 2220 σὴν
1545 2127 2002 2222 συνθραῦσαι
2053 2121 2345 2221 παγίδα,
2383 2121 2500 2199 καὶ
2550 2118 2637 2198 τὸ

134 2264 211 2326 15
240 2244 371 2340 τῆς
423 2246 563 2341 σῆς
619 2244 1048 2338 δυσσεβείας
1103 2245 1485 2324 ὑπεκδῦναι
1539 2246 1845 2323 δίκτυον·
1911 2245 2078 2323 ἀλλ’
2117 2242 2205 2343 ἦν
2248 2240 2333 2322 τὸ
2385 2246 2639 2322 παθεῖν

241 2370 345 2471 τῷ
390 2362 645 2473 κόσμῳ
693 2365 1072 2470 σωτήριον,
1111 2365 1326 2449 λύσις
1379 2363 1472 2466 ἦν
1508 2366 1820 2448 θανάτου
1865 2365 1950 2446 τὸ
2000 2366 2254 2464 πάθος,
2291 2365 2641 2469 ἁμαρτίας

244 2491 359 2566 καὶ
407 2492 713 2595 οφθορᾶς
777 2488 1298 2597 καταστροφὴν
1359 2491 1400 2569 5
1465 2490 1689 2593 με’γας
1758 2488 1902 2594 εἶχε
1964 2488 2301 2593 σταυρός.
2413 2497 2640 2568 ταῦτα
2662 2505 2706 2571 b

239 2611 623 2713 γινώσκων
695 2616 792 2696 ὡς
863 2612 1050 2697 Θεὸς
1120 2621 1267 2697 τοῖς
1347 2620 1509 2697 σοῖς
1584 2611 1835 2694 ἑαυτὸν
1908 2614 2256 2714 ὑπέθηκεν
2324 2612 2642 2697 ἀνοσίοις

240 2733 691 2835 τολμήμασι·
774 2734 850 2814 τί
899 2734 1042 2836 γὰρ
1087 2735 1244 2816 εῖπέ
1291 2769 1411 2831 μοι
1470 2735 1807 2815 διεκώλυε
1861 2736 2424 2837 περιπλέκεσθαι
2481 2735 2641 2815 τότε

136 2886 220 2927 20
243 2863 533 2955 μᾶλλον
589 2858 804 2963 αὐτῷ,
859 2855 978 2935 ὅτε
1030 2857 1197 2957 παρ’
1259 2859 1453 2963 αὐτῷ
1508 2866 1600 2963 τῷ
1663 2858 2179 2964 γαζοφυλακίῳ
2236 2852 2644 2936 διδάσκοντι

244 2978 411 3065 τοὺς
446 2978 745 3063 ὀδόντας
778 2976 1141 3082 ἐπέτριζές’
1202 2981 1318 3057 καὶ
1356 2984 1415 3057 εἰ
1451 2981 1578 3078 τῆς
1615 2983 1757 3075 σῆς
1795 2975 2155 3076 δυνάμεως
2190 2975 2402 3080 ἔργον
2436 2976 2525 3077 ἦν
2560 2977 2645 3058 τὸ

246 3107 532 3203 νικῆσαι
568 3100 924 3206 Χριστὸν,
967 3102 1045 3181 τί
1081 3100 1183 3202 μὴ
1221 3102 1521 3200 δέσμιον
1555 3098 1874 3201 ἐποιήσω
1911 3098 2119 3195 τότε;
2177 3101 2352 3179 ἀλλ’
2392 3099 2637 3201 εἱστή-

246 3257 387 3308 κεις
457 3231 662 3333 θυμῷ
725 3222 857 3324 μὲν
920 3224 1207 3332 ἀκράτῳ
1272 3223 1453 3329 πρὸς
1517 3223 1935 3331 μιαιφονίαν
1999 3218 2640 3325 ἐκκεκαλυμμὲνως,

244 3345 585 3452 πράττων
621 3346 697 3428 δὲ
744 3354 889 3427 τῶν
927 3346 1330 3427 δοκούντων
1374 3346 1601 3428 οὐδέν.
1684 3349 1885 3427 οὔπω
1932 3348 2075 3451 γὰρ
2124 3349 2339 3448 ἤθελε
2386 3354 2639 3429 παθεῖν

143 3489 222 3552 ²5
248 3472 289 3549 5
342 3478 498 3553 ταῖς
550 3477 718 3553 σαῖς
772 3471 1134 3553 ἀπονοίαις
1189 3476 1336 3551 τῶν
1384 3467 1759 3574 ἀῤῥήκτων
1808 3468 2057 3572 ὥσπερ
2112 3477 2434 3574 χαλινῶν
2480 3505 2632 3551 πει-

247 3592 472 3676 σθείς.
547 3600 772 3672 ταῦτα
806 3591 940 3692 μὲν
977 3592 1066 3670 ἄν
1102 3626 1210 3676 τις
1259 3590 1544 3677 εἰκότως
1591 3600 1747 3676 ταῖς
1801 3599 1944 3672 τῶν
1978 3595 2340 3672 Ἰουδαίων
2375 3605 2630 3695 γλωσ-
2662 3621 2699 3665 0

247 3717 595 3817 σαλγίαις
631 3719 998 3799 ἀντιτιθεὶς
1036 3714 1456 3815 δυσωπήσει
1489 3718 1605 3795 καὶ
1644 3717 1779 3818 οὐχ
1814 3714 2102 3799 ἑκόντας
2139 3722 2236 3801 εἷς
2270 3714 2355 3794 τὸ
2392 3714 2491 3815 μὴ
2537 3715 2636 3800 οἷς

249 3838 513 3938 ἥκιστα
564 3843 748 3943 χρῆν
792 3836 1480 3940 ἀπαλαζονεύεσθαι·
1543 3837 2061 3935 ἀποθαυμάσαι
2110 3837 2185 3917 δὲ
2234 3837 2324 3916 ἀν
2358 3871 2486 3935 τις,
2524 3842 2640 3917 καὶ

249 3960 451 4061 μάλα
501 3959 804 4059 εἰκότως,
841 3959 971 4039 τὸν
1014 3957 1223 4062 ἅγιον
1261 3959 1819 4063 Εὐαγγελιστὴν
1861 3957 2481 4061 ἐπισημηνάμενον
2518 3960 2632 4039 εὐ-

326 4162 373 4200 1.
410 4149 472 4215 τῇ
499 4144 798 4200 emendavit
821 4144 968 4199 Aub.
992 4143 1087 4213 τὴν
1113 4143 1178 4198 Β.
1210 4143 1390 4199 Holst.
1657 4144 1778 4199 B.
1803 4145 1958 4199 αὐτοῦ
1985 4144 2082 4199 Ht.
2111 4142 2212 4197 Ed.
2347 4143 2531 4230 αὐτὴν
2554 4160 2639 4197 as-

251 4225 531 4287 sumptum
554 4232 619 4301 εξ
648 4215 711 4269 Β.
742 4213 840 4269 Ht.
961 4230 1012 4268 2.
1048 4215 1145 4268 αὐτ·
1158 4214 1279 4270 B.
1304 4213 1603 4269 emendavit
1690 4224 1730 4269 t.
1858 4213 1910 4269 6.
1946 4214 2180 4269 συνεῖδεν
2206 4212 2269 4267 Β.
2296 4211 2510 4268 σύνιστε
2536 4212 2640 4266 Ed.

257 4289 340 4341 18.
376 4308 485 4342 τοις
508 4287 625 4341 σοῖς
650 4285 717 4339 Β.
746 4285 844 4340 Η1.
870 4284 1044 4341 αὐτοῖς
1066 4286 1213 4338 Au,
1556 4301 1644 4339 20.
1681 4284 1823 4369 αὐτῷ
1842 4287 1915 4356 τῷ
1942 4280 2312 4355 γαζοφυλακίῳ
2339 4283 2405 4336 Β.
2429 4283 2554 4336 αὐτὸ
2579 4285 2640 4336 τὸ

322 4357 634 4426 ζοφυλάκιον
663 4355 760 4410 Η1.
788 4353 890 4408 Ed.
1145 4370 1231 4408 22.
1267 4356 1471 4423 νικῆσαι
1496 4354 1562 4408 Β.
1593 4355 1691 4409 Ht.
1718 4356 1920 4423 κινῆσαι
1943 4355 2087 4407 Aub.
2161 4352 2314 4406 Exue
2342 4353 2459 4406 Cat.
2488 4352 2641 4405 Harl.

250 4379 408 4481 {oe-etio
431 4425 596 4480 haec?
849 4441 935 4490 24.
970 4425 1211 4494 πράττων
1233 4424 1290 4478 δὲ
1315 4424 1417 4479 hoc
1441 4424 1629 4478 ordine
1654 4424 1721 4479 Β.
1961 4422 2046 4477 26.
2082 4420 2312 4492 εἰκότως]
2345 4428 2403 4485 4-
2433 4420 2515 4475 καὶ
2543 4423 2641 4475 Ht.

252 4495 540 4637 ιιι-ἰιᾶεῑζΙξᾶό
579 4564 646 4620 ιω
675 4563 699 4635 ]
694 4511 834 4620 2Ed·
815 4494 887 4551 εἷς
910 4495 971 4548 τὸ
994 4494 1064 4563 μὴ
1090 4491 1167 4552 οἷς
1190 4493 1283 4549 dat
1309 4495 1489 4567 Heyse
1513 4512 1544 4550 e
1571 4493 1637 4548 Β.
1664 4494 1757 4566 qui
1781 4494 2060 4562 εἷστομίοις
2082 4492 2315 4546 exhibet.
2343 4491 2414 4548 εἷς
2438 4491 2646 4559 ὁμοίους

316 4576 356 4620 1.
414 4588 439 4619 ε
461 4588 488 4622 ς
538 4588 577 4635 μ
650 4587 675 4621 ι·

1391 4664 1503 4714 132
