3238 5158
277 2864 535 2949 Stfimh·

281 2951 369 2987 vn.
387 2950 413 2985 2
423 2948 444 2984 1
452 2972 465 2986 ι

283 3364 336 3414 S.
345 3364 384 3415 J
384 3378 459 3413 ae.
475 3362 531 3413 ii.

287 3443 366 3488 πο,
383 3426 462 3479 26.

284 3615 366 3668 Ib.
389 3629 468 3684 19.

617 334 751 398 464
1213 334 1291 401 B.
1340 334 1761 401 CYRILLI
1822 334 2408 400 ALEXANDR.
2776 332 2914 398 xiv.
2954 347 3069 416 15.

618 495 731 579 ὅτι
788 509 834 547 “
861 500 1235 605 ὀφθαλμοὶ
1298 501 1575 606 Κυρίου
1639 502 1757 584 ἐπὶ
1827 502 2158 601 δικαίους,
2226 503 2344 581 καὶ
2415 495 2566 580 ὦτα
2640 498 2873 578 αὐτοῦ
2958 503 3075 581 εἰς

618 633 665 671 “
698 621 947 723 δέησιν
994 625 1299 705 αὖτῶν.”

726 746 1214 850 Ὁρισάμενος
1277 747 1519 829 τοίνυν
1571 752 1692 830 καὶ
1757 748 2144 854 διαῤῥῆδην
2198 747 2419 831 εἰπὼν
2471 746 2582 828 ὅτι
2645 754 2803 833 τοῖς
2860 751 3071 850 ἀγα-

615 878 862 952 πῶσιν
916 872 1136 954 αὐτὸν
1189 874 1563 981 όφείλεταί
1609 908 1689 954 τε
1739 876 1858 953 καὶ
1914 871 2219 1023 ὑπάρξει
2272 871 2362 973 δὴ
2416 870 2706 958 πάντως
2753 871 2850 952 τὸ
2894 879 3069 957 τοῖς

618 995 894 1078 ἄνωθεν
937 1000 1296 1104 ἐντρυφᾶν
1330 1000 1650 1100 ἀγαθοῖς,
1686 998 1776 1078 δι’
1816 1000 2039 1079 αὐτοῦ
2085 995 2423 1098 δηλονότι
2473 998 3065 1101 χορηγουμένας
3088 1016 3127 1077 5

614 1120 817 1225 παρὰ
864 1120 1191 1278 Πατρὸς,
1205 1120 1703 1276 καταγράφει
1713 1126 2158 1227 παραχρῆμα
2206 1124 2327 1203 καὶ
2379 1126 2509 1221 τῆς
2556 1118 2854 1223 ἀγάπης
2906 1119 3061 1221 τὴν

619 1246 919 1348 δύναμιν
969 1248 1106 1344 καὶ,
1151 1247 1347 1332 ὅπως
1396 1243 1487 1327 ἂν
1533 1244 1756 1347 αὐτὴν
1796 1245 2410 1347 ἐπιτηδεύσωμεν,
2464 1244 2732 1349 ἄριστά
2782 1279 2870 1326 τε
2926 1249 3059 1326 καὶ

559 1400 596 1444 0
619 1369 1076 1475 ἀνεγκλήτως
1114 1371 1437 1452 διδάσκει
1474 1369 1591 1451 διὰ
1622 1369 1708 1452 τὸ
1753 1370 2177 1477 χρήσιμον..
2226 1372 2310 1451 οὖ
2361 1369 2507 1474 γὰρ
2553 1404 2615 1449 ει
2663 1401 2773 1453 τις
2827 1371 3055 1473 λέγοι

617 1494 747 1576 τὸν
786 1496 980 1577 Θεὸν
1015 1499 1337 1600 ἀγαπᾶν,
1377 1494 1667 1579 πάντως
1723 1495 1812 1596 δὴ
1868 1499 1985 1576 καὶ
2040 1494 2175 1597 τὴν
2209 1502 2338 1576 τοῦ
2393 1497 2684 1594 ἀληθῶς
2732 1496 3055 1596 ἀγαπᾶν

619 1621 999 1701 ἀποίσεται
1069 1619 1323 1728 δόξαν,
1386 1622 1537 1700 ἐπεὶ
1609 1617 1712 1720 μὴ
1781 1623 1859 1701 ἐν
1917 1619 2122 1729 λόγῳ
2185 1624 2392 1728 ψιλῷ
2461 1622 2590 1718 τῆς
2661 1619 2936 1720 ἀρετ-ἦς
3002 1620 3052 1720 ἦ
3083 1651 3149 1691 10

617 1744 937 1844 δύναμις,
1002 1744 1182 1844 μήτε
1245 1743 1393 1844 μὴν
1447 1746 1524 1826 ἐν
1581 1752 1877 1848 γυμνοῖς
1940 1751 2346 1852 μορφοῦται
2404 1742 2684 1847 ῥήμασι
2740 1746 2881 1840 τῆς
2945 1750 3053 1829 εἷς

619 1869 811 1949 Θεὸν
845 1869 1210 1964 εὐσεβείας
1239 1866 1323 1949 τὸ
1361 1866 1658 1967 κάλλος,
1682 1867 1927 1969 ἀλλ’ἢ
1966 1869 2055 1977 ἐξ
2085 1871 2382 1971 ἀγαθῶν
2417 1866 3051 1965 ἀποτελεσμάτων

615 1996 732 2072 καὶ
767 1990 1125 2100 φιληκόου
1160 1993 1453 2094 γνώμης
1495 1994 1574 2073 εὖ
1624 1992 1830 2092 μάλα
1877 1991 2445 2096 διαγινώσκεται,
2480 1994 2598 2072 καὶ
2631 1997 2779 2071 τῶν
2820 1994 3046 2074 θείων

615 2119 933 2198 ἐντολῶν
960 2117 1006 2217 ἢ
1042 2115 1347 2221 τήρησις
1380 2116 1514 2219 τὴν
1549 2124 1647 2204 εἷς
1682 2115 1767 2199 τὸ
1802 2124 1993 2200 θεῖον
2020 2115 2313 2223 ἀγάπην
2339 2117 2603 2222 ἄριστα
2639 2114 3040 2224 ζωγραφεῖ,

616 2244 734 2322 καὶ
809 2275 1015 2322 ωσαν
1051 2241 1242 2325 ὅλως
1277 2245 1395 2323 καὶ
1432 2244 1674 2343 ἀληθῆ
1709 2244 2163 2345 παρίστησιν
2197 2238 2476 2346 ἀρετὴν,
2499 2241 2628 2320 οὐκ
2663 2242 2740 2319 ἐν
2774 2241 3039 2340 μόναις
3067 2275 3135 2337 15

548 2385 594 2452 d
615 2365 1301 2475 σκιαγραφουμένην
1337 2373 1491 2453 ταῖς
1539 2366 1685 2448 ἀπὸ
1734 2368 2072 2471 γλώττης
2120 2372 2417 2473 φωναῖς,
2455 2363 2780 2468 καθάπερ
2827 2370 3031 2467 εἰρή-

617 2525 864 2591 καμεν,
901 2495 1230 2600 φαιδροῖς
1281 2490 1356 2572 δὲ
1407 2490 1656 2596 ὥσπερ
1707 2490 2248 2596 διαπρέπουσαν
2283 2490 2624 2597 χρώμασι
2671 2495 2835 2574 ταῖς
2883 2497 3036 2570 τῶν

619 2619 853 2719 ἔργων
927 2618 1140 2703 ὶδεάις
1214 2621 1329 2698 καὶ
1404 2617 1829 2721 ὁλοκλήρως
1900 2616 2445 2719 ἐκλάμπουσαν.
2548 2619 2666 2696 καὶ
2734 2625 2923 2717 γοῦν
2993 2618 3036 2697 5

625 2741 896 2846 Κύριος
948 2743 1151 2842 ἡμῶν
1184 2739 1472 2842 Ἰησοῦς
1527 2744 1569 2822 5
1605 2741 1934 2844 Χριστὸς
1989 2748 2255 2847 σαφῶς
2309 2741 2480 2841 ἡμῖν
2521 2749 2735 2821 τοῦτο
2780 2775 3032 2843 παρα-

625 2865 897 2952 δεικνύς
930 2877 975 2915 “
998 2867 1116 2947 Οὐ
1151 2872 1295 2951 πᾶς
1338 2867 1380 2946 5
1424 2865 1664 2968 λέγων
1697 2901 1817 2965 μοι
1862 2867 2082 2970 Κύριε
2123 2866 2364 2969 Κύριε,
2402 2868 2656 2972 φησιν,
2695 2866 3125 2948 εισελευ-το

624 3001 911 3072 “o-erat
964 2996 1062 3076 εἰς
1117 2990 1248 3091 τὴν
1300 2993 1691 3087 βασιλείαν
1746 2998 1893 3071 τῶν
1946 2993 2286 3096 οὐρανῶν,
2336 2990 2507 3071 ἀλλ’
2569 2992 2609 3071 5
2663 2997 2900 3071 ποιῶν
2948 2992 3035 3073 τὸ

623 3127 665 3165 ‘⁴
701 3114 988 3216 θέλημα
1051 3123 1182 3197 τοῦ
1246 3113 1539 3219 Πατρός
1595 3149 1739 3213 μου
1797 3124 1927 3197 τοῦ
1989 3119 2068 3196 ἐν
2131 3115 2522 3221 ουρανοῖς.”
2601 3115 2686 3195 οὐ
2742 3148 2899 3218 γαρ
2958 3118 3036 3195 ἐν

622 3241 877 3343 ἀργαῖς
947 3237 1286 3346 ῥημάτων
1351 3241 1751 3324 κολακείαις
1821 3239 1868 3338 ἡ
1941 3242 2213 3334 πίστις,
2278 3236 2451 3320 ἀλλ’
2519 3239 2595 3319 ἐν
2653 3245 2812 3325 ταῖς
2888 3248 3036 3321 τῶν

625 3363 1003 3466 δρωμενων
1077 3363 1416 3463 ποιότησι
1495 3363 1968 3468 δοκιμάζεται’
2069 3398 2186 3443 και
2268 3370 2446 3466 γοῦν
2523 3397 2779 3466 νεκραν
2854 3361 3035 3445 εἶναι

563 3522 599 3566 e
624 3487 893 3588 ταύτην
927 3490 1011 3568 οὖ
1042 3488 1555 3591 παρεπομένων
1587 3495 1736 3568 τῶν
1772 3488 2003 3592 ἔργων
2038 3487 2083 3588 ἡ
2131 3487 2285 3567 θεία
2332 3485 2534 3592 λε’γει
2583 3485 2867 3593 γραφή.
2945 3486 3033 3570 τὸ
3060 3520 3123 3580 ³5

623 3609 756 3711 μὲν
791 3610 936 3715 γὰρ
972 3612 1242 3710 εἰδέναι,
1281 3616 1533 3722 φησὶν,
1572 3613 1682 3694 ὅτι
1719 3615 1760 3694 5
1800 3610 1988 3697 Θεὸς
2022 3610 2119 3699 εἷς
2155 3614 2378 3712 ἐστιν,
2417 3612 2546 3692 οὐκ
2581 3613 2658 3692 ἐν
2691 3613 3033 3698 διανοίαις

624 3736 1102 3841 ἀνθρωπίναις
1170 3734 1570 3840 εὑρήσομεν
1640 3736 1884 3836 μόνον,
1951 3735 2153 3818 ἀλλὰ
2226 3738 2344 3816 καὶ
2417 3739 2495 3816 ἐν
2565 3735 2806 3820 αὐτοῖς
2882 3743 3034 3822 τοῖς

622 3858 1051 3965 ἀκαθάρτοις
1087 3856 1521 3960 δαίμοσιν,
1479 3893 1529 3940 α
1577 3864 1696 3942 καὶ
1747 3863 2026 3968 φρίττει
2078 3864 2194 3942 καὶ
2245 3861 2381 3967 οὐχ
2435 3858 2690 3940 ἑκόντα
2730 3857 2871 3961 τὴν
2902 3868 3034 3942 τοῦ

621 3983 1063 4084 ποιήσαντος
1134 3985 1459 4083 δύναμιν.
1565 3985 1651 4067 τὸ
1722 3984 1953 4090 γεμὴν
2025 3983 2438 4091 σύνδρομον
2504 3988 2872 4064 ποιεῖσθαι
2941 3992 3036 4090 τῇ

622 4109 867 4190 πίστει
900 4108 1035 4211 τὴν
1070 4108 1214 4192 ἀπὸ
1248 4117 1397 4191 τῶν
1432 4111 1817 4214 δρωμενων
1851 4105 2320 4219 φαιδρότητα,
2347 4106 2591 4208 μόνοις
2626 4104 2717 4187 ἂν
2752 4108 3036 4210 πρέπον
3058 4134 3123 4196 30

625 4268 742 4314 και
779 4233 1226 4334 ἐλλάμπον
1194 4240 1424 4342 ορῷτο
1459 4242 1608 4321 τοῖς
1647 4238 1941 4336 ἀληθῶς
1973 4237 2320 4338 ἀγαπῶσι
2355 4230 2485 4313 τὸν
2507 4227 2723 4312 Θεόν.
2776 4231 3037 4314 ουκοῦν

698 4506 875 4580 4.τὸ]
903 4511 974 4564 τώ
999 4509 1066 4564 Ε.
1334 4507 1415 4564 16.
1452 4506 1582 4581 ἀπὸ]
1616 4514 1672 4574 -Ι-
1703 4509 1792 4577 τῆς
1817 4506 1921 4564 Ed.
1947 4506 2116 4564 invito
2141 4505 2206 4563 Ε.
2567 4516 2650 4574 ¹7·
2688 4504 2944 4577 φαιδροῖς
2965 4505 3031 4563 Β.

626 4596 717 4653 30.
752 4580 915 4649 πίση-η
940 4579 1066 4651 (nic)
1095 4579 1157 4635 E.
