3238 5158
260 320 396 386 xiii.
424 336 528 408 35.
828 323 945 389 IN
1007 324 1075 388 S.
1124 323 1643 438 JOANNJJM.
1735 324 1927 390 LIB.
1976 324 2099 391 IX.
2528 326 2658 390 389

261 485 555 566 τέκτονα
587 489 715 586 τῆς
748 488 1108 591 ἐμπειρίας
1158 489 1330 594 ἔσχε
1381 489 1509 569 τὸν
1545 489 1984 592 ἡγούμενον,
2046 488 2229 570 κατὰ
2278 489 2405 570 τὸν
2442 487 2659 569 αὐτὸν
2682 504 2725 568 b

258 605 454 707 οἶμαι
489 608 717 712 λόγον
751 614 818 691 οἶ
852 615 981 710 τῆς
1017 617 1399 718 θεοφιλοῦς
1434 611 1721 715 ἀγάπης
1754 613 2257 716 πληρουμένην
2281 614 2360 693 ἐν
2390 613 2662 695 ἑαυτοῖς

256 730 389 831 τὴν
448 731 745 833 δύναμιν
806 734 1109 839 ἔχοντες,
1167 737 1435 816 ἀκονιτὶ
1496 744 1947 839 γνωριοῦσιν,
2011 735 2121 816 ὅτι
2182 740 2312 836 τῆς
2377 733 2662 838 ἀγάπης

259 855 608 957 γεγόνασι
662 860 995 958 μαθηταὶ,
1040 858 1199 957 ἤτοι
1250 867 1379 940 τοῦ
1432 855 1566 959 τὴν
1612 865 1712 943 εἰς
1765 858 1987 963 ἀκρον
2034 856 2326 962 ἀγάπην
2375 859 2662 965 ἔχοντος

189 989 232 1050 5
261 982 617 1083 Χριστοῦ.
710 980 1051 1083 ἠγάπησε
1108 979 1255 1085 γὰρ
1312 983 1497 1063 οὕτω
1555 980 1684 1062 τὸν
1741 978 2043 1081 κόσμον,
2101 986 2199 1068 ὦς
2255 984 2375 1063 καὶ
2440 978 2663 1081 αὐτὴν

259 1100 437 1204 ὑπὲρ
490 1104 710 1184 αὐτοῦ
762 1111 1163 1185 καταθεῖναι
1215 1103 1347 1205 τὴν
1381 1103 1655 1213 ψυχὴν,
1691 1107 1807 1186 καὶ
1854 1112 2002 1185 τῶν
2035 1107 2442 1186 Ἰουδαϊκῶν
2477 1114 2653 1184 τολ-

257 1224 607 1324 μημάτων
661 1228 1032 1327 ὑπομεῖναι
1084 1225 1218 1327 τὴν
1270 1225 1684 1331 ἀγριότητα·
1755 1230 1873 1308 καὶ
1925 1227 2368 1331 μαρτυρήσει
2426 1227 2663 1330 λέγων

261 1345 473 1434 αὐτὸς
521 1348 703 1453 πρὸς
750 1349 915 1436 τούς
963 1352 1214 1432 ἑαυτοῦ
1261 1349 1607 1452 μαθητὰς,
1640 1350 1751 1432 ὅτι
1784 1361 1830 1399 “
1860 1350 2176 1455 Μείζονα
2224 1351 2484 1504 ταύτης
2530 1355 2661 1450 τῆς
2746 1356 2929 1489 Q&

260 1480 306 1518 “
338 1470 624 1573 ἀγάπης
670 1474 990 1558 οὐδεὶς*
941 1508 1083 1579 εχει
1130 1475 1250 1554 ἵνα
1293 1509 1400 1560 τις
1446 1470 1581 1574 τὴν
1614 1472 1869 1625 ψυχήν
1904 1475 2122 1556 αὐτοῦ
2165 1477 2260 1630 θῇ
2307 1472 2484 1577 ὑπερ
2515 1480 2662 1553 τῶν

140 1616 175 1657 1
191 1614 237 1656 0
264 1602 309 1639 ‘⁶
345 1596 584 1700 φίλων
617 1597 905 1679 αὐτοῦ.”
975 1597 1213 1698 ἐπειδὴ
1263 1596 1410 1700 γὰρ
1457 1599 1499 1677 6
1534 1595 1724 1682 Θεος
1776 1596 2026 1698 ἀγάπη
2080 1600 2259 1696 ἐστὶ,
2292 1595 2476 1679 κατὰ
2529 1595 2662 1698 τὴν
2682 1631 2719 1674 ο
2744 1606 2835 1724 i¹vS⁰
2837 1606 2994 1724 {6⁰⁸⁰-

262 1715 599 1799 Ἰωάννου
646 1719 995 1828 φωνὴν,’
952 1718 1241 1823 αγάπης
1288 1756 1392 1801 ων
1426 1719 1626 1818 Υὶος,
1661 1720 2010 1820 τουτέστι,
2046 1729 2176 1836 τοῦ
2214 1720 2398 1802 κατὰ
2433 1720 2663 1828 φύσιν

264 1844 458 1921 Θεοῦ
491 1844 608 1923 καὶ
638 1841 862 1944 μόνου
897 1847 1016 1925 καὶ
1051 1848 1416 1946 ἀληθινοῦ,
1454 1844 1702 1947 ἀγάπη
1747 1847 1863 1926 καὶ
1898 1842 2113 1930 αὐτὸς
2148 1845 2662 1951 ἀναπέφανται,

259 1965 349 2043 οὐ
408 1966 656 2068 λόγοις
717 1968 1205 2075 ἐξησκημένον
1262 1970 1378 2049 καὶ
1450 1967 1568 2048 διὰ
1628 1965 1970 2071 ῥημάτων
2030 1965 2311 2065 κόμπου
2374 1976 2653 2068 λελαμ·

261 2090 677 2192 πρυσμένον
724 2091 910 2199 ἔχων
956 2089 1044 2173 τὸ
1096 2091 1400 2200 ἀξίωμα,
1446 2093 1615 2171 ἀλλ’
1664 2092 1896 2195 ἔργοις
1950 2092 2188 2177 αὐτοῖς
2242 2094 2360 2173 καὶ
2412 2091 2655 2197 πράγ-

141 2240 176 2281 1
192 2234 234 2298 5
260 2247 468 2313 μασι,
504 2215 782 2318 καρπὸν
818 2214 993 2297 ὄντα
1027 2219 1155 2316 τῆς
1190 2223 1319 2295 τοῦ
1353 2214 1678 2300 τεκόντος
1711 2216 1963 2301 οὐσίας
1995 2214 2248 2297 ἑαυτὸν
2281 2216 2658 2325 ἐπιδείξας.

262 2336 659 2437 οἰησόμεθα
721 2337 889 2488 γὰρῆ
932 2341 1257 2439 οὐδαμῶς
1328 2338 1650 2439 δεκτικὴν
1718 2335 1895 2420 εἶναι
1966 2345 2111 2420 τῶν
2175 2342 2470 2443 ἀγαθῶν
2531 2340 2665 2438 τὴν

262 2459 600 2541 ἀνωτάτω
671 2469 937 2544 πασῶν
999 2462 1274 2562 οὐσίαν,
1339 2463 1512 2542 ἀλλ’
1574 2459 1737 2543 οὐδὲ
1800 2464 2175 2563 ἐπίκτητον
2238 2465 2531 2567 ἐροῦμεν
2588 2465 2666 2544 ἐν

261 2585 444 2691 αὐτῇ
479 2585 613 2686 τὴν
649 2586 989 2669 ἁπάντων
1022 2595 1167 2668 τῶν
1202 2589 1497 2690 ἀγαθῶν
1532 2587 1748 2685 ἰδέαν,
1785 2584 2185 2691 καθάπερ’
2147 2621 2224 2667 εν
2259 2587 2451 2687 ἡμῖν,
2489 2587 2662 2668 ἀλλ’
2688 2592 2734 2658 d

262 2708 425 2788 οὐδὲ
474 2708 571 2794 ὥς
617 2744 689 2792 τι
739 2745 961 2816 τυχον
1002 2711 1246 2815 ἕτερον
1286 2713 1364 2791 ἐν
1414 2709 1629 2819 ἑτέρω
1683 2709 2089 2808 νοούμενον,
2128 2706 2381 2815 ὥσπερ
2430 2710 2628 2790 οὖν’
2590 2746 2668 2791 εν

144 2864 239 2907 20
263 2832 622 2942 ἀνθρώπω
678 2836 859 2941 φαίη
917 2868 1027 2920 τις
1088 2831 1179 2914 ἂν
1232 2832 1368 2933 τήν
1420 2867 1612 2918 τινος
1667 2832 2095 2934 ἐπιστήμην·
2172 2833 2258 2913 οὐ
2311 2830 2457 2935 γὰρ
2509 2835 2662 2914 ἐπι·

263 2954 513 3056 στήμη
581 2959 747 3038 καθ’
821 2957 1076 3039 ἑαυτὸν
1148 2959 1188 3038 6
1270 2956 1673 3062 ἅνθρωπος,
1747 2955 2150 3058 ἐπιστήμης
2223 2954 2302 3036 δὲ
2372 2963 2669 3108 μᾶλλον

263 3079 603 3164 δεκτικός·
663 3083 834 3162 ἀλλ’
875 3080 1051 3162 αὐτὸ
1101 3114 1187 3162 το
1234 3088 1384 3163 πᾶν
1422 3079 1799 3183 ἀγαθὸν,
1760 3115 1936 3186 οπερ
1970 3078 2064 3161 ἀν
2099 3077 2276 3161 εἶναι
2311 3080 2661 3180 πιστεύη-

261 3237 402 3302 ται,
436 3212 650 3285 τοῦτο
701 3208 957 3309 κυρίως
1005 3204 1229 3306 αὐτὴν
1265 3202 1450 3286 εἷναί
1493 3212 1735 3312 φαμεν
1777 3204 1911 3305 τὴν
1946 3205 2145 3286 θείαν
2188 3207 2307 3285 καὶ
2356 3203 2668 3308 αῤῥητον

261 3326 515 3476 φύσιν,
579 3327 823 3432 πηγὴν
883 3328 1136 3432 ὥσπερ
1198 3362 1361 3410 τινα
1418 3336 1569 3411 πᾶν
1634 3326 1818 3414 εἶδος
1883 3322 2139 3433 ἀρετῆς
2203 3362 2524 3438 εχουσαν
2590 3329 2666 3408 ἐν

141 3474 232 3536 25
258 3451 497 3556 ἑαυτῇ,
562 3455 680 3532 καὶ
743 3453 833 3559 ἐξ
890 3453 1143 3553 εαυτῆς
1206 3450 1790 3554 ἀναβλύζουσαν.
1895 3452 2362 3554 εὐλογώτατα
2425 3449 2666 3531 τοίνυν

258 3573 477 3660 αὐτός
529 3610 670 3681 περ
724 3574 935 3657 ἔσται
984 3580 1114 3676 τῆς
1167 3574 1455 3679 ἀγάπης
1509 3577 1551 3655 6
1606 3574 1899 3678 καρπὸς,
1959 3575 2210 3678 ἀγάπη
2270 3577 2390 3656 καὶ
2452 3572 2665 3660 αὐτὸς
2689 3615 2725 3658 e

260 3695 607 3804 ὑπάρχων
654 3699 838 3781 κατὰ
887 3698 1015 3781 τὸν
1061 3700 1152 3806 ἐξ
1201 3698 1422 3802 οὗπέρ
1475 3701 1638 3780 ἐστι
1684 3698 1975 3804 Πατρὸς
2031 3701 2071 3779 6
2120 3698 2323 3797 Y2633
2363 3697 2483 3778 διὰ
2535 3702 2667 3799 τῆς

257 3820 548 3924 ἀγάπης
581 3822 914 3924 μάλιστα
951 3831 1104 3907 ταῖς
1140 3824 1512 3927 ἡμετέραις
1549 3828 1826 3930 ψυχαῖς
1859 3823 2523 3926 ε’νσημανθήσεται,Ι
2546 3824 2666 3902 καὶ

257 3949 390 4045 τῆς
424 3946 849 4046 οἰκειότητος
886 3951 1016 4046 τῆς
1060 3945 1242 4052 πρὸς
1294 3945 1512 4026 αὐτὸν
1548 3945 1974 4051 ἐγχαράττει
2024 3953 2172 4030 τοῖς
2221 3949 2521 4048 ἀγαθοῖς
2570 3945 2664 4025 τὰ

141 4102 232 4162 30
259 4070 761 4174 γνωρίσματα,
799 4069 884 4151 τὸ
921 4070 1152 4177 ἀπρὶξ
1184 4071 1477 4177 ἔχεσθαι
1513 4074 1641 4169 τῆς
1678 4070 2203 4177 φιλαλληλίας.
2278 4068 2529 4154 ἄλλως
2564 4101 2661 4167 τε,

259 4200 321 4275 εἰ
359 4194 543 4274 κατὰ
579 4193 713 4295 τὴν
738 4193 1045 4275 Παύλου
1082 4192 1355 4301 φωνὴν,
1394 4195 1434 4272 6
1471 4192 1796 4297 Χριστός
1835 4195 2035 4274 ἐστιν
2071 4193 2117 4293 ἡ
2152 4194 2390 4296 εἰρήνη
2424 4192 2652 4293 ἡμῶν·
2750 4193 2881 4258 Eph.
2902 4193 2957 4244 ὕ·

2755 4274 2830 4320 ¹4·

332 4492 384 4541 4.
404 4474 581 4564 ἄκρον
607 4474 671 4530 Ε.
697 4474 762 4528 ὅκ
883 4474 987 4530 Ed.
1437 4472 1875 4599 ἃῧάπην,Ε
1754 4490 1821 4537 a„
1848 4471 1941 4528 ned
1966 4474 2057 4541 τῆς
2080 4472 2282 4545 ἀγάπης
2303 4470 2466 4526 habet
2492 4467 2657 4525 Cord-

263 4561 349 4600 12.
387 4540 712 4614 ἀναπέφαται
1019 4561 1107 4615 31.
1145 4543 1261 4617 τὴν]
1299 4552 1355 4610 -4-
1386 4548 1478 4599 τοῦ
1634 4544 1875 4599 mvitOE
