3238 5158
235 357 466 427 x.1-5.
598 305 740 409 1N‘
777 343 845 411 s,
894 345 1407 412 JOANNEM.
1499 346 1852 414 LIB.V1.
1940 346 2145 413 cAP.
2191 347 2249 415 1.
2495 348 2627 412 209

235 517 459 596 κακῶς
514 512 807 617 εἰρηκὼς
858 514 1025 601 τοὺς
1079 516 1325 621 ἄρχειν
1373 516 1736 621 λαχόντας
1786 523 2009 595 λαῶν·
2087 511 2442 619 ἐφρόνουν
2484 512 2627 615 γὰρ

234 635 343 714 ἐπὶ
378 635 607 746 τούτῳ
654 637 845 742 μέγα
890 673 962 720 τι
1013 644 1131 720 καὶ
1179 641 1526 748 ἐξαίσιον·
1596 642 2003 743 ἀναγκαίως
2040 641 2081 719 ὁ
2126 637 2388 741 Κύριος
2424 638 2629 738 ἡμῶν

233 758 515 858 Ἰησοῦς
562 764 602 842 ὁ
643 762 993 866 Χριστὸς,
1030 768 1148 844 καὶ
1194 764 1421 872 ταύτῃ
1469 763 1697 846 πάλιν
1747 766 1984 845 αὐτῶν
2029 769 2120 870 τῇ
2176 760 2632 862 διενθυμήσει

232 884 651 988 μαχόμενος,
674 887 1056 992 εἰσκομίζει
1092 890 1469 993 χρησίμως
1505 888 1639 989 τὴν
1670 886 2126 993 παραβολὴν,
2151 884 2632 989 ἀμυδρότερόν

175 1035 209 1096 5
235 1043 385 1093 πως
451 1014 571 1090 καὶ
639 1016 734 1096 ὡς
795 1015 871 1092 ἐν
925 1015 1345 1115 αἰνίγμασιν
1404 1016 1791 1114 ὑποδηλῶν
1846 1016 1943 1097 ὡς
2007 1014 2143 1118 οὐχ
2209 1011 2504 1119 ἕξουσιν
2556 1011 2634 1090 ἐκ

233 1135 652 1241 πλεονεξίας
689 1137 773 1216 τὸ
810 1143 1285 1239 καθηγεῖσθαι
1320 1139 1655 1234 βεβαίως,
1691 1139 1862 1217 ἀλλ’
1897 1136 2056 1217 οὐδὲ
2093 1135 2360 1238 πάγιον
2396 1137 2634 1218 αὐτοῖς
2685 1135 2698 1146 ’

232 1258 635 1361 προσέστω
685 1259 770 1340 τὸ
820 1261 1108 1368 ἀξίωμα
1155 1260 1283 1341 τὸν
1316 1260 1572 1341 τούτου
1609 1266 1879 1365 δοτῆρα
1914 1262 2042 1340 τὸν
2081 1260 2274 1341 Θεὸν
2309 1260 2398 1366 ἐξ
2436 1262 2628 1340 ἀλα-

235 1381 494 1484 ζονείας
551 1383 942 1488 ὑβρίζουσι·
1020 1383 1343 1466 διδάσκει
1392 1384 1468 1465 δὲ
1519 1384 1631 1466 ὅτι
1673 1394 1885 1465 τοῦτο
1935 1383 2342 1487 προσέστω
2390 1382 2634 1481 μόνοις

234 1515 378 1591 τοῖς
432 1511 518 1588 δι’
563 1511 784 1589 αὑτοῦ
842 1510 1304 1609 καλουμένοις
1362 1515 1459 1593 εἰς
1508 1515 1711 1590 λαῶν
1756 1510 2159 1611 ἡγεμονίαν.
2238 1506 2436 1616 θύραν
2475 1542 2625 1587 τοι·
2656 1533 2692 1576 θ

140 1663 210 1707 10
234 1641 504 1735 γαροῦν
542 1631 795 1714 ἑαυτὸν
832 1631 1014 1713 εἶναί
1060 1645 1295 1742 φησιν
1331 1635 1766 1740 εἰσφέροντα
1818 1631 1934 1712 διὰ
1983 1636 2260 1731 βουλῆς
2310 1634 2489 1717 ἰδίας
2538 1638 2634 1716 εἰς

233 1752 315 1835 τὸ
368 1762 841 1859 καθηγεῖσθαι
894 1757 1245 1859 ποιμνίων
1294 1764 1442 1838 τῶν
1485 1764 1804 1860 λογικῶν
1848 1756 1976 1837 τὸν
2015 1755 2463 1856 ἐπιστήμονα
2519 1760 2635 1835 καὶ

234 1879 602 1986 φιλόθεον.
697 1880 1008 1976 κλέπτην
1062 1880 1139 1962 δὲ
1193 1886 1311 1962 καὶ
1367 1880 1625 1998 λῃστὴν
1673 1884 2032 1962 ἀποκαλεῖ
2079 1884 2195 1961 καὶ
2243 1878 2637 1979 ἀλλαχόθεν

233 2008 705 2096 ἀναβαίνοντα
760 2003 887 2084 τὸν
943 2008 1021 2085 ἐκ
1080 2008 1245 2098 βίας
1308 2009 1425 2087 καὶ
1486 2008 1899 2110 τυραννίδος
1963 2004 2096 2106 τὴν
2151 2007 2235 2085 οὐ
2300 2009 2637 2085 δοθεῖσαν

234 2130 423 2237 αὐτῷ
484 2127 701 2230 τιμῆν
761 2130 1113 2210 δύνασθαι
1176 2137 1432 2226 λαβεῖν
1496 2115 1839 2228 οἰόμενον,
1901 2132 2141 2211 ὁποῖοί
2195 2164 2382 2215 τινες
2441 2128 2640 2230 ἦσαν

142 2282 208 2341 15
231 2256 391 2356 περὶ
441 2250 546 2332 ὧν
590 2252 823 2354 δήπου
874 2258 1065 2359 φησι
1115 2255 1203 2334 δι’
1241 2253 1397 2338 ἑνος
1446 2261 1593 2334 τῶν
1634 2254 2133 2408 προφητῶν,”
2093 2290 2204 2335 οτι
2241 2264 2284 2302 “
2314 2255 2627 2349 Ἐβασίπ
2724 2244 2969 2371 goswin.

234 2386 277 2423 “
311 2387 593 2458 λευσαν
635 2382 752 2458 καὶ
803 2379 888 2459 οὐ
937 2380 1022 2458 δι’
1061 2380 1254 2477 ἐμοῦ,
1295 2377 1525 2486 ἦρξαν
1576 2414 1694 2459 και
1750 2380 1832 2458 οὐ
1884 2379 2000 2458 διὰ
2047 2389 2175 2458 τοῦ
2217 2378 2636 2479 Πνεύματὸς
2724 2376 2812 2492 {⁴⁸⁵
2838 2392 2951 2426 ¹¹¹·

236 2510 279 2548 ‘⁴
312 2504 528 2603 μου.”
611 2505 989 2585 αἰνίττεται
1063 2502 1139 2583 δὲ
1216 2502 1334 2584 διὰ
1409 2501 1683 2584 τούτων
1744 2505 1839 2587 ὡς
1904 2503 2098 2608 εἴπερ
2163 2504 2403 2587 αὐτοῖς
2468 2503 2630 2583 καθ’
2657 2529 2695 2569 a
2739 2513 2970 2571 θθΒΑ·

235 2626 499 2727 ἡδονὴν
547 2662 632 2707 το
681 2627 1130 2731 ἡγεμονεύειν
1165 2630 1324 2709 ἐστι
1376 2634 1522 2708 τῶν
1557 2635 1783 2726 λαῶν,
1822 2628 2062 2728 δεήσει
2103 2629 2639 2712 πιστεύσαντας

236 2753 354 2831 καὶ
389 2751 477 2833 τὸ
516 2757 707 2833 θεῖον
740 2751 1368 2859 παραδεξαμένους
1416 2749 1751 2856 κήρυγμα
1808 2753 1891 2832 δι’
1933 2751 2151 2831 αὐτοῦ
2199 2749 2382 2855 πρὸς
2429 2759 2641 2832 τοῦτο
2679 2780 2688 2793 ·

143 2904 215 2946 20
240 2878 556 2978 δραμεῖν,
594 2876 711 2956 ἵνα
760 2880 878 2957 καὶ
927 2875 1328 2975 ἀκλόνητον
1371 2878 1490 2956 καὶ
1542 2882 1785 2960 καλῶς
1835 2878 2212 2979 ἱδρυμένην
2249 2875 2474 2981 ἔχοιεν
2507 2871 2642 2973 τὴν

238 3000 491 3106 ἀρχὴν,
542 2998 582 3080 ὃ
638 2999 727 3100 δὴ
783 3004 898 3080 καὶ
952 3000 1248 3104 γέγονεν
1293 3000 1368 3080 ἕν
1417 3034 1495 3079 τε
1545 3006 1696 3085 τοῖς
1745 3000 1974 3101 ἁγίοις
2023 2999 2486 3096 ἀποστόλοις,
2524 3002 2641 3078 καὶ
2675 2988 2685 2999 ’

238 3133 383 3209 τοῖς
420 3125 572 3224 μετ’
610 3124 908 3209 ἐκείνους
942 3130 1089 3205 τῶν
1124 3123 1350 3226 ἁγίων
1387 3126 1794 3224 ἐκκλησιῶν
1832 3121 2329 3220 διδασκάλοις,
2371 3119 2475 3208 οἷς
2525 3126 2641 3202 καὶ

240 3258 270 3329 ὁ
319 3247 581 3358 θυρωρὶς
629 3253 901 3352 ἀνοίγει,
941 3246 1339 3346 τουτέστιν,
1381 3246 1426 3349 ἢ
1481 3250 1521 3329 ὃ
1577 3246 2005 3350 τεταγμένος
2057 3247 2371 3350 ἄγγελος
2415 3252 2510 3331 εἰς
2557 3243 2641 3326 τὸ

237 3381 390 3458 ταῖς
453 3374 867 3473 ἐκκλησίαις
922 3375 1331 3453 ἐπιστατεῖν
1387 3374 1504 3451 καὶ
1562 3371 2055 3475 συμπράττειν
2107 3380 2255 3457 τοῖς
2314 3376 2642 3473 ἱερᾶσθαι

144 3513 214 3574 ²5
240 3505 604 3603 λαχοῦσιν
664 3503 760 3581 εὶς
823 3495 952 3582 τὰς
1016 3503 1161 3576 τῶν
1224 3503 1422 3576 λαῶν
1488 3497 1860 3603 ὠφελείας,
1918 3493 1965 3596 ἢ
2030 3495 2256 3578 πάλιν
2320 3495 2532 3582 αὐτὸς
2598 3498 2638 3575 ὁ

244 3618 526 3725 Σωτὴρ,
582 3618 795 3706 αὐτὸς
866 3623 982 3700 καὶ
1048 3619 1205 3729 θύρα
1271 3622 1389 3700 καὶ
1452 3625 1577 3720 τῆς
1653 3619 1875 3723 θύρας
1944 3618 2286 3726 ὑπάρχων
2345 3620 2633 3725 Κύριος.
2659 3637 2703 3702 b

242 3748 799 3827 καταπείθεσθαι
863 3743 1093 3848 γεμὴν
1153 3747 1270 3824 καὶ
1335 3746 1640 3825 ὑπείκειν
1699 3746 1931 3848 ὀρθῶς
1995 3751 2084 3850 τῇ
2149 3753 2278 3825 τοῦ
2341 3746 2631 3843 ποιμαί-

243 3903 492 3954 νοντος
549 3877 757 3976 φωνῇ
813 3868 946 3969 τὴν
994 3877 1139 3950 τῶν
1190 3867 1582 3973 προβάτων
1631 3868 1904 3973 ἀγελην
1961 3869 2037 3949 εὖ
2090 3865 2296 3968 μάλα
2350 3872 2633 3972 διισχυ-

240 3993 525 4098 ρίζεται,
580 4000 1084 4098 παραιτεῖσθαι
1143 3992 1220 4073 δὲ
1282 3997 1397 4073 καὶ
1456 3995 1628 4073 λίαν
1689 3994 2298 4091 ἐσπουδασμένως
2358 4030 2464 4086 την
2519 3989 2642 4072 τῶν

146 4151 219 4211 30
243 4116 613 4225 ἀλλοτριῶν
649 4116 877 4225 φωνην,
916 4117 1034 4197 ἵνα
1066 4123 1370 4220 πρᾶγμα
1407 4123 1572 4222 νοῇς
1611 4116 1949 4219 ἄληθές’
1912 4119 2029 4198 επὶ
2063 4151 2149 4197 το
2184 4115 2643 4221 γενικώτερον

243 4240 713 4323 ἐκπλατύνων
766 4248 894 4321 τοῦ
957 4239 1185 4342 λόγου
1249 4239 1381 4341 τὴν
1436 4241 1760 4343 δύναμιν.
1867 4240 2300 4340 διδάσκομεν
2360 4240 2502 4343 γὰρ
2567 4242 2644 4319 ἐν

319 4532 374 4591 7.
405 4521 610 4577 ravalt.
635 4538 743 4576 om.
769 4539 819 4577 a.
1107 4539 1193 4593 13
1228 4520 1540 4614 οὐ]μὴα..ε
1567 4521 1734 4578 Cord.
2025 4537 2111 4590 15.
2148 4517 2643 4592 δήπουα.πουΕᾶ.

251 4590 338 4647 18.
374 4588 622 4647 imcom-
647 4610 696 4648 a.
913 4608 999 4647 21.
1034 4592 1262 4665 vedast]
1296 4602 1353 4660 -Ι-
1384 4594 1511 4650 ἐνο.

338 4691 481 4741 vot.
512 4693 590 4739 11.
1370 4694 1476 4742 EO
