3238 5158
216 355 373 446 ing.
558 360 671 427 IN
729 362 798 428 S.
844 360 1354 429 JOANNEM.
1447 365 1639 430 LIB.
1673 366 1796 432 VI.
1887 366 2095 434 CAP.
2142 366 2199 431 Ι.
2464 365 2592 430 149

213 525 282 603 ἐκ
330 527 896 632 προγενεστέρων
938 533 1068 630 τῆς
1122 534 1372 636 ψυχῆς
1427 532 1962 635 ἀμαρτηματων
2006 533 2052 634 ἡ
2108 529 2580 632 σωμάτωσις,

212 649 677 757 ἀπεδείξαμεν.
794 655 1031 733 ἀνεῖλε
1123 652 1269 758 γὰρ
1359 656 1793 764 παραδόξως
1874 655 2273 765 ἀποφήσας
2361 655 2586 760 ἄμφω
2615 683 2651 725 θ

214 771 619 875 Χριστὸς,”
573 810 694 856 ατε
747 772 834 876 δὴ
886 780 1003 858 καὶ
1053 775 1145 857 τὰ
1194 777 1436 860 πάντα
1483 781 1863 881 γινώσκων
1908 784 2006 866 ῶς
2055 780 2261 877 Θεὸς,
2298 786 2591 878 μᾶλλον

213 895 280 976 δὲ
329 896 533 981 αὐτος
589 898 931 1005 ὑπάρχων
977 908 1126 982 τῶν
1176 905 1342 983 καθ’
1392 905 1578 1005 ἡμᾶς
1631 903 2079 1009 πραγμάτων
2127 905 2415 1003 ταμίας,
2474 936 2593 982 και

159 1032 189 1092 5
210 1028 341 1101 τῶν
399 1021 682 1131 ἑκάστω
754 1024 1199 1128 πρεπόντων,
1258 1029 1414 1129 ἤτοι
1490 1030 2118 1134 χρεωστουμένων,
2189 1025 2586 1127 διανομεύς.

209 1147 275 1225 ἐν
306 1146 430 1244 μὲν
465 1148 610 1252 γὰρ
660 1155 763 1257 τῷ
812 1150 914 1251 μὴ
966 1153 1381 1254 ἆμαρτῆσαι
1433 1155 1673 1257 λε’γειν
1708 1151 1837 1236 τὸν
1871 1151 2184 1261 τυφλὸν,
2223 1151 2402 1252 μήτε
2450 1148 2595 1250 μὴν

210 1269 313 1349 διὰ
363 1281 574 1352 τοῦτο
628 1272 761 1374 τὴν
810 1274 1196 1381 τύφλωσιν
1247 1279 1637 1376 ὑπομεῖναι,
1686 1274 1772 1358 τό
1826 1277 2412 1383 προγενεστέροις
2466 1282 2596 1355 τοῦ

208 1393 531 1491 σώματος
596 1397 1226 1499 πλημμελήμασιν
1285 1402 1613 1483 ὑπαίτιον
1670 1398 1848 1482 εἶναι
1914 1401 2216 1504 νομίζειν
2273 1399 2405 1500 τὴν
2467 1406 2596 1479 τοῦ

207 1519 573 1621 ἀνθρώπου
632 1522 904 1627 ψυχὴν,
964 1524 1345 1629 ἀποφαίνει
1408 1525 1676 1629 μωρόν*
1757 1527 1831 1605 ἐν
1890 1523 1967 1604 δὲ
2028 1530 2132 1632 τῷ
2196 1522 2374 1624 μήτε
2432 1519 2599 1605 τοὺς
2622 1554 2660 1595 a
2703 1542 2835 1598 597
2855 1540 2933 1597 Δ

125 1671 187 1711 10
210 1652 425 1743 γονεῖς
495 1651 1030 1746 πλημμελῆσαι
1100 1647 1485 1753 διαρρήδην
1546 1655 1792 1740 εἰπεῖν,
1858 1649 1976 1729 ἵνα
2013 1645 2329 1753 τυφλος
2402 1648 2443 1727 ὃ
2515 1645 2605 1753 ἐξ
2689 1634 2856 1698 ⁸⁰9¹*

209 1769 430 1847 αὐτῶν
466 1775 804 1876 γεννηθῇ,
840 1770 973 1883 τὴν
1009 1771 1314 1872 ἀνόητον
1350 1778 1496 1852 τῶν
1529 1770 1971 1853 Ἰουδαίων
1935 1770 2273 1852 υπόνοιαν
2308 1773 2596 1873 ἀναιρεῖ.

211 1891 493 2001 διδάξας
537 1903 923 1997 τοιγαροῦν
959 1895 1141 1976 ὅσον
1176 1894 1264 1996 ἦν
1303 1899 1695 1998 ἀναγκαῖον
1732 1894 1981 1978 εἰδέναι
2029 1892 2195 1980 τοὺς
2244 1892 2595 1996 μαθητὰς,

210 2014 317 2096 διὰ
368 2018 501 2118 τὴν
558 2025 708 2099 τῶν
760 2021 1018 2122 ἀρτίως
1076 2020 1243 2120 ἡμῖν
1299 2020 1671 2125 εἰρημένην
1722 2020 2104 2123 δογμάτων
2154 2018 2596 2123 ἀνατροπὴν,

210 2144 318 2221 καὶ
369 2152 728 2224 τοσοῦτον
783 2146 1023 2229 αὐτοῖς
1077 2144 1580 2249 χαρισάμενος,
1637 2146 1820 2227 ὅσον
1875 2147 2012 2226 ἔδει
2069 2151 2159 2249 τῇ
2217 2143 2601 2247 ἀνθρώπου

127 2286 189 2349 15
209 2269 657 2369 παραθέσθαι
710 2268 1001 2368 γνώσει,
1057 2274 1302 2376 σιωπᾷ
1359 2268 1444 2350 τὸ
1500 2277 1773 2368 λεῖπον,
1828 2305 1946 2351 και
2000 2269 2229 2350 οὐκέτι
2282 2268 2593 2371 προστί-

211 2396 416 2489 θησιν
465 2393 786 2494 ἐναργῶς
840 2390 973 2492 τὴν
1022 2394 1254 2473 αἰτίαν
1309 2402 1437 2516 τοῦ
1490 2398 1916 2498 γεννηθῆναι
1969 2391 2254 2500 τυφλον
2306 2389 2436 2473 τὸν
2490 2391 2599 2471 ἐπ’

210 2516 427 2596 οὐδενὶ
489 2517 1039 2626 προγενεστερῳ
1098 2517 1719 2623 κατηγορούμενον
1777 2519 2200 2617 πταίσματι,
2259 2515 2445 2622 μόνῃ
2509 2521 2600 2622 τῇ
2624 2535 2669 2602 b

212 2640 355 2718 θεία
417 2642 644 2747 φύσει
711 2638 841 2740 τὴν
904 2643 1016 2747 ἐφ
1084 2677 1318 2723 απασι
1383 2650 1532 2728 τοῖς
1604 2644 1946 2727 τοιούτοις
2012 2642 2283 2743 εἰδησίν
2345 2675 2423 2721 τε
2488 2641 2604 2719 καὶ

211 2767 615 2864 οἰκονομίαν
657 2768 755 2848 ὡς
800 2766 1162 2872 ἐξαίρετον
1208 2769 1514 2852 ἀναθείς.
1595 2767 2053 2873 εὐφυέστατα
2103 2764 2179 2845 δὲ
2226 2762 2454 2848 πάλιν
2490 2764 2602 2867 ἐφ’

123 2911 188 2953 ²0
209 2885 439 2990 ἕτερόν
476 2923 553 2967 τι
602 2889 1035 2993 παρατρέπει
1085 2887 1213 2970 τὸν
1250 2894 1378 2990 τῆς
1429 2892 1877 2994 ἀποκρίσεως
1924 2888 2173 2991 λόγον,
2211 2888 2337 2967 καί
2377 2895 2611 2995 φησιν

210 3014 403 3090 Ἀλλ’
438 3014 560 3106 ἵνα.
597 3013 928 3121 φανερωθῇ
959 3014 1055 3094 ταὶ
1090 3014 1258 3122 ἔργα.
1297 3018 1406 3095 τοῧ
1445 3016 1615 3096 Θεοῧ
1653 3015 1713 3094 ἐν
1753 3018 1962 3123 αὐτῷ.

304 3133 471 3241 'Ap’
518 3138 667 3236 οὖν,
705 3140 851 3241 ἐρεῖ
880 3172 1009 3236 τις,
1046 3137 1454 3243 δογματίζει
1497 3141 1614 3218 καὶ
1655 3146 1782 3218 νῦν
1817 3138 1990 3239 ἡμῖν
2025 3144 2252 3217 ταῦτα
2294 3134 2534 3238 λέγων
2572 3136 2612 3215 ὃ

215 3261 500 3365 Κύριος,
540 3265 636 3346 ὡς
672 3260 791 3341 διὰ
826 3270 1040 3343 τοῦτο
1085 3267 1201 3342 καὶ
1246 3263 1468 3360 μόνον
1505 3270 1653 3347 τοῖς
1696 3268 1842 3343 τῶν
1878 3261 2279 3365 ἀνθρώπων
2313 3259 2615 3358 σώμασι

213 3396 334 3465 τοῦ
378 3384 703 3491 πάσχειν
737 3388 1404 3485 ἐπισυμβαίνοντος,
1438 3388 1550 3467 ’ἵνα
1591 3385 1926 3497 φανερωθῇ
1957 3385 2053 3467 τιὶ
2090 3386 2261 3495 ἔργα
2294 3388 2406 3466 τοῧ
2444 3387 2616 3467 Θεοῧ

128 3531 192 3590 25
217 3510 271 3589 ἐν
323 3513 622 3608 abu-0253
702 3513 870 3589 ἀλλ’
923 3513 1006 3591 οὐ
1060 3510 1356 3619 σφόδρα
1416 3545 1536 3610 μοι
1597 3516 1808 3608 δοκεῖ,
1862 3516 2157 3611 μᾶλλον
2213 3509 2287 3590 δὲ
2343 3508 2615 3614 ἀπηχὲς
2640 3551 2676 3593 ο

214 3641 589 3718 παντελῶς
626 3632 712 3715 τὸ
750 3636 936 3715 οὕτω
991 3640 1389 3715 διακεῖσθαι
1437 3637 1555 3715 καὶ
1605 3642 1923 3741 φρονεῖν·
2006 3636 2091 3715 οὐ
2139 3632 2283 3738 γὰρ
2333 3638 2612 3737 δογμα-

214 3758 436 3862 τίζων,
477 3757 732 3862 ὥσπερ
787 3761 913 3839 οὖν
968 3758 1296 3860 οἰήσεταί
1342 3794 1468 3857 τις,
1507 3757 1598 3840 τὰ
1654 3758 1948 3840 τοιαῦτά
2003 3765 2262 3866 φησιν.
2324 3758 2433 3839 ὅτι
2484 3755 2619 3858 μὲν

216 3880 354 3987 γὰρ
407 3881 876 3983 πλήττεσθαί
918 3917 1111 3964 τισιν
1157 3883 1247 3989 ἐξ
1290 3884 1658 3985 ἁμαρτιῶν
1693 3881 2134 3982 συμβέβηκε,
2173 3881 2619 3985 γραμμάτων

216 4007 578 4091 πολλάκις
643 4006 1049 4107 ἐπυθόμεθα
1109 4014 1254 4087 τῶν
1308 4013 1540 4111 ἱερῶν.
1621 4009 1662 4086 ὁ
1714 4006 1845 4106 μὲν
1899 4003 2046 4111 γὰρ
2102 4011 2403 4091 Παῦλος
2456 4010 2611 4086 ἐπι-

133 4153 198 4210 30
218 4131 517 4212 στέλλει
581 4137 846 4239 σαφῶς
902 4128 1084 4236 πρὸς
1149 4131 1315 4215 τοὺς
1371 4133 1693 4214 ἀνίπτοις
1758 4128 2010 4234 ὥσπερ
2073 4131 2299 4209 ποσὶν
2355 4131 2470 4211 ἐπὶ
2535 4126 2622 4210 τὸ

296 4361 314 4399 ι
322 4362 374 4417 3
413 4344 593 4414 εῖρημε
579 4343 696 4399 ’νων
717 4343 887 4398 voluit
865 4344 1115 4469 ‘geone’
1436 4358 1519 4409 14.
1558 4341 1654 4411 ἤδη
1682 4339 1749 4395 Β.
1780 4340 1963 4394 Holst.
1988 4337 2291 4393 emendavit
2315 4341 2380 4392 ut
2403 4337 2626 4393 adnotat

218 4413 332 4486 ipse
355 4415 507 4470 Aub.
607 4414 888 4483 Statimrn
1012 4416 1192 4485 ρῶπον
1221 4411 1551 4501 παραθέσθαι
1582 4414 1776 4483 γνώσει
1800 4409 1961 4465 edidi.
1986 4412 2080 4479 τὴν
2100 4410 2375 4496 ἀνθρώπου
2395 4409 2626 4480 παραθέ-

220 4487 345 4542 σθαι
367 4490 541 4555 γνῶσι
567 4485 635 4541 Β.
659 4485 754 4608 τᾶὶν
774 4484 1046 4556 ἀνθρώπου
1069 4483 1396 4554 παραθέσθαι
1419 4487 1618 4554 γνῶσιν
1647 4481 1744 4536 Ht.
1772 4480 1877 4535 Ed.
1986 4431 2122 4549 ''n-15
2161 4483 2335 4549 σιωπᾷ
2359 4482 2419 4534 τὸ
2443 4482 2629 4535 λεῖπον

221 4557 302 4611 και
324 4556 500 4611 οὐκέτι
521 4573 677 4611 emen
717 4565 772 4610 at
798 4555 980 4628 Heyee
1008 4573 1074 4610 ex
1102 4555 1168 4610 Β.
1195 4555 1288 4628 qui
1313 4557 1403 4610 σιὸ
1424 4555 1561 4610 πότο
1582 4554 1769 4609 λεῖπον
1791 4552 1873 4614 καί
1899 4550 2068 4608 ουκέτι
2091 4550 2324 4606 exhibet.
2350 4551 2436 4605 καὶ
2458 4550 2629 4606 οὐκέτι

220 4630 322 4684 πᾶν
343 4629 407 4683 τὸ
432 4631 618 4683 λειπον
643 4626 742 4681 Ht.
768 4625 872 4681 Ed.
