3238 5158
681 347 813 415 676
1289 351 1369 415 Β.
1413 349 1829 414 CYRILLI
1888 350 2468 416 ALEXANDR.
2751 370 2894 413 xvn
2913 366 2971 428 4,
2988 363 3044 429 5·

683 514 815 616 τὴν
859 514 937 597 δὲ
983 514 1376 616 καυστικὴν
1419 515 1775 620 ἐνέργειαν
1824 515 2158 619 γενέσθαι
2213 523 2317 626 τῷ
2370 517 2562 622 πυρί.
2643 518 2900 619 ἐνεργεῖ
2939 508 3046 611 μὲν

685 639 833 742 γὰρ
888 637 1220 743 ἑκάτερον
1277 640 1366 719 δι’
1425 637 1527 719 ὧν
1581 640 1728 744 ἔχει
1785 640 2119 747 φυσικῶς
2171 639 2265 721 τὰ
2320 648 2557 723 οἰκεῖα.
2633 639 2800 720 ἀλλ’
2855 644 2910 719 εἰ
2954 639 3049 716 καὶ

688 762 1024 868 φαίνεταί
1070 798 1225 848 πως
1282 764 1410 843 οὐκ
1465 764 1850 867 αὐτουργοὶ,
1904 763 2103 865 πλὴν
2159 768 2293 871 οὐχ
2352 766 2557 868 ἕτερα
2609 761 2807 866 παρὰ
2859 759 2940 840 τὰ
2984 756 3054 865 ἐξ

686 889 923 967 αὐτῶν
962 894 1310 991 φυσικῶς.
1368 885 1691 967 τοιοῦτόν
1727 922 1798 968 τι
1835 886 2117 989 νοήσεις
2151 889 2275 970 ἐπί
2301 923 2380 969 τε
2419 896 2611 971 Θεοῦ
2648 891 2764 968 καὶ
2803 881 3052 986 Πατρός

617 1023 660 1087 b
689 1013 808 1091 καὶ
862 1020 990 1092 τοῦ
1046 1010 1230 1091 κατὰ
1285 1012 1516 1119 φύσιν
1571 1012 1662 1118 ἐξ
1712 1014 1931 1092 αὐτοῦ
1985 1012 2449 1116 γεννηθέντος
2495 1012 2765 1117 Λόγου,
2797 1010 2955 1092 ὅταν
2996 1039 3096 1097 τι5

688 1142 835 1215 τῶν
873 1138 1039 1216 καθ’
1079 1136 1265 1235 ἡμᾶς
1301 1134 1816 1242 ἐγχειρίζεσθαι
1852 1135 2172 1240 λέγηται.

798 1259 1163 1366 Ἐδόξασε
1221 1253 1461 1340 τοίνυν
1513 1261 1630 1340 ἐπὶ
1690 1264 1822 1360 τῆς
1881 1264 2020 1363 γῆς
2081 1259 2209 1342 τὸν
2266 1260 2562 1364 Πατέρα
2625 1264 2745 1341 καὶ
2801 1258 2971 1341 Θεὸν
3016 1258 3051 1354 ἦ

688 1384 925 1490 σοφία
970 1388 1086 1464 καὶ
1135 1385 1180 1484 ἦ
1233 1383 1526 1483 δύναμις
1573 1385 1817 1483 αὐτοῦ,
1852 1384 2225 1466 τουτέστιν
2263 1387 2303 1465 ό
2346 1383 2698 1486 Χριστὸς,
2732 1385 3051 1466 τελεώσας

690 1505 761 1589 τὶ
815 1508 992 1614 ἔργον
1029 1511 1062 1589 ῧ
1110 1504 1402 1589 δέδωκεν
1444 1510 1664 1615 αὐτῷ.
1743 1507 1982 1608 ἐπειδὴ
2038 1508 2115 1589 δὲ
2168 1516 2264 1595 εἰς
2308 1509 2530 1612 πέρας
2581 1510 2724 1611 ἤδη
2772 1508 2854 1589 τὸ
2899 1507 3053 1613 αὐτῷ

691 1632 967 1735 πρέπον
1011 1631 1095 1712 τὸ
1154 1633 1366 1736 ἔργον
1412 1633 1815 1739 ἐκτελευτᾷ,
1853 1630 1987 1731 τὴν
2024 1634 2219 1741 αὐτῷ
2268 1641 2707 1738 προσοῦσαν
2742 1635 2847 1712 ἀεὶ
2887 1627 3054 1737 δόξαν
3074 1665 3126 1707 ιο

693 1761 886 1853 αιτεῖ,
927 1758 1043 1836 καὶ
1099 1760 1225 1855 τῆς
1281 1753 1756 1860 ἀρχαιοτάτης
1806 1756 2124 1841 ευκλείας
2170 1755 2305 1857 τὴν
2347 1756 2812 1864 ἐπανάληψιν
2851 1758 3054 1858 καιροῦ

692 1887 1084 1964 καλοῦντος
1138 1879 1277 1980 ηδη
1333 1879 1541 1982 ζητεῖ.
1622 1884 1739 1959 καὶ
1791 1886 2001 1961 ποῖον
2052 1915 2194 1983 αρα
2248 1879 2729 1983 πεπλήρωκεν
2778 1880 2958 1988 ἔργον,
2986 1876 3052 1956 δι

692 2002 776 2082 οὗ
814 1999 1104 2110 δοξάσαι
1140 2005 1330 2110 φησι
1377 2037 1502 2084 τον
1544 2003 1885 2107 Πατέρα·
1865 2065 1887 2101 ,
1953 2002 2142 2089 Θεος
2178 2002 2321 2107 γὰρ
2358 2006 2706 2109 ὑπάρχων
2739 1999 3054 2102 ἀληθινὸς,

631 2152 667 2193 0
691 2126 970 2233 εὐδοκία
1028 2130 1146 2205 καὶ
1205 2125 1502 2225 θελήσει
1566 2135 1695 2207 τοῦ
1759 2126 2051 2230 Πατρὸς
2114 2129 2409 2232 γέγονεν
2463 2127 2859 2230 ἅνθρωπος,
2910 2124 3056 2221 ὅλην

691 2251 1073 2329 ἀνασῶσαι
1139 2249 1272 2349 τὴν
1331 2250 1769 2352 οἰκουμένην,
1827 2253 2284 2332 ἀνακαινίσαι
2341 2286 2417 2332 τε
2474 2250 2662 2354 πρὸς
2727 2249 2904 2353 ζωὴν
2951 2246 3055 2345 τὴν
3074 2279 3125 2336 15

691 2373 1090 2477 ἁπεραντον
1125 2409 1241 2453 και
1296 2375 1746 2476 θεογνωσίαν
1780 2374 1913 2476 τὴν
1955 2377 2193 2475 ἀληθῆ
2242 2375 2328 2457 τὸ
2377 2380 2861 2477 διολισθῆσαν
2892 2371 3057 2476 γένος

690 2500 806 2579 ἐπὶ
856 2502 983 2598 τῆς
1033 2502 1169 2602 γῆς
1216 2499 1832 2603 προθυμούμενος·
1900 2534 1940 2579 ο
1998 2498 2087 2599 δὴ
2143 2502 2263 2579 καὶ
2316 2499 2766 2605 πεπερασται
2813 2493 3058 2596 δυνάμει

694 2627 811 2704 καὶ
859 2623 1159 2731 ἐξουσία
1206 2629 1585 2727 θεοπρεπεῖ
1627 2631 1758 2704 τοῦ
1792 2629 2146 2727 Χριστοῦ,
2183 2625 2782 2729 καταργήσαντος
2815 2658 2934 2724 μεν
2961 2617 3059 2700 τὸν

694 2748 1026 2846 θάνατον,
1063 2746 1604 2854 ἀνατρέψαντος
1643 2745 1721 2826 δὲ
1757 2746 1891 2847 τὴν
1927 2757 2055 2829 τοῦ
2106 2746 2457 2843 διαβόλου
2502 2749 2939 2856 πλεονεξίαν,
2969 2743 3060 2823 καὶ

694 2872 1126 2957 καθελόντος
1195 2871 1327 2971 μὲν
1388 2870 1521 2970 τὴν
1583 2872 1962 2975 ἁμαρτίαν,
2028 2876 2146 2953 καὶ
2210 2869 2503 2974 ἀγάπην
2566 2872 2706 2974 τὴν
2768 2879 2860 2956 εἷς
2916 2870 3125 2968 ἡμᾶςῡο

696 2996 1137 3099 ἀσύγκριτον
1184 2995 1691 3103 ἐπιδείξαντος,
1725 2993 1844 3075 διὰ
1896 3005 2026 3076 τοῦ
2080 3002 2313 3076 πᾶσιν
2362 2999 2632 3077 ἀνεῖναι
2688 2996 2782 3077 τὰ
2833 2987 3055 3097 ἐγκλῆ·

696 3152 891 3219 ματα
947 3122 1063 3200 καὶ
1112 3121 1433 3228 φωτίσαι
1480 3116 1652 3204 τοὺς
1698 3121 2309 3221 πεπλανημένους,
2344 3121 2690 3206 συνέντας
2744 3121 2876 3222 ἤδη
2911 3111 3062 3196 Θεὸν

630 3251 675 3316 d
699 3240 826 3323 τὸν
881 3243 1003 3322 ἕνα
1054 3248 1170 3323 καὶ
1226 3240 1594 3343 ἀληθινόν.
1678 3245 2278 3347 κατορθώσαντος
2334 3246 2572 3324 τοίνυν
2623 3249 2769 3352 ἰδίᾳ
2823 3237 3063 3337 δυνάμει

700 3365 794 3447 τὰ
855 3375 1149 3448 τοιαῦτα
1205 3373 1556 3471 Χριστοῦ,
1615 3365 2051 3475 δεδόξασται
2108 3367 2310 3471 παρὰ
2367 3368 2658 3449 πάντων
2719 3372 2761 3450 ό
2820 3360 3058 3463 Πατὴρ,

701 3491 1064 3572 συνέντων
1128 3488 1466 3592 δηλονότι
1518 3497 1666 3573 τῶν
1719 3493 1796 3571 έν
1854 3490 2137 3599 κόσμῳ·
2164 3490 2457 3573 πάντων
2511 3490 2644 3593 τήν
2702 3528 2781 3574 τε
2834 3487 3124 3593 σοφίανῖὅ

702 3617 816 3693 καὶ
873 3613 1004 3713 τὴν
1065 3615 1364 3714 δύναμιν
1428 3615 1548 3694 καὶ
1602 3614 1736 3715 τὴν
1790 3614 2338 3720 ἐνυπάρχουσαν
2401 3619 2593 3724 αὐτῷ
2649 3614 3062 3719 γαληνότητα

703 3740 820 3816 καὶ
874 3741 1449 3893 φιλανθρωπίαν.
1522 3734 1885 3846 διελαμψε
1931 3737 2076 3843 γὰρ
2128 3744 2242 3818 καὶ
2295 3740 2796 3846 πεφανέρωται
2850 3729 3062 3818 λοιπον

708 3863 805 3943 ὡς
860 3864 936 3941 ἐν
981 3860 1190 3943 εἰκόνι
1246 3865 1363 3943 καὶ
1417 3867 1815 3968 χαρακτῆρι
1863 3867 1995 3962 τῆς
2051 3863 2226 3949 ἰδίας
2286 3862 2576 3967 φύσεως
2629 3867 2738 3973 τῷ
2782 3867 2948 3969 Υὶῲ,
2978 3854 3062 3936 καὶ

709 3982 854 4064 ἀπο
892 3993 1021 4066 τοῦ
1058 3994 1338 4090 καρποῦ
1374 3985 1458 4066 τὸ
1499 3988 1793 4087 δένδρον
1827 3988 2185 4089 ἐγνώσθη,
2224 4020 2408 4066 κατα
2458 3985 2542 4067 τὸ
2586 3984 3060 4091 γεγραμμένον·

708 4109 1240 4209 τετελεσμένων
1285 4110 1360 4190 δὲ
1410 4111 1544 4211 ηδη
1596 4117 1743 4190 τῶν
1788 4111 2039 4213 ἔργων,
2077 4115 2197 4192 καὶ
2251 4145 2349 4196 εις
2402 4111 2623 4216 πέρας
2678 4113 2962 4213 ἥκοντος
3005 4097 3122 4185 ῒῦὅῦ

647 4269 683 4313 e
710 4234 985 4337 πρέπον
1033 4236 1224 4342 αὐτῷ
1278 4243 1405 4314 τοῦ
1462 4235 1628 4313 καθ’
1671 4234 1854 4335 ἡμᾶς
1910 4231 2488 4335 οἶκονομηθέντος
2539 4242 2801 4333 καλῶς,
2835 4240 2924 4317 εἷς
2967 4224 3065 4323 τὴν

714 4361 969 4438 οἰκείαν
1006 4357 1326 4438 ἐπάνεισι
1377 4357 1600 4464 δόξαν
1638 4361 1754 4475 καὶ
1804 4362 1931 4459 τῆς
1978 4361 2281 4463 ἀρχαίας
2329 4360 2647 4445 εὐκλείας
2695 4347 3057 4455 ἐπιλαμβᾶ·

366 3973 617 4055 S3pfflatth.

368 4056 456 4092 ιιι.
482 4055 562 4105 33.

1701 4613 1752 4650 2.
1790 4597 1890 4668 γὰρ
1915 4613 2023 4651 om.
2053 4594 2118 4650 Ε.
