3238 5158
580 339 715 403 350
1176 341 1256 407 B.
1304 340 1723 413 cYRILLI
1782 309 2369 406 ALEXAN'DR.
2592 338 2995 417 xiii.10,11.

486 622 561 662 10
587 601 769 675 Λὲι-ει
823 602 1005 687 αὐτῷ
1051 601 1088 671 ό
1126 601 1383 669 Ἰησοῦς
1416 603 1503 669 ‘0
1544 604 1945 684 λελουμένος
1998 606 2074 670 οὐ
2129 601 2351 693 χρείαν
2393 603 2547 690 ἔχει,
2584 598 2642 668 εἰ
2693 601 2782 679 μή
2837 599 2993 667 τοὺς

691 726 904 794 πόδας
957 726 1288 810 νίψασθαι,
1339 730 1481 795 ἀλλ’
1535 730 1677 796 ἔστι
1729 729 2016 819 καθαρός
2068 729 2243 797 ὅλος·
2317 728 2427 793 καὶ
2479 723 2663 804 ὑμεῖς
2717 724 2993 813 καθαροί

490 871 558 911 11
692 852 863 936 ἐστε,
923 852 1061 918 ἀλλ’
1135 854 1274 941 οὐχὶ
1342 855 1603 922 πάντες·
1688 855 1833 947 ᾔδει
1896 855 2017 945 Γὰρ
2076 853 2191 921 τόν
2255 852 2706 944 παραδιδόντα
2769 851 2992 917 αὐτόν·

692 977 799 1045 διὰ
853 985 1050 1046 τοῦτο
1104 973 1286 1046 εἶπεν
1339 983 1444 1048 ὅτι
1495 982 1637 1069 οὐχὶ
1688 981 1931 1049 πάντες
1988 979 2263 1071 καθαροί
2316 980 2487 1053 ἐστε.

702 1175 1008 1283 Δέχεται
1042 1175 1173 1279 μὲν
1207 1180 1286 1259 ἐκ
1326 1185 1473 1260 τῶν
1509 1180 1671 1260 καθ’
1714 1179 1898 1280 ἡμᾶς
1946 1174 2092 1259 ἀπὸ
2143 1186 2382 1259 κοινοῦ
2429 1176 2857 1283 πράγματος
2904 1171 2989 1256 τὸ
3023 1200 3065 1261 5

530 1340 568 1385 e
589 1301 1070 1405 παράδειγμα,
1141 1302 1566 1409 εὐαφόρμως
1638 1338 1717 1384 τε
1789 1300 2204 1406 διαπράττει
2287 1308 2391 1410 τῷ
2465 1300 2788 1406 προδότῃ
2860 1297 2992 1379 τὸν

589 1421 917 1532 ἔλεγχον,
954 1426 1544 1528 μεταβούλεσθαί
1589 1461 1669 1508 τε
1725 1426 2092 1508 διδάσκων
2147 1429 2267 1507 καὶ
2323 1425 2838 1526 μετατίθεσθαι
2891 1429 2992 1508 εἷς

522 1550 741 1657 ἕξιν
788 1548 923 1651 τὴν
971 1550 1235 1650 ἀμείνω
1289 1549 1419 1632 τὸν
1472 1550 1878 1656 ἄνθρωπον.
1956 1556 2017 1631 εἶ
2071 1584 2216 1653 γαρ
2270 1584 2388 1630 και
2443 1551 2643 1630 οὔπω
2699 1552 2991 1650 γυμνῶς

585 1678 715 1775 τῆς
785 1676 1085 1776 ἐνούσης
1151 1675 1343 1782 αὐτῷ
1411 1675 1858 1770 δυσβουλίας
1913 1674 2308 1828 ἀπελέγχει
2372 1707 2467 1754 τα
2529 1669 2983 1776 ἐγκλήματα,

586 1800 756 1877 ἀλλ’
809 1800 935 1878 οὖν
990 1832 1076 1901 γε
1141 1800 1460 1901 δριμεῖαν
1515 1799 1556 1878 5
1617 1795 1843 1900 λόγος
1901 1798 2044 1903 ἔχει
2101 1796 2236 1897 τὴν
2289 1797 2635 1904 ἔμφασιν.
2743 1796 2831 1875 δι’
2887 1829 2991 1873 ων
3025 1822 3112 1864 10

583 1919 730 2025 γὰρ
782 1929 931 2007 τοῖς
985 1920 1247 2006 αλλοις
1304 1918 1439 2022 τὴν
1492 1928 1590 2006 εἶς
1648 1920 2059 2027 ὀλόκληρον
2113 1919 2572 2023 καθαρότητα
2624 1923 2989 2022 μαρτυρεῖ,

586 2047 911 2127 ὕποπτον
951 2042 1286 2145 δηλονότι
1334 2043 1463 2126 τὸν
1507 2044 1610 2148 μὴ
1660 2053 1986 2126 τοιοῦτον
2025 2045 2438 2146 καθίστησι,
2481 2046 2598 2125 καὶ
2651 2054 2981 2144 μεμολυ-

586 2168 856 2269 σμένον
899 2167 1365 2250 ἆποδεικνύει.
1448 2176 1598 2255 τοῖς
1651 2168 1785 2270 μὲν
1832 2168 1976 2273 γὰρ
2031 2169 2291 2274 ἑτέροις
2340 2171 2561 2249 αὐτοῦ
2606 2175 2986 2269 μαθηταῖς,

253 2319 382 2377 ’125
401 2317 486 2376 Δ.
527 2332 564 2373 a
587 2295 705 2373 καὶ
740 2292 824 2373 τὸ
861 2297 989 2393 τῆς
1033 2291 1590 2398 ἀπερισπάστου
1638 2294 2112 2398 προσεδρείας
2158 2293 2514 2398 καύχημα,
2547 2299 2666 2373 καὶ
2697 2293 2825 2373 τὸν
2861 2297 2991 2391 τῆς

587 2416 1142 2520 ἀκολουθήσεως
1212 2418 1461 2513 πόνον,
1525 2420 1646 2499 καὶ
1720 2416 1804 2498 τὸ
1876 2417 2181 2514 βέβαιον
2242 2418 2320 2497 ἐν
2379 2418 2646 2514 πίστει,
2709 2420 2830 2498 καὶ
2903 2414 2989 2497 τὸ
3025 2455 3107 2514 15

585 2546 861 2647 πλῆρες
915 2545 991 2624 ἐν
1043 2539 1293 2651 ἀγάπῃ
1348 2548 1439 2649 τῇ
1491 2544 1658 2648 περὶ
1711 2541 2064 2648 Χριστὸν,
2103 2539 2236 2643 τὴν
2286 2539 2745 2645 καθαρότητα
2796 2575 2982 2645 προ-

587 2668 798 2778 ξενεῖ·
870 2674 974 2777 τῷ
1024 2664 1252 2772 γεμὴν
1298 2668 1535 2776 ἑτέρῳ,
1586 2670 1706 2748 καὶ
1761 2665 1937 2747 αὐτὸ
1993 2670 2121 2765 τῆς
2176 2665 2564 2768 ἀπλήστου
2619 2673 2987 2775 φιλοχρη-

587 2794 846 2894 ματίας
897 2792 984 2875 τὸ
1041 2793 1389 2897 ἔγκλημα,
1442 2794 1561 2872 καὶ
1617 2788 1703 2871 τὸ
1760 2788 2059 2875 ἀσθενὲς
2114 2796 2213 2875 εἶς
2267 2789 2589 2871 διάθεσιν
2641 2789 2776 2890 τὴν
2828 2793 2992 2896 περὶ

587 2915 718 2998 τὸν
779 2915 1051 3021 Κύριον
1124 2917 1328 3017 ἡμῶν
1380 2916 1675 3017 Ἰησόῦν
1736 2913 1866 2995 τὸν
1927 2912 2282 3019 Χριστὸν,
2346 2913 2481 3015 τὴν
2541 2913 2992 2997 ἀνέκπλυτον

586 3046 850 3143 κηλῖδα
901 3042 1447 3147 προστρίβεται,
1502 3041 1621 3120 καὶ
1674 3042 1804 3140 τῆς
1865 3040 2309 3145 ἀσυγκρίτου
2363 3040 2810 3136 δυσβουλίας
2864 3037 2991 3119 τὸν
3019 3074 3107 3118 20

587 3164 978 3266 μολυσμὸν
1023 3168 1319 3266 ἐμποιεῖ.
1396 3163 1574 3245 ὅταν
1630 3162 1872 3244 τοίνυν
1925 3163 2112 3270 λέγῃ
2167 3162 2496 3268 Χριστός
2536 3160 2744 3264 Ἤδη
2801 3166 2990 3269 ὑμεῖς

517 3303 561 3370 b
594 3289 870 3396 καθαροί
922 3291 1094 3387 ἔστε,
1131 3292 1301 3370 ἀλλ’
1343 3292 1492 3388 οὐχὶ
1550 3284 1825 3385 πάντες,
1862 3286 2345 3391 κεκρυμμένον
2392 3285 2525 3388 μέν
2574 3289 2754 3385 ἐστι,
2789 3285 2991 3387 πλὴν

587 3415 931 3520 ἐπωφελῆ
984 3418 1087 3520 τῷ
1134 3410 1454 3518 προδότῃ
1503 3417 1807 3493 ποιεῖται
1844 3409 1973 3492 τὸν
2010 3408 2339 3518 ἔλεγχον.
2417 3417 2477 3490 εἶ
2528 3409 2674 3515 γὰρ
2723 3412 2842 3492 καὶ
2888 3407 2989 3510 μὴ

588 3535 729 3642 ἔφη
784 3542 1069 3643 σαφῶς,
1107 3533 1430 3639 καθάπερ
1486 3535 1747 3638 ἀρτίως
1800 3533 2198 3638 εἰρήκαμεν,
2233 3537 2404 3616 ἀλλ’
2443 3533 2533 3636 ἦν
2579 3537 2655 3616 ἐν
2706 3533 2990 3640 ἑκάστῳ

589 3656 876 3761 δικάζον
912 3656 997 3739 τὸ
1034 3658 1383 3757 συνειδὸς,
1419 3663 1538 3739 καὶ
1573 3663 1986 3740 διακεντοῦν
2024 3659 2151 3740 τὸν
2185 3655 2671 3763 ἡμαρτηκότα,
2708 3661 2826 3738 καὶ
2860 3654 2992 3756 τὴν
3022 3687 3106 3749 25

587 3788 736 3863 τῶν
771 3782 1152 3888 εἰρημένων
1190 3781 1490 3883 δύναμιν
1523 3782 1849 3887 καθάπερ
1899 3782 1989 3892 ἐξ
2031 3782 2349 3888 ἀνάγκης
2400 3790 2675 3864 καλοῦν
2708 3784 2822 3864 ἐπὶ
2863 3780 2994 3863 τὸν

588 3907 938 3988 ὑπαίτιον.

698 4029 977 4149 Ἑννόει
1026 4029 1102 4112 δὲ
1151 4030 1348 4118 ὅπως
1394 4033 1799 4134 οἰκονομίας
1856 4031 2046 4118 τινὸς
2098 4036 2217 4113 καὶ
2266 4038 2709 4137 θεοπρεποῦς
2744 4029 2988 4137 ἀνεξι-

588 4154 837 4241 κακίας
886 4153 971 4237 τὸ
1024 4163 1332 4262 πρᾶγμα
1384 4155 1876 4263 πεπλήρωται·
1938 4163 1997 4239 εἶ
2052 4158 2195 4262 γὰρ
2250 4157 2392 4265 ἔφη
2448 4162 2737 4264 σαφῶς,
2786 4156 2893 4273 τίς
2948 4156 2991 4237 5

665 4368 795 4423 1.σῖ
817 4366 1147 4439 ME&
1392 4385 1622 4441 3.παρα
1622 4368 1952 4426 διδουνταΕ.
2165 4368 2992 4495 4.pvrdu·rceassumtumexss.

587 4438 642 4494 6.
677 4440 895 4509 προδότι
919 4439 1045 4531 (tic)
1071 4439 1139 4495 Ε.
1425 4438 1849 4531 μεταβοῦλεσθιιί
1872 4440 1939 4497 Ε.
1962 4438 2485 4568 μεταβουλεύεσθαιπ
2465 4439 2569 4495 Ed.

586 4511 679 4565 alt.
703 4528 813 4565 om.
839 4509 906 4566 Ε.
1011 4452 1421 4566 ανέκπλυτονΕ.
1443 4510 1779 4568 ὀνεκλειπτον
1802 4511 1907 4569 Ed.
2483 4512 2630 4569 ἄντες
2483 4509 2720 4568 de.
2746 4440 2992 4568 Effra-
2873 4526 2991 4582 mg.

586 4582 790 4639 πάντως
813 4581 918 4639 Ed.
1060 4578 1205 4653 ἔστι]
1234 4580 1618 4653 Legendumne
1641 4581 1754 4637 ἔτιῖ
