3238 5158
645 335 775 399 662
1272 336 1350 402 Β.
1398 335 1815 402 OYRILLI
1873 335 2455 402 ALEXANDR.
2813 332 2975 398 xvii.
3006 351 3061 395 1.

643 497 1082 602 γεννήματος
1144 499 1345 607 δόξῃ,
1400 499 1726 605 καθάπερ
1792 498 2051 603 ’ἔλεγον
2105 500 2386 604 ἀρτίως,
2442 497 2675 583 διδοὺς
2731 494 2872 596 μὲν
2923 495 3062 596 τὴν

647 621 870 731 δόξαν
924 628 1000 704 ἐν
1052 631 1155 733 τῷ
1208 632 1529 707 νοεῖσθαι
1588 623 1708 707 διὰ
1765 624 2218 730 πραγμάτων
2277 625 2484 705 ποίου
2538 659 2619 704 τε
2682 626 2808 704 καὶ
2874 625 3067 706 τίνος

646 747 867 855 ἐξέφυ
922 748 1217 853 Πατρὸς
1271 751 1312 830 ὃ
1372 748 1819 852 Μονογενὴς,
1875 749 2281 854 αντικομιζ
2240 783 2488 849 μενος
2541 747 2621 829 δὲ
2673 746 2944 850 ὥσπερ
2997 749 3068 826 ἐν

644 879 751 979 τῷ
805 878 1125 953 νοεῖσθαι
1177 873 1406 955 πάλιν
1453 873 1644 959 τίνος
1696 908 1776 955 τε
1836 878 1954 954 καὶ
2003 875 2155 955 οἵου
2203 871 2463 977 Πατὴρ
2517 871 2825 978 ὑπάρχει
2885 871 3070 951 κατὰ

649 993 1010 1096 ἀλήθειαν.
1109 998 1453 1082 οὐσιῶδες
1516 999 1645 1079 οὖν
1710 998 1852 1102 ἄρα
1915 1002 2033 1080 καὶ
2096 994 2413 1108 φυσικον
2467 995 2669 1099 παρὰ
2734 994 2877 1095 μὲν
2943 1004 3070 1076 τοῦ
3090 1029 3118 1085 5

582 1116 627 1183 <1
653 1118 943 1225 Πατρὸς
999 1126 1099 1207 εἷς
1133 1119 1336 1222 Υἱον,
1369 1121 1569 1272 παρὰ
1622 1121 1701 1202 δε
1744 1130 1874 1203 τοῦ
1911 1128 2096 1204 Υἱοῦ
2146 1156 2332 1227 προς
2373 1156 2502 1203 τον
2540 1121 2848 1227 Πατέρα
2908 1126 3066 1203 δια-

647 1242 958 1345 βήσεται
994 1249 1123 1346 τῆς
1159 1245 1379 1352 δόξης
1413 1280 1498 1326 το
1535 1245 1895 1351 καύχημα.

1883 1369 1908 1399 S
2014 1368 2039 1394 ἱ
2149 1373 2183 1392 Α
2284 1371 2303 1396 9

648 1491 915 1591 πεινὸν,
971 1490 1322 1575 ἐλάττονά
1385 1529 1542 1580 πως
1602 1491 1650 1596 ἢ
1707 1494 1874 1574 καθ’
1933 1492 2187 1576 ἐαυτον
2245 1491 2548 1574 κάνθάδε
2612 1500 2890 1574 λαλεῖν
2951 1492 3074 1575 τὸν

657 1619 949 1721 Κύρων·
1043 1618 1484 1699 κατείθισται
1538 1619 1684 1722 γὰρ
1750 1621 1870 1698 καὶ
1932 1627 2148 1699 τοῦτο
2212 1618 2430 1727 αὐτῷ·
2505 1626 2893 1720 λογισμοῦ
2954 1627 3074 1700 τοῦ
3097 1655 3150 1694 ιο

650 1742 1045 1845 πρέποντος
1098 1742 1476 1845 ἁμοιρήσει
1530 1741 1662 1841 μὲν
1698 1743 2047 1843 οὐδαμῶς,
2090 1747 2238 1822 τῶν
2280 1740 2508 1844 γεμὴν
2559 1741 2650 1848 ἐξ
2700 1745 3076 1847 ἀκριβείας

654 1865 1133 1968 θεωρημάτων
1184 1867 1268 1947 οὐ
1322 1868 1493 1948 λίαν
1545 1865 1931 1973 ἐφάψεται.
2016 1871 2077 1946 εὶ
2140 1865 2272 1965 μὲν
2337 1864 2481 1969 γὰρ
2537 1863 2785 1972 ἐξῄτει
2853 1867 3075 1967 μόνον

656 1986 867 2073 αὐτὸς
921 1988 1053 2089 τὴν
1090 1990 1290 2094 παρὰ
1323 1998 1453 2072 τοῦ
1504 1987 1804 2092 Πατρὸς
1841 1988 2087 2097 δόξαν,
2139 1986 2344 2069 οὐδὲν
2391 1989 2674 2073 ἀπεικὸς
2735 1999 2901 2077 τοῖς
2956 1997 3074 2093 τῆς

656 2111 1205 2215 ἀνθρωπότητος
1242 2114 1524 2219 μέτροις
1577 2113 1712 2215 τὴν
1745 2112 2033 2216 αἴτησιν
2067 2116 2423 2215 ἐγκαλεῖν·
2505 2114 2756 2216 ἐπειδὴ
2815 2117 2904 2198 δὲ
2968 2121 3076 2198 καὶ

656 2236 1129 2345 ἀντιδοξάζειν
1172 2237 1703 2341 ἐπαγγέλλεται
1753 2236 1883 2319 τὸν
1920 2236 2236 2341 Πατέρα,
2279 2243 2436 2323 πῶς
2489 2239 2618 2319 οὐκ
2673 2243 3075 2345 ἀναγκαῖον
3099 2277 3148 2334 15

599 2377 637 2423 θ
658 2360 795 2461 ἤδη
855 2361 1185 2467 φαίνεται
1245 2367 1392 2446 τοῖς
1456 2360 1715 2466 ἀρτίως
1787 2363 1959 2462 ἡμῖν
2016 2364 2580 2466 προαποδοθεῖσι
2648 2367 3073 2471 θεωρήμασι

890 2483 1194 2592 μότερον
1234 2488 1632 2589 ἔπιπηδᾶνζ,

727 2716 780 2774 6.
814 2714 915 2789 εἷς]
948 2723 1008 2784 -Ι-
1034 2717 1126 2773 τὸν
1149 2713 1292 2773 Catt.
1560 2734 1644 2773 ιο.
1680 2718 1775 2772 τοῦ
1799 2715 1867 2773 Ε.
1890 2738 1949 2772 τε
1972 2714 2079 2773 Ed.
2358 2733 2442 2789 13.
2478 2717 2628 2789 παρὰ
2654 2716 2728 2776 E.
2753 2722 2888 2793 περὶ
2913 2721 3014 2779 Ed.
