3238 5158
188 378 313 423 vm
340 357 433 426 28.
559 358 671 424 IN
732 359 801 425 S.
848 360 1356 426 JOANNEM.
1449 360 1641 425 LIB.
1673 360 1755 425 V.
1848 358 2055 425 CAP.
2088 360 2172 424 V.
2477 361 2564 423 43

187 522 391 628 τυχὸν
423 522 651 626 ἤγουν
687 526 1058 635 διαχρύσῳ
1100 528 1443 607 παίεσθαι
1483 525 1781 635 ῥάβδῳς
1844 528 1927 608 οὐ
1963 525 2106 631 γὰρ
2140 525 2226 606 τὸ
2263 531 2566 607 τοιῶσδε

182 652 438 746 παθεῖν,
505 647 710 728 ἀλλὰ
781 648 867 728 τὸ
939 654 1283 749 μηδαμῶς
1355 657 1612 731 παθεῖν
1686 649 1987 752 ἀγαθόν.
2086 650 2565 754 ἐλεγχομένου

183 779 550 872 τοιγαροῦν
586 781 715 852 τοῦ
751 778 954 869 Υὶοῦ,
993 771 1355 870 δυνάμεώς
1403 807 1481 852 τε
1531 777 1650 853 καὶ
1699 773 1969 879 σοφίας
2019 776 2352 868 ἐπιδεοῦς,
2392 770 2565 851 ὅταν

180 893 511 998 φαίνηταί
579 929 654 974 τι
723 894 893 997 παρ’
960 899 1176 975 αὐτοῦ
1247 894 1523 992 λαβὼν,
1593 901 1711 976 καὶ
1783 900 1857 977 ἐν
1920 896 2198 980 τούτοις
2261 894 2565 993 σύμπαν

119 1039 153 1098 5
178 1015 454 1118 ἔχοντος
497 1017 640 1118 ἤδη
688 1018 774 1099 τὸ
826 1018 1310 1121 κατηγόρημα,
1345 1026 1500 1103 πῶς
1551 1020 1682 1099 οὐκ
1723 1023 1962 1119 εὔηθες
2013 1023 2267 1122 κομιδῇ
2319 1016 2564 1119 λόγοις

176 1137 346 1237 ἡμᾶς
421 1139 677 1225 ἑώλοις
752 1150 1206 1244 κατακροτεῖν
1268 1140 1431 1225 τοὺς
1506 1143 2013 1244 ἀκροωμένους,
2079 1146 2196 1222 καὶ
2267 1148 2414 1224 τοῖς
2481 1139 2571 1247 ἐξ
2589 1175 2626 1219 ο

174 1260 443 1363 ἀπάτης
504 1263 863 1367 εὑρήμασι
924 1264 1431 1368 περιπλάττειν
1492 1262 1579 1345 τὸ
1646 1266 1980 1367 ἔγκλημα
2041 1264 2158 1345 διὰ
2220 1273 2349 1345 τοῦ
2421 1269 2567 1344 δεῖν

172 1383 439 1465 οἴεσθαι
486 1394 640 1467 τῶν
676 1387 808 1487 μὲν
843 1389 1098 1468 ἄλλων
1134 1388 1404 1485 οὐδένα,
1441 1387 1665 1488 μόνον
1709 1387 1784 1469 δὲ
1836 1388 1964 1467 τὸν
2003 1388 2297 1492 Πατέρα
2351 1422 2569 1467 κατα-

175 1508 503 1612 δέχεσθαι
540 1512 909 1616 χορηγόν,
971 1510 1305 1614 θαυμάζω
1342 1512 1418 1591 δὲ
1456 1510 1671 1610 ὅπως,
1706 1514 1934 1590 καίτοι
1970 1514 2353 1595 δοκοῦντας
2393 1507 2571 1590 εἶναι

84 1659 151 1700 10
175 1633 466 1738 σοφοὺς,
525 1638 646 1714 καὶ
710 1635 959 1737 λόγοις
1015 1643 1163 1719 τοῖς
1220 1636 1486 1742 εξωθεν
1542 1636 1627 1714 οὐ
1690 1635 1988 1738 μετρίως
2047 1634 2571 1741 ἐξησκημένους

174 1754 344 1854 πρὸς
379 1755 466 1838 τὸ
506 1759 868 1837 δύνασθαι
907 1763 1429 1857 διενθυμεῖσθαι
1471 1757 1714 1862 πικρὰ,
1752 1761 2031 1838 κάκεῖνο
2069 1756 2420 1854 διέλαθεν,
2463 1756 2572 1836 ὅτι

175 1876 295 1957 τὸν
353 1889 485 1960 τοῦ
552 1887 750 1961 Θεοῦ
821 1885 939 1962 καὶ
1003 1880 1295 1985 Πατρὸς
1356 1881 2047 1981 κατασμικρύνοντες
2117 1884 2566 1984 χαρακτῆρα,
2657 1864 2667 1874 ’

175 2003 519 2102 τουτέστι,
557 2002 691 2084 τὸν
725 2003 927 2103 Υὶὸν,
964 2007 1091 2085 οὐκ
1140 2007 1359 2085 αὐτοῦ
1400 2013 1775 2103 τοσοῦτον,
1821 2004 2003 2084 ὅσον
2038 2005 2300 2084 ἐκείνου
2352 2038 2569 2104 κατη-

179 2133 405 2226 γορεῖν
468 2128 851 2230 ἐγνώκατε,
918 2128 1002 2209 οὗ
1075 2133 1195 2208 καὶ
1269 2127 1428 2207 ἔστι
1499 2126 1891 2232 χαρακτὴρ,
1956 2129 2178 2211 οὕτως
2242 2126 2427 2232 ἔχειν
2490 2126 2579 2233 ἐξ
2597 2141 2640 2206 d

90 2268 154 2329 Ῑ5
180 2248 487 2351 ἀνάγκης
524 2252 949 2356 ὀφείλοντος
986 2257 1081 2336 ὡς
1118 2251 1209 2332 ἂν
1245 2255 1321 2331 ἐν
1357 2257 1515 2358 Υἶῷ
1552 2252 2032 2356 διαφαίνηται.

282 2433 325 2470 ,,
361 2372 589 2453 Ἀλλ’
627 2376 1046 2466 ἐκβιάσεταί
1081 2409 1191 2473 σε,
1232 2378 1486 2480 φησὶν,
1519 2374 1564 2473 ἡ
1616 2382 1745 2455 τοῦ
1779 2379 1961 2454 Υὶοῦ
2006 2370 2236 2479 φωνὴ,
2272 2371 2454 2474 πρὸς
2490 2368 2576 2451 τὸ

182 2553 223 2594 ,,
258 2500 369 2576 καὶ
403 2499 541 2602 οὐχ
588 2495 840 2578 ἑκόντα
886 2505 1246 2579 συναινεῖν
1282 2497 1386 2582 οἷς
1423 2504 1640 2578 εἰπεῖν
1676 2499 1803 2578 οὐκ
1838 2496 2281 2604 ἀπηξίωσεν.
2363 2493 2577 2578 αὐτὸς

181 2679 219 2718 ,,
254 2621 389 2723 γὰρ
428 2621 639 2702 οὐδὲν
674 2623 762 2731 ἐξ
803 2625 1053 2704 ἑαυτοῦ
1085 2630 1313 2703 ποιεῖν
1350 2623 1837 2725 ὡμολόγηκεν,
1875 2620 2079 2701 ἀλλὰ
2114 2624 2231 2701 καὶ
2268 2617 2453 2721 ἅπερ
2488 2615 2578 2697 ἂν

182 2803 222 2839 ,,
258 2745 674 2826 διδάσκοιτο
708 2746 905 2849 παρὰ
942 2755 1070 2826 τοῦ
1108 2752 1302 2827 Θεοῦ
1337 2750 1454 2826 καὶ
1495 2747 1809 2850 Πατρὸς,
1846 2752 2073 2824 ταῦτα
2111 2742 2434 2822 λαλεῖν.”

95 2889 163 2930 ²0
286 2868 533 2948 Ἀλλὰ
592 2873 717 2948 σοὶ
771 2870 920 2968 μὲν,
978 2866 1037 2948 ὦ
1089 2875 1386 2970 γενναῖε,
1444 2873 1560 2949 καὶ
1616 2867 1711 2949 τὰ
1764 2874 2006 2949 καλῶς
2062 2864 2393 2967 εἰρημένα
2448 2865 2570 2941 δο-

186 2991 487 3072 κούντων
533 2991 724 3097 ἔχειν
760 2995 887 3073 οὐκ
939 2996 1199 3094 ὀρθῶς,
1242 2993 1527 3095 ἐπείπερ
1580 2988 1879 3094 ἠρνήσω
1928 2993 2055 3089 τῆς
2104 2986 2441 3088 ἀληθείας
2493 2983 2579 3066 τὸ

187 3122 354 3220 φῶς·
411 3118 618 3216 ἡμεῖς
671 3115 747 3197 δὲ
798 3115 1024 3196 πάλιν
1071 3114 1203 3216 τὴν
1256 3117 1528 3195 ἑαυτῶν
1576 3114 2017 3211 βαδιούμεθα
2073 3108 2270 3207 ὁδὸν,
2314 3110 2435 3189 καὶ
2487 3107 2580 3188 τὰ

188 3240 453 3341 συνήθη
490 3244 613 3321 καὶ
650 3238 835 3345 φιλᾶ
875 3239 1337 3347 φρονήσομεν
1373 3240 1536 3340 περὶ
1572 3246 1702 3318 τοῦ
1742 3243 2204 3338 Μονογενοῦς
2239 3231 2419 3332 μετὰ
2452 3235 2579 3332 τῆς
2605 3270 2641 3313 e

188 3363 601 3464 πρεπούσης
636 3363 806 3462 ἡμῖν
841 3364 1206 3457 εὐσεβείας
1241 3368 1390 3445 τοῖς
1425 3361 1908 3463 προκειμένοις
1938 3355 2573 3462 προσβάλλοντες.

106 3505 173 3567 ²5
192 3489 246 3562 εὶ
295 3485 423 3584 μὲν
473 3485 625 3588 γὰρ
679 3486 949 3588 εἴρηκεν
1005 3489 1045 3565 ὃ
1101 3483 1527 3585 Μονογενής
1582 3478 1793 3565 Οὐδὲν
1848 3488 1976 3563 ἀπ’
2034 3483 2326 3588 ἐμαυτοῦ
2389 3479 2581 3576 ποιῶ,

196 3608 587 3707 λαμβάνων
623 3609 699 3689 δὲ
748 3607 833 3689 τὸ
890 3609 1242 3688 δυ’νασθαι
1290 3605 1490 3709 παρὰ
1537 3614 1666 3686 τοῦ
1716 3611 1909 3686 Θεοῦ
1957 3607 2072 3684 καὶ
2114 3602 2428 3706 Πατρός,
2466 3606 2585 3683 καὶ

194 3738 636 3836 τερατουργῶ
701 3734 818 3811 καὶ
885 3731 1350 3833 θαυμάζομαι,
1417 3727 1506 3829 ἦν
1559 3729 1689 3826 μέν
1742 3763 1849 3813 τις
1917 3731 2033 3806 καὶ
2098 3728 2283 3807 οὕτω
2358 3724 2586 3825 λόγος

197 3852 385 3934 οὐδὲν
448 3857 641 3940 ὅλως
711 3856 1102 3961 ὀφείλοντα
1176 3853 1291 3932 διὰ
1356 3860 1568 3933 τοῦτο
1631 3854 2186 3953 κατηγορεῖσθαι
2252 3850 2586 3929 δεικνύων

200 3977 423 4076 αὐτὸν,
458 3978 661 4078 πλὴν
705 3977 917 4084 ἔδοξέ
959 4011 1113 4060 πως
1167 3974 1260 4055 ἂν
1309 3973 1952 4078 εὐπροσωπότερον
1989 3973 2157 4071 ἡμῖν
2193 3972 2582 4074 ἀντιπράτ-

264 4176 313 4214 2.
346 4160 459 4285 ‘eff'
486 4161 625 4219 ὅλως
647 4179 697 4217 a,
724 4160 844 4216 Cat.
873 4162 1028 4216 Harl.
1211 4158 1293 4214 16.
1331 4180 1395 4215 σε
1423 4167 1763 4228 assumptum
1788 4175 1852 4211 ex
1880 4155 1948 4210 B.
2131 4156 2213 4210 18.
2253 4157 2436 4210 ἑαυτοῦ
2464 4152 2582 4210 Ra.

201 4229 346 4284 αὐτοῦ
428 4234 552 4287 olet.
580 4233 684 4287 Ed.
801 4233 1144 4303 ὡμολόγησεν
1166 4248 1214 4285 a.
1466 4246 1552 4284 20.
1590 4229 1680 4282 σοὶ
1703 4245 1750 4281 a.
1777 4226 1897 4282 Cat.
1928 4227 2081 4281 Harl.
2105 4237 2158 4279 et
2183 4226 2260 4280 sic
2283 4225 2587 4280 emendavit

204 4298 391 4373 Heyoe.
427 4303 498 4357 σὺ
534 4302 601 4357 Β.
642 4302 744 4357 Ed.
865 4301 1149 4357 δοκούντων
1185 4299 1252 4355 Β.
1285 4300 1600 4354 δοκείτωσαν
1634 4316 1683 4352 a.
1719 4296 1837 4353 Cat.
1876 4298 2029 4352 Harl.
2064 4297 2310 4350 δοκοῦντα
2349 4296 2447 4349 Ht.
2483 4294 2586 4350 Ed.

205 4385 284 4439 23.
316 4373 450 4441 φίλα
484 4372 821 4461 φρονῆσομεν
855 4372 935 4460 B',
954 4369 1425 4443 φιλοφρονῆσομεν
1454 4368 1555 4458 l}d.
1656 4368 1848 4423 Statim
1883 4368 2004 4439 περὶ
2039 4375 2378 4455 assutqptum
2415 4383 2478 4418 ex
2522 4365 2586 4419 B.

206 4455 286 4506 24.
318 4441 641 4515 πρεπουσης]
668 4465 1038 4514 προσηκουσης
1067 4442 1150 4525 8.,
1177 4440 1270 4495 sed
1294 4462 1599 4527 πρεπουσης
1625 4438 1672 4492 Β
1699 4457 1809 4509 mg.
1869 4485 1880 4491 -
1937 4508 1966 4523 ..
2004 4508 2015 4519 Ι
2038 4436 2125 4491 26.
2162 4438 2219 4490 δε
2243 4444 2587 4523 assumptum⁸

205 4526 265 4563 ex
286 4529 333 4566 a.
355 4516 417 4567 τὸ
444 4512 754 4570 &bimarem
782 4513 849 4569 B.
874 4513 1174 4568 emendant
1198 4511 1260 4565 τὸ
1287 4510 1540 4566 &nuno-Bm
1567 4508 1686 4573 Ht.,
1713 4508 1806 4564 sed
1833 4517 2044 4579 conjlclt
2071 4507 2283 4577 Heyse:
2324 4511 2358 4535 “
2377 4504 2501 4558 fort.
2529 4506 2586 4558 δε

206 4581 262 4633 τὸ
284 4581 586 4638 &bracem-’⁹

1337 4682 1380 4726 G
1413 4682 1451 4729 2
