3238 5158
262 3804 401 3854 xxvi.
428 3817 505 3854 12.

614 352 746 416 510
1225 349 1305 414 Β.
1352 348 1776 415 CYBILLI
1835 349 2421 416 ALEXANDR..
2765 349 3028 429 xiv.27.

612 514 708 596 τὰ
740 514 1038 596 τοιαῦτά
1071 521 1349 621 φησιν·
1328 575 1351 612 ,
1404 514 1451 614 ἡ
1486 512 1619 664 μὲν
1644 513 1790 618 γὰρ
1825 512 2291 621 ἀφιλόμαχος
2324 516 2444 594 καὶ
2479 512 3032 622 ἆφιλοπόλεμος

612 638 860 746 ἕξις,’
819 674 1002 720 οσον
1035 642 1113 719 ἐν
1143 639 1428 722 οἰκείαις
1476 641 1736 742 ῥοπαῖς
1785 645 1904 720 καὶ
1951 641 2029 717 ἐν
2064 636 2368 738 θελήσει
2407 643 2500 742 τῇ
2535 639 2706 718 καθ’
2744 636 3036 737 ἑαυτὴν,

612 762 899 866 εἰρήνην
959 764 1104 870 ἔχει
1165 766 1286 844 καὶ
1347 759 1740 865 ἐργάζεται·
1821 765 1940 843 καὶ
2009 762 2142 842 οὐκ
2211 760 2710 843 ε’νυπόοτατόν
2772 795 2852 840 τι
2915 764 3038 840 καὶ

616 886 946 995 ὑπάρχον
982 889 1173 973 ἰδίως
1209 885 1607 989 οἰησόμεθά
1653 922 1831 969 ποτε
1877 886 2013 989 τὴν
2047 890 2238 969 οὕτω
2282 887 2670 989 νοουμένην
2700 885 3030 991 εἰρήνην,

545 1021 591 1086 b
614 1015 786 1093 ἀλλ’
826 1017 903 1094 ἐν
934 1012 1080 1121 ἕξει
1126 1016 1218 1118 τῇ
1266 1020 1415 1093 τῶν
1456 1011 1911 1115 ἀγαπώντων
1955 1010 2181 1112 αὐτὴν
2219 1013 2650 1113 συμβαίνειν
2700 1011 3027 1114 ὑπονοή-
3051 1038 3084 1095 5

614 1167 870 1235 σομεν·
938 1144 1096 1223 πῶς
1149 1136 1383 1218 οὖν’
1324 1172 1471 1239 apa
1524 1135 1783 1236 νοήσω
1839 1170 1950 1221 τις
2003 1132 2097 1215 ἂν
2143 1137 2384 1218 πάντα
2438 1143 2610 1216 νοῦν
2657 1136 3032 1241 ὑπερέχειν

612 1259 749 1363 τὴν
800 1262 1137 1361 τοιαύτην
1190 1260 1526 1365 εἰρήνην·
1506 1322 1529 1357 ,
1612 1293 1701 1340 το
1754 1294 1902 1364 γαρ
1954 1263 2250 1359 μηδαμῆ
2311 1264 2658 1360 μηδαμῶς
2721 1257 2813 1339 ὃν
2868 1263 3026 1341 κατ’

613 1385 799 1467 ἰδίαν
872 1385 1201 1494 ὕπαρξιν,
1272 1390 1431 1469 πῶς
1510 1383 1604 1465 ἂν
1679 1391 1916 1464 νοοῖτο
1994 1389 2317 1487 κρεῖττον
2384 1418 2463 1464 τε
2537 1388 2659 1463 καὶ
2728 1386 3029 1483 ἄμεινον

611 1511 1015 1617 ἀνθρώπων
1084 1510 1328 1616 τυχὸν,
1402 1506 1452 1610 ἢ
1526 1502 1893 1611 ἀγγελων,
1965 1505 2012 1608 ἢ
2084 1512 2204 1588 καὶ
2274 1513 2422 1587 τῶν
2493 1506 2598 1587 ἔτι
2666 1510 3028 1612 προσάνω

613 1634 1058 1735 νοουμένων·
1035 1696 1059 1732 ,
1141 1641 1312 1715 νοῦν
1368 1667 1514 1737 γαρ
1586 1628 1766 1711 εἶναι
1830 1636 1950 1713 καὶ
2012 1631 2243 1712 ταῦτά
2306 1639 2572 1738 φαμεν.
2653 1634 2922 1714 οὐκοῦν
2981 1635 3024 1734 ἡ
3051 1666 3109 1707 ιο

613 1758 793 1863 ὑπὲρ
803 1759 1087 1913 ἀρχὰς,
1120 1759 1165 1858 ἡ
1218 1756 1396 1862 ὑπερ
1443 1756 1878 1864 ἐξουσίας,
1837 1790 1885 1855 η
1936 1755 2112 1859 ὑπερ
2163 1753 2544 1859 θρόνους
2507 1793 2552 1857 η
2601 1756 3026 1859 κυριότητας

611 1885 731 1963 καὶ
786 1882 964 1986 ὑπερ
1016 1878 1257 1963 πάντα
1312 1889 1484 1962 νοῦν
1531 1880 1797 1985 εἰρήνη,
1832 1881 1919 1960 τὸ
1971 1884 2275 1978 Πνεῦμα
2322 1886 2656 1983 Χριστοῦ
2711 1883 2904 1980 ἐστι,
2941 1885 3022 1963 δι’

612 2006 699 2085 οῦ
748 2004 843 2086 τὰ
888 2004 1130 2086 πάντα
1179 2011 1285 2114 τῷ
1322 2010 1491 2113 Θεῷ
1540 2008 1661 2085 καὶ
1700 2006 1941 2108 Πατρι
1977 2002 2507 2112 κατήλλαξεν
2474 2039 2516 2085 ο
2552 2001 2752 2103 Υἰος,
2791 2012 2904 2115 τῷ
2937 2042 3027 2087 τα

548 2164 585 2208 ο
609 2129 827 2210 αὐτοῦ
885 2128 1141 2281 θέλειν,
1177 2132 1297 2209 καὶ
1348 2130 1757 2225 βούλεσθαι
1815 2133 2002 2208 νοεῖν
2052 2162 2132 2208 τε
2177 2131 2296 2208 καὶ
2340 2162 2705 2233 πραττειν,
2739 2135 2868 2210 καὶ
2923 2132 3026 2230 μὴ

605 2251 920 2357 ἑτέρωσέ
964 2287 1089 2336 ποι
1146 2259 1403 2358 χωρεῖν
1460 2260 1558 2337 εἰς
1613 2251 2037 2334 ἀπόστασιν
2098 2250 2216 2333 δια
2268 2256 2400 2351 τῆς
2451 2259 2551 2338 εἰς
2607 2252 2705 2333 τὰ
2761 2260 3023 2361 φαυλα
3051 2286 3106 2343 ¹5

603 2381 1100 2481 παρατροπῆς.
1176 2385 1398 2459 λυπεῖ
1425 2377 1503 2459 δὲ
1538 2375 1747 2458 οὐδὲν
1782 2380 1900 2458 καὶ
1937 2375 2308 2479 λογισμὸν
2341 2378 2456 2457 ἐπὶ
2491 2377 2726 2484 τούτῳ
2757 2387 3024 2474 λαβεῖν

604 2501 735 2582 οὐκ
780 2500 1158 2585 ἀσύνετον.
1239 2536 1462 2607 ονπερ
1510 2535 1660 2606 γαρ
1706 2498 1983 2606 τρόπον
2019 2501 2307 2605 ἐπείπερ
2357 2498 2500 2604 ζωὴ
2548 2534 2736 2583 κατα
2785 2503 3023 2611 φύσιν

604 2626 807 2708 ἐστὶν
842 2661 884 2707 ο
920 2625 1099 2712 Υἰος
1135 2630 1254 2709 καὶ
1290 2628 1526 2735 σοφία
1562 2630 1682 2707 καὶ
1719 2626 2036 2725 δύναμις,
2072 2632 2398 2706 καλεῖται
2443 2622 2521 2705 δε
2569 2628 2689 2706 καὶ
2731 2626 2898 2708 ἔστι
2934 2662 3020 2707 το

610 2754 909 2850 Πνεῦμα
945 2753 1186 2851 αὐτοῦ,
1222 2749 1504 2850 πνεῦμά
1544 2753 1708 2831 ἐστι
1750 2749 1934 2854 ζωῆς
1982 2752 2102 2830 καὶ
2150 2749 2424 2856 σοφίας
2460 2752 2580 2830 καὶ
2616 2749 3013 2851 δυνάμεως·

605 2877 834 2961 οὕτως
882 2876 1170 2981 ἐπείπερ
1218 2879 1422 2957 ε’στιν
1457 2874 1674 2959 αὐτός
1722 2908 1800 2956 τε
1854 2879 1972 2956 καὶ
2019 2875 2157 2981 οὐχ
2203 2874 2442 2980 ἕτερος
2497 2873 2544 2974 ἡ
2594 2875 2894 2975 ἀληθῶς
2942 2911 3019 2955 τε
3045 2914 3105 2955 20

606 3003 724 3080 καὶ
761 3000 1018 3105 κυρίως
1066 2997 1331 3104 εἰρήνη,
1367 2999 1635 3102 λέγοιτ’
1675 2996 1767 3078 ἂν
1799 2996 2089 3084 εἰκότως
2138 3003 2259 3079 καὶ
2310 3004 2545 3080 νοοῖτο
2590 2996 2825 3079 πάλιν
2861 3007 3016 3080 κατ’

532 3142 575 3207 d
602 3122 821 3205 αὐτὸν
874 3125 1113 3230 εἰρήνη
1166 3124 1254 3207 τὸ
1310 3131 1610 3223 Πνεῦμα
1664 3124 1909 3203 αὐτοῦ.
1991 3120 2110 3204 διά
2162 3157 2275 3204 τοι
2328 3130 2545 3204 τοῦτο
2596 3125 2717 3202 καὶ
2770 3128 3021 3209 ἰδικῶς

605 3249 888 3335 ἀναθεὶς
948 3255 1042 3356 τῇ
1101 3251 1356 3332 ἑαυτοῦ
1419 3247 1645 3356 φύσει
1704 3246 1840 3349 τὴν
1897 3248 2084 3328 ἰδίαν
2143 3244 2449 3350 εἰρήνην,
2506 3246 2868 3346 τουτέστι,
2932 3247 3018 3329 τὸ

608 3377 925 3472 Πνεῦμα,
972 3374 1170 3476 λέγει
1221 3374 1387 3477 περὶ
1443 3373 1666 3453 αὐτοῦ
1705 3373 1952 3477 Εἰρήνην
1987 3368 2096 3465 ‘tiu
2141 3369 2297 3477 ἑμῖιν
2334 3374 2592 3480 ἀφίημι
2643 3375 2823 3475 ὑμῖν.
2905 3371 3018 3452 ὅτι

603 3492 678 3573 δὲ
726 3498 845 3576 καὶ
894 3496 1096 3600 παρὰ
1142 3504 1292 3582 τοῖς
1342 3496 1571 3599 ἁγίοις
1621 3492 2031 3600 προφήταις
2080 3497 2270 3576 οὕτω
2321 3491 2882 3594 κατωνόμασται
2930 3496 3017 3577 τὸ
3045 3521 3110 3582 ²5

605 3622 909 3717 Πνεῦμα
945 3625 1299 3724 Χριστοῦ,
1338 3619 1684 3719 συνήσεις
1734 3620 1813 3699 εὖ
1860 3617 2066 3718 μάλα
2113 3615 2200 3699 τὸ
2251 3617 2369 3699 διὰ
2404 3621 2653 3719 φωνῆς
2688 3618 3018 3701 Ἡσαΐου

599 3742 852 3841 μαθών
885 3752 931 3792 “
963 3741 1183 3847 Κύριε
1234 3741 1400 3846 γὰρ,
1439 3745 1693 3849 φησὶν,
1731 3744 1772 3822 ὁ
1818 3740 2007 3828 Θεὸς
2055 3743 2279 3843 ἡμῶν,
2317 3740 2602 3844 εἰρήνην
2635 3740 2760 3829 δὸς
2811 3745 3014 3845 ἡμῖν·

599 3877 646 3915 “
680 3866 921 3948 πάντα
956 3867 1101 3972 γὰρ
1138 3867 1506 3950 ἀπέδωκας
1543 3866 1781 3967 ἡμῖν.”
1840 3870 1938 3951 ὡς
1972 3864 2117 3970 γὰρ
2153 3868 2358 3947 οὐδὲν
2390 3875 2518 3948 τοῦ
2556 3865 2784 3965 νόμου
2822 3905 3016 3952 τετε-

601 3989 1007 4091 λειωκότος,
1046 3992 1209 4074 οὔτε
1244 3988 1388 4092 μὴν
1426 3990 1874 4099 ἐξαρκούσης
1923 3994 2054 4092 τῆς
2099 3991 2252 4072 κατ’
2295 3990 2511 4072 αὐτὸν
2549 3991 3017 4095 δικαιοσύνης

668 4254 724 4310 9.
761 4237 846 4293 καὶ
869 4246 1209 4311 “cumptum
1232 4257 1263 4294 e
1288 4238 1432 4295 Catt.
1609 4258 1648 4293 π
1755 4238 1859 4293 ἀνω
1893 4259 2016 4294 νοου
2014 4233 2206 4309 μένον]
2230 4236 2482 4327 ἀνωτέρω
2494 4236 2761 4307 &unimur
2781 4242 3016 4313 λογκὸο

597 4306 1153 4378 b.c.00rd.14.
1190 4311 1350 4367 ουτ-οὓ
1377 4309 1494 4365 Ea.
1494 4308 1532 4363 b
1535 4326 1599 4365 ..ο
1661 4308 1793 4365 ord.
1818 4309 2004 4364 ἑαυτοῦ
2014 4259 2132 4364 Ed.
2305 4309 2389 4363 18.
2426 4307 2510 4379 δὲ]
2535 4330 2593 4363 τε
2617 4308 2726 4364 αἱ).
2751 4323 3014 4367 neutrum

597 4378 798 4434 habent
822 4396 871 4434 c.
898 4378 1061 4436 Cord.
1206 4398 1290 4454 19.
1326 4384 1526 4450 πνεῦμα
1549 4377 1669 4451 alt-J
1698 4385 1756 4443 4-
1784 4380 1888 4450 ·γᾶρ
1912 4378 2069 4436 8.Β.ο.
2095 4377 2261 4434 Cord.
2356 4379 2486 4449 ζωης
2509 4379 2593 4433 καὶ
2617 4381 2845 4452 σοφίας]
2874 4386 3016 4437 Θεοῦ

597 4450 682 4505 καὶ
706 4450 905 4575 σοφίας
928 4452 1165 4521 talc-»515
1186 4451 1242 4508 Β.
1385 4474 1425 4508 σ
1451 4403 1555 4505 μαῖα
1579 4452 1665 4505 καὶ
1684 4448 1898 4532 δύναμις
1925 4450 1991 4506 Ε.
2016 4448 2198 4505 invitia
2224 4449 2368 4505 Catt.
2751 4468 2842 4507 21.
2880 4455 3014 4508 κατὰ

595 4520 843 4646 τιὲῦτὸνΒ
804 4591 925 4647 δα
1006 4591 1072 4647 E
1169 4538 1256 4578 22.
1293 4522 1428 4578 διότι
1507 4519 1729 4578 davide
1757 4519 1991 4577 Catenis.
2279 4536 2366 4587 24.
2403 4516 2640 4590 Πνεῦμα]
2674 4526 2732 4584 4-
2763 4523 2928 4579 αὔτοῧ
2953 4524 3011 4579 Β.

600 4606 629 4645 2
722 4613 817 4646 απ(
925 4613 983 4647 εν
