3238 5158
597 348 728 410 458
1207 351 1284 415 Β.
1334 350 1757 415 CYRILLI
1815 351 2400 417 ALEXANDR..
2614 346 2746 413 xiv.
2776 366 2882 425 12,
2914 363 3019 431 13.

601 515 718 592 καὶ
771 513 1131 621 ἐξουσίαν,
1176 514 1379 595 ἀλλὰ
1429 515 1560 616 τὴν
1614 519 1730 598 ἐπὶ
1783 519 2003 597 πολύ·
2065 519 2341 627 μείζονα
2394 514 2560 668 γὰρ,
2607 514 2867 619 φησὶν,
2914 507 3027 590 ὧν

601 636 742 767 ἐγω
790 638 1142 739 πεποίηκα
1190 641 1477 735 ποιήσει.
1559 641 1736 749 ὁρᾷς
1786 641 1996 721 οὖν’
1957 675 2151 725 οπως
2202 640 2585 721 ἀνακόπτει
2635 636 3025 742 χρησίμως

600 768 751 842 τῶν
783 763 868 842 δι’
907 763 1229 847 ἐναντίας·
1266 761 1351 843 τὸ
1390 763 1686 867 θράσος,
1719 768 1838 844 καὶ
1875 763 2321 868 ἀνασειράζει
2356 761 2630 867 τρόπον
2663 757 2824 842 τινὰ
2863 764 3027 843 τοῖς

599 886 924 990 ἐλέγχοις
977 886 1399 990 ἐρχομενους
1452 923 1637 969 κατα
1687 897 2017 991 πετρῶν·
1998 953 2019 984 ,
2086 891 2236 993 ἐρεῖ
2281 923 2426 992 γαρ
2479 923 2591 973 τις
2644 879 2941 967 αὐτοῖς

600 1007 887 1110 ἀνόητοι
937 1015 1054 1090 καὶ
1101 1016 1393 1117 τυφλοι,
1432 1010 1655 1113 μηδὲν
1690 1014 1858 1121 ἐξ-’
1823 1021 2076 1095 εαυτοῦ
2126 1017 2561 1114 δεδυνῆσθαι
2611 1015 3027 1113 κατορθοῦν
3054 1031 3093 1092 5

268 1154 403 1211 803
423 1155 504 1210 Δ.
540 1168 577 1208 a
601 1132 1075 1240 ὑπειληφότες
1139 1133 1268 1216 τὸν
1322 1134 1524 1236 Υὶὸν,
1589 1142 2128 1241 κεχορηγῆσθαι
2195 1135 2271 1217 δὲ
2336 1145 2630 1235 μᾶλλον
2693 1133 2827 1235 τὴν
2896 1134 3024 1240 ἐφ’

598 1253 831 1338 ἅπασι
882 1267 1032 1343 τοῖς
1079 1257 1508 1366 παραδόξως
1559 1261 2096 1360 τετελεσμένοις
2144 1261 2444 1360 δύναμίν
2485 1295 2563 1340 τε
2619 1261 2737 1340 καὶ
2791 1258 3021 1366 ἐξου-

598 1382 769 1461 σίαν
807 1381 946 1463 ὑπὸ
990 1391 1119 1463 τοῦ
1158 1384 1477 1488 Πατρός·
1538 1390 1697 1469 πῶς
1731 1390 1848 1465 καὶ
1885 1387 2161 1495 μείζονα
2196 1392 2596 1487 κατορθοῦν
2632 1380 3018 1485 ἐπαγγέλ-

597 1515 804 1586 λεται
842 1508 1107 1587 δώσειν
1134 1515 1284 1592 τοῖς
1317 1508 1791 1589 πιστεύουσιν
1820 1515 1919 1593 εἷς
1954 1509 2212 1605 αὐτόν;
2265 1516 2419 1594 πῶς
2457 1507 2499 1589 5
2535 1505 2634 1606 μὴ
2674 1507 3026 1608 δέδρακεν

598 1630 832 1731 αὐτὸς,
909 1632 1148 1735 ἕτερος
1220 1633 1689 1736 κατορθώσει,
1763 1633 1897 1734 τὴν
1969 1632 2140 1737 παρ’
2213 1635 2433 1715 αὐτοῦ
2503 1630 3024 1728 δανεισάμενος
3058 1660 3129 1702 10
3228 1635 3229 1644 ἶ

597 1756 949 1854 δύναμιν;
1018 1755 1148 1836 θέα
1202 1756 1346 1859 γὰρ
1397 1757 1593 1843 ὅπως
1651 1759 1780 1837 οὐκ
1834 1757 2110 1861 εἴρηκεν
2159 1762 2237 1838 ἐν
2281 1756 2558 1843 τούτοις
2612 1759 2721 1836 ὅτι
2779 1789 3017 1861 χορη-

596 1879 812 1981 γήσει
878 1887 1026 1964 τοῖς
1091 1879 1522 1961 πιστεύουσι
1588 1881 1888 1982 δύναμιν
1951 1885 1991 1962 5
2061 1881 2343 1983 Πατὴρ,
2408 1882 2580 1961 ἀλλ’
2634 1879 2738 1961 ‘¹0
2794 1917 2862 1959 τι
2936 1877 3025 1961 ἂν

600 2006 912 2097 αἰτήσητε
949 2004 1009 2083 ἐν
1046 2014 1139 2113 τῷ
1176 2006 1643 2118 ὀνο’,ι.ιι;ι.τί’ᾒιιουΟ
1685 2009 1965 2101 ποιήσω.
2047 2008 2089 2086 5
2125 2004 2201 2086 δὲ
2244 2014 2395 2090 τοῖς
2443 2006 2703 2090 ἄλλοις
2752 2007 2875 2084 καὶ
2924 2005 3023 2085 τὰ

532 2140 576 2205 b
599 2127 810 2231 μείζω
863 2127 1217 2208 δύνασθαι
1272 2136 1677 2234 κατορθοῦν·
1706 2134 1801 2214 ὡς
1842 2128 2029 2215 Θεὸς
2064 2130 2438 2229 ἐπιδιδοὺς,
2474 2136 2631 2215 πῶς
2668 2126 2759 2208 ἂν
2794 2127 3024 2214 αὐτὸς

596 2251 1004 2356 ἐχορηγήθη
1059 2254 1228 2355 παρ’
1267 2253 1509 2357 ἑτέρου
1556 2252 1641 2334 τὸ
1699 2253 2100 2353 δύνασθαι;
2177 2256 2434 2336 οὐκοῦν
2469 2257 2689 2358 λῆρος
2740 2251 2877 2351 μὲν
2923 2253 3020 2334 τὰ
3051 2288 3119 2349 15

598 2375 876 2454 ἐκείνων
924 2383 1299 2462 παντελῶς
1357 2382 1476 2458 καὶ
1541 2381 1764 2462 ὕθλος
1828 2383 2083 2463 εἰκαῖος
2139 2382 2255 2458 καὶ
2312 2377 2819 2476 δαιμονιώδους
2876 2381 3015 2460 δυ·-

597 2499 955 2603 στροπῖας
1031 2500 1418 2606 εὑρήματα.
1524 2501 2077 2605 πεπερασμένην
2140 2502 2216 2582 δὲ
2283 2504 2610 2601 οὐδαμῶς
2683 2499 2817 2604 τὴν
2882 2511 3021 2585 τοῦ

596 2630 778 2705 Υἱοῦ
838 2626 1137 2725 δύναμιν
1189 2627 1552 2729 θεωρήσαι
1608 2661 1717 2710 τις
1773 2625 1884 2724 ἂν,
1931 2626 2092 2708 οὐδὲ
2145 2626 2535 2729 διήκουσαν
2583 2625 2715 2727 μὲν
2768 2628 2900 2707 ἐπί
2947 2662 3021 2708 τι

596 2755 742 2829 τῶν
780 2749 1026 2848 ὄντων,
1067 2752 1194 2830 οὐκ
1244 2754 1614 2853 ἀρκοῦσαν
1657 2748 1731 2831 δὲ
1785 2758 1933 2836 τοῖς
1984 2753 2084 2834 ἔτι
2134 2752 2478 2856 μείζοσιν,
2514 2753 2683 2832 ἀλλ’
2725 2749 3020 2857 ὅσαπερ

599 2871 688 2953 ἂν
721 2873 1068 2970 βούλοιτο
1105 2874 1331 2955 ταῦτά
1367 2911 1442 2956 τε
1483 2880 1777 2978 δρῶσαν
1814 2875 2148 2976 εὐκόλως,
2187 2881 2305 2957 καὶ
2343 2885 2491 2962 τοῖς
2527 2876 2755 2982 ἀξίοις
2792 2910 3013 2981 χαρι·
3047 2911 3119 2954 zo

597 2998 894 3100 ζομένην
945 2998 1029 3080 τὸ
1084 3007 1235 3085 τοῖς
1289 3000 1478 3086 ἴσοις
1531 2999 1777 3106 τυχὸν,
1824 3001 2052 3102 ἤγουν
2103 3004 2219 3081 καὶ
2275 2999 2795 3103 ὖπερκειμένοις
2850 3004 3017 3082 ἐνα-

595 3122 991 3227 βρύνεσθαι
1066 3123 1341 3210 θώκοις.
1444 3127 1559 3204 καὶ
1632 3122 1735 3224 μή
1811 3159 1917 3210 τις
1991 3126 2253 3207 οἰέσθω
2323 3125 2563 3229 λέγειν
2632 3124 2824 3225 ἡμᾶς
2902 3127 3016 3207 ὅτι

540 3283 576 3326 e
598 3250 966 3352 περιέσται
1020 3248 1197 3330 ποτὲ
1252 3247 1337 3329 τὸ
1394 3248 1758 3329 δύνασθαί
1799 3284 1937 3330 τινι
1989 3257 2135 3329 τῶν
2177 3249 2311 3351 τὴν
2355 3256 2453 3334 εἶς
2503 3247 2720 3330 αὑτὸν
2754 3251 3018 3331 πίστιν

596 3373 1077 3473 τετιμηκότων
1133 3377 1664 3478 δημιουργῆσαι
1722 3373 1855 3472 μὲν
1912 3372 2234 3478 οὐρανὸν,
2292 3376 2503 3476 ἥλων
2556 3372 2632 3455 δὲ
2690 3376 2809 3453 καὶ
2868 3408 3011 3454 σε·

598 3495 849 3596 λήνην,
896 3496 1124 3597 ἤγουν
1172 3495 1301 3577 τὸν
1350 3503 1712 3604 περιφανῆ
1767 3505 1914 3578 τῶν
1963 3496 2288 3601 ἀστέρων
2333 3496 2556 3604 χορὸν
2605 3497 3009 3604 ἀναδεῖξαι,
3044 3535 3117 3596 ²5

599 3622 716 3699 καὶ
754 3621 995 3699 κτίσαι
1045 3617 1267 3725 τυχὸν
1303 3616 1663 3723 ἀγγέλους
1711 3619 1756 3723 ἢ
1811 3627 1951 3724 γῆν
1988 3620 2033 3723 ἢ
2082 3623 2174 3702 τὰ
2222 3625 2299 3703 ἐν
2335 3625 2540 3727 αὐτῇ.
2621 3620 3015 3724 τέτραπται

598 3742 741 3846 γὰρ
798 3745 926 3822 οὐκ
978 3744 1057 3822 ἐν
1112 3743 1391 3829 τούτοις
1445 3745 1486 3822 5
1540 3754 1672 3826 τοῦ
1727 3746 1959 3849 λόγου
2011 3745 2311 3841 σκοπὸς,
2362 3748 2533 3825 ἀλλ’
2588 3743 2700 3851 ἐφ’
2753 3744 2861 3831 οἷς
2922 3745 3015 3848 ἦν

598 3866 781 3949 εικὸς
828 3864 1291 3961 συντείνεται,
1332 3870 1448 3946 καὶ
1498 3872 1627 3968 τῆς
1671 3872 2326 3974 ἀνθρωποπρεποῦς
2374 3867 2884 3972 λαμπρότητος
2935 3874 3016 3952 ἐν

596 3989 779 4097 δόξῃ
819 3993 1007 4096 φημὶ
1040 3994 1158 4071 καὶ
1196 3994 1540 4101 ἁγιασμῷ
1591 3992 1677 4073 τὸ
1727 3995 1989 4098 μέτρον
2026 3996 2161 4098 οὐχ
2202 3993 2630 4098 ὖπερτρέχει.
2707 3991 2828 4072 δια
2865 3993 3015 4100 γάρ

596 4149 706 4193 τοι
742 4125 956 4195 τοῦτο
990 4114 1498 4219 περιστέλλων
1534 4152 1788 4218 ωσπερ
1825 4126 1952 4198 τοῦ
1989 4117 2217 4218 λόγου
2252 4116 2381 4199 τὸν
2414 4120 2526 4225 ἐφ’
2559 4118 2734 4221 ὅπερ
2771 4119 2865 4198 ἅν
2901 4153 3014 4204 τις
3042 4155 3117 4217 30

596 4238 944 4334 βούλοιτο
1004 4238 1296 4343 δρόμον,
1362 4245 1479 4320 καὶ
1542 4240 1787 4339 μόνοις
1853 4250 2002 4327 τοῖς
2064 4245 2232 4347 παρ’
2294 4244 2513 4323 αὐτοῦ
2577 4242 3013 4350 παραδόξως

532 4382 573 4447 (1
598 4365 1126 4464 τετελεσμένοις
1180 4367 1294 4445 ἐπὶ
1350 4369 1477 4464 τῆς
1533 4369 1692 4466 γῆς,
1737 4365 1854 4446 ὅτε
1912 4366 2207 4469 γέγονεν
2263 4367 2664 4471 ἅνθρωπος,
2706 4374 2856 4448 τῶν
2904 4369 3010 4449 ἔτι

1412 4594 1498 4650 26.
1535 4596 1618 4648 καὶ
1643 4604 1985 4665 assumptum
2011 4613 2074 4651 ex
2103 4596 2168 4652 E.
