3238 5158
622 358 755 424 496
1239 361 1319 428 B.
1365 359 1787 428 CYRILLI
1847 359 2424 428 ALEXANDR.
2787 362 2928 426 xiv.
2958 379 3070 446 23.

627 528 940 624 συνῆκεν
1011 527 1089 606 ἐν
1152 530 1429 632 ἀρχαῖς,
1497 529 1628 608 οὐκ
1699 524 1792 608 ἀν
1856 528 2052 612 ὅλως
2117 533 2546 633 προσῆλθεν
2612 529 2916 629 ἐρωτῶν
2979 530 3080 607 Τι’

624 645 890 750 γέγονιι
962 648 1057 729 ’ὅτι
1134 655 1282 755 ἡμῖν
1354 648 1649 758 μέλλεις
1723 653 2111 762 ἐμφανίζειν
2172 652 2445 735 cea-mbr
2521 661 2642 733 καὶ
2726 654 2885 750 οὐχὶ
2967 658 3078 761 τῷ

629 773 916 881 κόσμῳ,
995 774 1361 882 ὑπηνέχθη
1425 774 1558 876 μὲν
1621 777 1752 857 οὖν
1809 776 1895 857 τὸ
1957 779 2130 884 τῇδε
2196 784 2404 875 νοεῖν,
2465 780 2720 859 κοινῶς
2782 808 2870 855 τε
2939 777 3074 855 καὶ

624 895 1042 994 εἰθισμένως
1114 906 1262 984 τοῖς
1333 899 1593 985 ἄλλοις
1671 897 1806 1000 τὴν
1879 903 1960 982 ἐκ
2030 909 2159 980 τοῦ
2233 898 2582 1000 ὀνόματος
2654 901 3074 999 onmia»

623 1021 985 1116 ἐκλαβών·
1060 1022 1342 1124 κόσμον
1387 1022 1531 1126 γὰρ
1587 1023 1750 1109 ἔθος
1803 1026 2007 1105 ἐστὶν
2052 1024 2225 1125 ἡμῖν
2272 1022 2670 1127 ὀνομάζειν,
2716 1024 2920 1103 κατά
2975 1059 3067 1128 γε
3093 1050 3126 1106 5

623 1141 752 1223 τὸν
786 1144 1078 1249 εὖτριβῆ
1115 1151 1231 1228 καὶ
1281 1155 1430 1234 τοῖς
1477 1147 1738 1234 ἅλλοις
1785 1147 2020 1230 ἅπασι
2071 1150 2532 1251 προκείμενον
2568 1146 2841 1251 λόγον,
2885 1148 3068 1235 τούς

289 1291 428 1348 880
445 1289 527 1350 A.
564 1305 601 1346 a
621 1270 699 1348 ἐν
744 1272 963 1351 παντὶ
1018 1276 1122 1379 τῷ
1174 1268 1433 1380 κόσμῳ
1485 1267 1731 1378 τυχὸν,
1769 1271 2022 1376 ὥσπερ
2076 1273 2145 1352 εἴ
2192 1307 2302 1357 τις
2355 1275 2473 1353 καὶ
2527 1271 2756 1353 πόλιν
2807 1272 3059 1375 λέγοι,

620 1392 789 1478 τοὺς
855 1393 1041 1495 ὅλην
1103 1401 1471 1481 οἰκοῦντας
1541 1395 1677 1497 τὴν
1740 1394 1988 1479 πόλιν.
2089 1395 2293 1497 πλὴν
2357 1394 2858 1504 ἀξιοζήλωτος
2933 1404 3058 1478 καὶ

618 1526 847 1599 ταῦτα
896 1517 1134 1622 λέγων
1169 1521 1212 1599 ὁ
1255 1518 1609 1621 μαθητής.
1690 1520 1894 1623 ἄθρει
1943 1519 2090 1624 γὰρ
2138 1520 2333 1605 ὅπως
2382 1522 2593 1621 ἡλίου
2641 1520 2861 1621 δίκην
2898 1529 3057 1606 τοῖς

618 1643 758 1723 ἀνά
810 1649 1064 1725 πᾶσαν
1112 1643 1245 1745 τὴν
1291 1648 1434 1746 γῆν
1485 1644 1621 1745 τὴν
1668 1654 1798 1725 τοῦ
1854 1649 2192 1748 Σωτῆρος
2241 1646 2753 1751 διαφαίνεσθαι
2811 1645 3053 1754 δόξαν
3079 1674 3137 1717 ιο

618 1769 962 1865 ἐπιθυμεῖ,
999 1768 1226 1849 καίτοι
1262 1773 1408 1849 τῶν
1444 1770 1609 1850 καθ’
1651 1768 1904 1849 ἑαυτὸν
1950 1775 2011 1849 εἰ
2062 1768 2287 1867 μόνον
2324 1771 2626 1851 ἐποιεῖτο
2659 1767 3047 1872 πρόνοιαν,

617 1891 792 1997 ε’ᾔν
845 1890 1104 1996 ἔχοντα
1167 1895 1296 1992 τῆς
1357 1890 1699 1995 γνώσεως
1763 1891 1897 1991 τὴν
1953 1892 2360 1999 ὑπόσχεσιν
2411 1895 2529 1974 ἐπὶ
2580 1890 2836 1991 μόνοις
2896 1902 3050 1978 τοῖς

620 2013 821 2097 ἰδίοις
870 2012 1171 2112 ἥδεσθαι
1218 2020 1496 2097 καλοῖς.
1574 2013 1748 2093 ἀλλ’
1788 2014 1918 2093 οὐκ
1973 2013 2253 2121 ἐξήρκει
2307 2011 2492 2116 πρὸς
2544 2014 2915 2111 θυμηδίαν
2957 2015 3046 2094 τὸ

619 2135 1026 2239 ἰδιαζόντως
1080 2133 1331 2239 ὥσπερ
1383 2138 1578 2244 αὐτῷ
1631 2134 2120 2237 δοθησόμενον
2154 2134 2456 2240 ἀγαθόν·
2519 2132 2763 2235 ἐπειδὴ
2817 2136 2900 2218 δὲ
2951 2136 3042 2238 ἦν

620 2256 963 2364 φιλόθεός
1042 2294 1123 2340 τε
1203 2261 1384 2358 ὁμοῦ
1466 2261 1584 2341 καὶ
1672 2257 2153 2368 φιλάδελφος,
2235 2261 2822 2342 ἐκπλατύνεσθαι
2907 2270 3038 2343 τοῦ
3064 2290 3124 2350 ις

552 2391 599 2457 b
624 2387 960 2485 Σωτῆρος
1006 2383 1141 2485 τὴν
1178 2384 1402 2492 δόξαν
1436 2386 1782 2484 ἐπιθυμεῖ,
1819 2382 2064 2485 κοινὴν
2108 2383 2189 2465 δὲ
2242 2392 2390 2469 τοῖς
2436 2387 2784 2490 ἀδελφοῖς
2839 2420 3028 2490 προ-

621 2511 902 2589 κεῖσθαι
960 2506 1093 2609 τὴν
1145 2507 1380 2615 χάριν.
1449 2506 1568 2590 ’τὸ
1627 2507 1772 2613 γὰρ
1832 2514 1931 2594 εἰς
1986 2516 2266 2613 γνῶσιν
2319 2510 2584 2615 ἀκριβῆ
2636 2514 3034 2591 καλεῖσθαι

1144 2634 1180 2663 2
1378 2629 1402 2660 Χ

622 2636 836 2733 Θεοῦ,
886 2633 963 2714 τί
998 2629 1090 2713 ἀν
1131 2667 1282 2740 εχοι
1328 2668 1413 2715 το
1458 2638 1947 2731 ἰσοστατοῦνς

520 2889 969 2981 23Ἀτῐεκρίθκ
1029 2892 1284 2959 Ἰησοῦς
1356 2890 1462 2958 καὶ
1534 2885 1718 2958 εἶπεν
1785 2892 1967 2979 αὐτῷ
2023 2891 2192 2959 Ἐάν
2260 2917 2360 2960 ‘nc
2434 2891 2656 2985 ἀγαπᾷ
2735 2916 2846 2976 με,
2917 2897 3033 2964 τὸν

722 3018 920 3092 ΛέΓον
969 3039 1094 3094 μου
1154 3018 1448 3107 τηρήσει,
1500 3016 1608 3083 καὶ
1670 3020 1710 3084 ὁ
1769 3019 1998 3108 Πατήρ
2057 3042 2184 3096 μου
2244 3018 2569 3094 &ranam
2631 3019 2861 3103 αὐτὸν,
2923 3023 3112 3088 καίεο

719 3142 889 3232 πρὲο
940 3142 1139 3214 αὐτὸν
1190 3144 1589 3221 ἐλευσόμεθα
1648 3142 1754 3210 καὶ
1806 3146 2014 3223 μονὴν
2065 3146 2214 3235 παρ’
2265 3147 2447 3233 αὐτῷ
2491 3148 2934 3225 ποιησόμεθα.

731 3310 850 3388 Οὐ
920 3306 1219 3416 σφόδρα
1282 3309 1594 3390 συνέντα
1659 3309 2033 3414 θεωρήσας·
2092 3306 2221 3390 τὸν
2280 3307 2628 3411 μαθητὴν,
2692 3309 3028 3393 ἐπάνεισι

552 3463 596 3511 ο
616 3432 842 3513 πάλιν
883 3436 995 3514 ἐπὶ
1050 3431 1136 3515 τὸ
1191 3436 1267 3515 ἐν
1316 3437 1570 3539 ἀρχαῖς
1624 3434 2012 3537 εἰρημένον,
2050 3437 2169 3515 καὶ
2216 3430 2536 3515 διδάσκει
2589 3440 2885 3541 σαφῶς,
2927 3441 3028 3523 ὧς

615 3558 701 3636 οὐ
755 3553 938 3636 κατά
990 3557 1219 3657 μόνην
1260 3556 1393 3657 τὴν
1439 3561 1517 3638 ἐν
1565 3554 1836 3658 εἰδήσει
1886 3554 2271 3658 νοουμένην
2314 3558 2728 3660 ἐπίγνωσιν,
2763 3560 3026 3641 ἑαυτὸν

611 3681 993 3789 ἐμφανίσει
1049 3687 1198 3765 τοῖς
1246 3683 1598 3784 γνησίοις,
1637 3683 1808 3762 ἀλλ’
1849 3681 2206 3789 ἐξαίρετός
2254 3717 2363 3767 τις
2413 3683 2651 3767 αὐτοῖς
2687 3686 2808 3762 καὶ
2862 3687 3022 3792 οὐχὶ
3046 3713 3108 3774 ²5
3189 3695 3190 3700 ’

612 3813 760 3891 τοῖς
796 3805 1057 3889 ἄλλοις
1089 3803 1416 3907 ἐντριβὴς
1469 3805 1509 3884 ὃ
1558 3808 1689 3905 τῆς
1740 3803 2183 3912 ἐλλάμψεως
2229 3804 2530 3914 ὑπάρξει
2576 3804 2875 3910 τρόπος.
2955 3817 3026 3891 οἰ

611 3927 745 4031 μὲν
790 3928 937 4034 γὰρ
988 3932 1314 4033 ἀγελαῖοι
1367 3926 1611 4035 τυχὸν,
1656 3932 1773 4010 καὶ
1829 3929 1991 4034 ἀρτι
2043 3927 2266 4037 τυχὸν
2314 3933 2444 4030 τῆς
2495 3934 2644 4009 τῶν
2694 3932 3023 4015 εἰδώλων

610 4053 889 4155 ἀπάτης
934 4049 1583 4162 ἀποφοιτῆσαντες,
1623 4051 2044 4155 κεκλημένοι
2097 4087 2173 4135 τε
2218 4051 2403 4158 πρὸς
2449 4053 2850 4155 ἐπίγνωσιν
2887 4065 3022 4139 τοῦ

607 4176 794 4258 κατὰ
857 4177 1088 4286 φύσιν
1148 4175 1354 4261 ὄντος
1419 4181 1631 4276 Θεοῦ,
1693 4179 1772 4257 ἐν
1835 4181 2091 4283 ψιλοῖς
2153 4185 2272 4258 καὶ
2335 4176 2702 4282 ἀζητήτοις
2761 4177 3021 4285 ἔχουσι

607 4308 997 4404 λογισμοῖς
1048 4298 1180 4403 τὴν
1216 4304 1485 4400 πίστιν,
1532 4300 1710 4382 αὐτὸ
1761 4298 1850 4401 δὴ
1900 4308 2112 4382 τοῦτο
2160 4298 2510 4401 μαθόντες
2556 4306 2881 4405 φρονεῖν,
2920 4309 3019 4391 ὥς
3038 4335 3102 4396 3ο

268 4487 359 4537 vm
399 4458 450 4551 4·
607 4436 652 4475 ‘⁴
686 4425 889 4509 οὐδὲν
942 4424 1243 4507 εἴδωλον
1295 4426 1371 4506 ἐν
1425 4421 1731 4533 κόσμφ”
1788 4421 2032 4530 τυχὸν,
2091 4423 2191 4509 εἷς
2257 4422 2336 4505 δὲ
2396 4422 2617 4526 μόνος
2673 4426 2716 4504 ὅ
2787 4425 3018 4534 φύσει

977 4620 1061 4660 11.
1096 4605 1265 4674 μόνων
1290 4602 1356 4656 Ε.
1803 4617 1888 4672 25.
1927 4604 2096 4659 ὁσίοις
2121 4602 2241 4674 (sed
2266 4601 2464 4672 errore)
2492 4601 2634 4658 Catt.
