3238 5158
177 320 321 385 xiv.
354 340 453 385 11.
562 318 681 385 IN
739 320 809 385 S.
855 320 1376 386 JOANNEM.
1467 321 1662 388 LIB.
1710 323 1833 388 IX.
1923 323 2127 390 CAP.
2174 323 2230 388 Ι.
2463 323 2594 386 443

179 487 347 567 πῶς
398 481 544 587 γὰρ
599 482 689 565 ἂν
735 485 839 584 εἴη
884 484 1092 584 Θεὸς,
1130 486 1171 565 5
1216 484 1317 586 μὴ
1362 489 1442 567 ἐκ
1488 491 1678 567 Θεοῦ
1733 486 1916 567 κατὰ
1972 487 2200 595 φύσιν
2249 519 2585 589 γεγεννη-

183 607 448 708 μένος;
525 608 726 710 πλὴν
781 611 1003 691 ε’κεῖνο
1066 609 1377 712 λέγομεν
1432 609 1627 691 Θεὸν
1680 607 1857 691 εἶναι
1916 610 2063 717 φῂς
2123 610 2306 692 κατὰ
2363 611 2594 717 φύσιν
2617 647 2653 688 ει
2696 634 2830 690 ’192
2846 630 2929 688 A.

184 727 322 812 τὸν
356 729 561 812 Υἶόν·
630 739 786 818 πῶς
839 735 965 814 οὖν
1011 732 1099 815 ἂν
1143 733 1249 835 εἴη
1299 734 1651 843 θεοφόρος
1705 733 1930 837 ἤγουν
1962 739 2154 815 Θεοῦ
2202 734 2503 839 μέτοχος·
2554 738 2594 815 5

188 853 380 935 κατὰ
428 855 661 963 φύσιν
699 855 931 955 Θεός,
995 857 1155 938 οὐδὲ
1202 857 1347 961 γὰρ
1394 856 1484 938 ἂν
1524 860 1778 939 ἑαυτοῦ
1825 857 2180 963 μετάσχοι
2229 860 2432 939 ποτέ·
2501 865 2597 944 εἶς

111 997 159 1059 5
187 978 275 1058 τί
319 978 461 1082 γὰρ
517 980 791 1081 οἰκήσει
844 979 1032 1067 Θεὸς
1086 984 1163 1062 ἐν
1201 987 1388 1090 Θεῷ,
1438 986 1537 1066 ὡς
1591 983 1830 1085 ἕτερος
1881 984 1957 1061 ε’ν
2003 981 2267 1089 ἑτέρως
2338 988 2398 1062 εὶ
2451 980 2597 1086 γὰρ

189 1104 524 1184 τουτέστι
579 1102 763 1186 κατὰ
818 1103 1046 1212 φύσιν
1096 1107 1180 1186 τὸ
1238 1104 1643 1212 δεχόμενον,
1682 1106 1858 1209 ὅπερ
1910 1103 2003 1185 ἂν
2052 1113 2284 1186 νοοῖτο
2340 1110 2457 1187 καὶ
2510 1108 2596 1188 τὸ

192 1229 537 1327 ἐνοικοῦν,
578 1230 753 1310 ποία
801 1230 929 1308 οὖν
969 1229 1233 1311 λοιπὸν
1267 1231 1312 1331 ἦ
1363 1222 1490 1330 τῆς
1533 1234 1841 1335 μετοχῆς
1890 1228 2168 1333 γε’νοιτο
2222 1230 2474 1335 χρεία,
2536 1237 2598 1311 εἰ

192 1349 276 1430 δὲ
320 1348 571 1455 ὥσπερ
619 1350 833 1438 αὐτὸς
880 1351 1199 1461 ε’νῷκησε
1247 1360 1352 1464 τῷ
1400 1352 1702 1462 Παύλῳ,
1745 1352 1873 1433 τὸν
1917 1352 2135 1434 αὐτὸν
2183 1355 2272 1455 δὴ
2326 1353 2599 1458 τρόπον

198 1476 318 1553 καὶ
373 1475 415 1552 5
468 1473 724 1579 Πατὴρ
779 1480 854 1556 ἐν
909 1478 1120 1584 αὐτῷ,
1175 1484 1334 1561 πῶς
1396 1479 1480 1557 οὐ
1543 1474 1894 1584 θεοφόρος
1957 1477 2164 1557 ἕσται
2228 1473 2411 1557 κατὰ
2472 1474 2600 1558 τὸν

74 1628 169 1669 10
205 1603 534 1698 Παῦλον,
568 1598 652 1681 τὸ
707 1581 881 1681 εἶναι
927 1599 1115 1686 Θεὸς
1163 1599 1347 1682 κατὰ
1395 1600 1626 1708 φύσιν
1668 1599 2058 1700 οὐδαμόθεν
2101 1602 2285 1706 ἔχων
2320 1600 2442 1701 ἔτι,
2481 1600 2599 1681 διὰ

199 1721 289 1801 τὸ
344 1727 735 1827 κρείττονος
788 1729 1120 1826 δεηθῆναι
1173 1734 1302 1806 τοῦ
1356 1727 1792 1811 ἐνοικοῦντος
1847 1730 2086 1820 Θεοῦ;
2165 1723 2317 1806 εἶτα
2370 1725 2597 1806 πάλιν
2618 1742 2662 1806 b

198 1849 317 1928 ἐπὶ
377 1846 649 1934 τούτοις
709 1852 749 1930 5
804 1849 1151 1952 γεννάδας
1213 1850 1381 1948 ἡμῖν
1435 1851 1687 1930 οὑτοσὶ
1745 1856 2236 1953 προσεπινοεῖ,
2301 1853 2418 1930 καὶ
2480 1848 2598 1930 διὰ

195 1978 506 2052 πολλῶν
555 1973 1006 2080 ἀποδείξεων,
1054 1977 1149 2057 ὡς
1205 1974 1604 2080 ὑπείληφεν
1660 1973 1891 2070 αὐτὸς,
1936 1972 2065 2054 τὸν
2111 1978 2366 2053 οἰκεῖον
2417 1979 2590 2076 θρυ-

196 2104 380 2176 λοῦν
432 2103 758 2200 πειρᾶται
814 2096 1063 2199 λόγον.
1165 2097 1371 2204 ἀξιον
1409 2096 1553 2201 γὰρ
1609 2094 1803 2198 οἶμαι
1860 2097 1978 2178 διὰ
2030 2096 2324 2179 πάντων
2378 2099 2598 2178 αὐτοῦ

75 2247 108 2288 1
122 2241 165 2304 5
195 2225 344 2300 τῶν
380 2220 720 2324 ῥημάτων
753 2224 1005 2319 ἐλθεῖν,
1045 2223 1162 2302 καὶ
1199 2226 1327 2320 τῆς
1364 2222 1665 2329 ἐνούσης
1700 2223 1892 2330 αὐτῷ
1929 2221 2287 2327 θεομάχου
2322 2225 2600 2321 βουλῆς

198 2346 551 2425 διπλῶσαι
594 2344 727 2444 τὴν
758 2354 1037 2443 πεῦσιν,
1074 2346 1191 2425 ἵνα
1228 2345 1681 2451 διελέγχηται
1714 2352 2008 2454 σαφῶς,
2050 2346 2160 2426 ὅτι
2196 2354 2342 2430 τοῖς
2379 2349 2590 2446 ποιή-

196 2503 432 2570 μασιν
466 2471 869 2573 ἐναρίθμιον
905 2470 1173 2551 τίθεται
1222 2467 1350 2550 τὸν
1386 2474 1792 2572 Μονογενῆ,
1830 2473 1947 2550 καὶ
1995 2469 2602 2577 κεκομψευμέναις

201 2592 514 2680 ἀπάταις
550 2592 683 2695 τὴν
718 2600 815 2679 εἷς
851 2593 1068 2675 αὐτὸν
1104 2594 1445 2691 ἀσέβειαν
1481 2594 1916 2701 καταχώσας
1953 2597 1994 2674 5
2031 2594 2363 2692 δείλαιος,
2408 2594 2599 2675 Θεὸν
2620 2625 2657 2669 ο

197 2716 334 2817 μὲν
379 2715 554 2799 εἶναι
608 2726 1109 2822 συνομολογεῖ,
1156 2724 1284 2819 τῆς
1337 2718 1566 2821 γεμὴν
1610 2721 1903 2820 ἀληθῶς
1958 2723 2076 2797 καὶ
2130 2715 2316 2797 κατὰ
2371 2717 2601 2825 φύσιν

78 2874 171 2915 20
202 2839 540 2941 θεότητος
592 2846 968 2941 ἐκπέμπων
1012 2841 1229 2922 αὐτὸν
1277 2843 1502 2923 οἴεταί
1543 2877 1700 2927 πως
1745 2841 2100 2922 δύνασθαι
2146 2846 2395 2921 λαθεῖν
2436 2839 2602 2924 τοὺς

200 2969 304 3049 εἰς
340 2964 561 3065 αὐτὴν
593 2964 1004 3061 βλέποντας
1037 2964 1170 3065 τὴν
1206 2965 1573 3067 ἀλήθειαν.

318 3089 596 3195 Γράφει
654 3092 892 3171 τοίνυν
948 3091 1083 3169 ὡδί
1130 3150 1176 3187 ,,
1202 3088 1420 3169 Ἀλλ’
1479 3087 1731 3193 ὥσπερ
1789 3090 1987 3190 ἡμεῖς
2047 3093 2123 3171 ἐν
2174 3091 2367 3199 αὐτῷ
2426 3086 2603 3170 εἶναι

198 3274 249 3313 ,,
286 3211 689 3316 λεγόμενοι,
756 3217 1010 3319 φησὶν,
1075 3218 1299 3316 ἀμιγῆ
1363 3213 1544 3317 πρὸς
1615 3213 1837 3295 αὐτὸν
1899 3216 2155 3321 ἔχομεν
2215 3214 2349 3316 τὴν
2414 3213 2597 3295 ὑπό·

194 3398 246 3437 ,,
283 3364 584 3418 στασιν·
677 3336 803 3417 τὸν
867 3338 1083 3418 αὐτὸν
1148 3336 1417 3441 τρόπον
1482 3341 1598 3418 καὶ
1673 3340 1714 3418 5
1787 3337 1963 3424 Υἱὸς
2035 3341 2111 3419 ἐν
2186 3347 2288 3446 τῷ
2364 3343 2603 3442 Πατρὶ

80 3496 164 3558 25
202 3522 253 3561 ‚‚
288 3460 667 3571 τυγχάνων
703 3461 1230 3565 διακεκριμένην
1262 3468 1391 3540 τοῦ
1428 3459 1776 3563 ἀγενήτου
1811 3462 1954 3568 ἕχει
1990 3463 2124 3563 τὴν
2160 3463 2485 3544 οὐσίαν.”

321 3589 470 3665 Φεῦ
520 3617 605 3687 γε
654 3592 782 3664 τοῦ
831 3580 1316 3684 τολμήματος·
1378 3586 1477 3669 ὡς
1530 3584 1755 3670 δεινὸς
1800 3588 1841 3666 5
1885 3586 2130 3688 λόγος,
2169 3589 2287 3667 καὶ
2333 3584 2605 3685 μεστὸς

196 3709 565 3805 ἀπονοίας,
616 3714 909 3806 μᾶλλον
964 3706 1037 3788 δὲ
1096 3706 1540 3803 δυσβουλίας
1595 3707 1886 3812 ἁπάσης
1943 3715 2060 3792 καὶ
2115 3709 2598 3816 ἀποπληξίας.

193 3831 723 3935 ἐμωράνθησαν
772 3830 995 3916 ὅντως
1046 3830 1450 3938 φάσκοντες
1498 3828 1674 3913 εἶναι
1723 3837 1968 3942 σοφοὶ,
2007 3838 2125 3914 καὶ
2171 3841 2598 3939 φρονοῦντες
2625 3849 2668 3913 d
2689 3838 2884 3888 1³⁰³*-

2694 3918 2771 3952 22.

198 3957 391 4036 οὕτω
434 3958 599 4058 περὶ
643 3963 773 4035 τοῦ
813 3960 1271 4057 Μονογενοῦς
1313 3952 1441 4035 τὸν
1476 3955 1948 4060 ἀγοράσαντα
1999 3956 2254 4041 αὐτοὺς
2290 3956 2592 4038 Δεσπό-
2694 3983 2718 4017 2
2738 3968 2917 4017 81³0ss-

81 4124 170 4183 30
196 4113 337 4179 την
373 4077 803 4183 ἠρνήσαντο,
844 4078 1026 4158 κατὰ
1062 4075 1144 4159 τὸ
1182 4080 1703 4181 γεγραμμένον.
1775 4086 1835 4159 εὶ
1870 4078 2004 4179 μὲν
2040 4079 2186 4183 γὰρ
2219 4081 2601 4184 ἄνθρωπον
2688 4051 2738 4084 u.
2763 4049 2805 4083 Β

197 4199 385 4284 εἶναι’
438 4212 630 4309 φασι
690 4204 809 4282 καὶ
867 4202 991 4282 ἕνα
1052 4209 1198 4282 τῶν
1253 4203 1418 4283 καθ’
1469 4203 1656 4302 ἡμᾶς
1716 4203 1844 4283 τὸν
1897 4211 2025 4283 τοῦ
2082 4209 2275 4284 Θεοῦ
2327 4203 2599 4306 Λόγον,

197 4324 406 4408 οὐδὲν
449 4326 550 4406 ἔτι
604 4324 690 4406 τὸ
746 4325 1031 4406 κωλύον
1081 4330 1299 4407 εἰπεῖν
1352 4327 1574 4409 οὕτως
1632 4323 1972 4432 ὑπάρχειν
2021 4323 2239 4407 αὐτὸν
2287 4331 2363 4407 ἐν
2400 4334 2598 4436 Θεῷ,

273 4488 326 4544 8.
363 4485 580 4561 ἐνῴκηκε
608 4487 674 4542 Ε.
937 4504 1047 4613 ἐὲ.
1081 4487 1288 4557 πολλὴν
1314 4486 1378 4542 Ε.
1682 4500 1767 4557 25.
1804 4486 2054 4558 ἇγενὴτου
2080 4490 2302 4544 correxi.
2326 4488 2606 4562 ἆγεννὴτου

201 4557 308 4613 Ed.
453 4557 642 4612 οὐσίαν
666 4557 730 4612 Ε.
757 4558 912 4628 χάριν
1026 4597 1039 4611 .

1315 4659 1495 4725 3ια
