3238 5158
594 209 724 272 400
1204 211 1281 276 Β.
1331 209 1754 276 CYRILLI
1816 209 2394 276 ALEXANDR.
2800 210 2944 274 xiv.
2977 228 3024 271 1.

595 375 1080 478 μικροψυχίας
1141 380 1607 454 κατολισθεῖν
1664 378 1764 458 εἰς
1824 376 2120 455 δειλίαν.
2227 384 2392 459 νοῦς
2451 372 2596 476 γὰρ
2659 375 2887 453 οὔπω
2945 376 3032 477 τῇ

596 496 870 575 ἄνωθεν
929 497 1295 599 ἱδρυμένος
1357 498 1621 601 χαρίτι,
1678 498 1915 582 δειλός
1977 533 2055 579 τε
2121 502 2239 579 καὶ
2300 494 2840 601 εὐανάτρεπτος
2918 501 3034 575 καὶ

597 625 692 704 εἷς
750 616 832 699 τὸ
885 627 1302 701 κλονεῖσθαι
1359 620 1599 726 ταχύς.
1697 617 1816 700 διά
1870 656 1979 701 τοι
2034 631 2246 703 τοῦτο
2301 625 2418 702 καὶ
2473 624 2514 702 ὁ
2570 622 3036 727 σοφώτατος

600 747 899 828 Παῦλος
954 744 1418 851 ἐπευχόμενός
1474 779 1671 825 τισιν
1725 744 2146 826 ἐπιστέλλει
2202 757 2247 794 “
2280 749 2427 826 Καὶ
2477 747 2522 845 ἡ
2578 744 2842 848 εἰρήνη
2905 752 3039 825 τοῦ

539 897 574 939 c
598 876 642 914 “
681 873 1012 969 Χριστοῦ
1067 870 1113 969 ἢ
1172 868 1623 975 ὑπερέχουσα
1676 866 1918 952 πάντα
1969 878 2137 951 νοῦν
2188 869 2590 976 φρουρήσει
2644 868 2790 954 τὰς
2855 904 3039 972 καρ-
3065 889 3094 946 5

598 1002 641 1039 “
680 994 835 1078 δίας
895 993 1160 1091 ὑμῶν.”
1254 1004 1467 1075 τοῦτο
1541 989 1687 1098 γάρ
1749 996 1909 1074 ἐστι
1978 994 2061 1075 τὸ
2135 994 2236 1095 μὴ
2310 993 2811 1099 ταράττεσθαι
2898 994 3039 1093 τὴν

595 1117 913 1220 καρδίαν.

258 742 391 793 Phil.
413 736 478 793 iv.

264 821 308 871 7.

894 1290 1243 1361 Πιστεύετε
1297 1290 1389 1360 εἰς
1442 1295 1556 1362 τὸν
1612 1294 1802 1377 Θεὸν,
1862 1294 1967 1360 καὶ
2022 1291 2116 1360 εἷς
2169 1293 2289 1372 ἐμὲ
2342 1295 2696 1365 πιστεύετε.

701 1466 1067 1568 Ὁπλίτην
1112 1466 1477 1571 ἐργάζεται
1528 1466 1658 1548 τὸν
1704 1468 1870 1570 ἄρτι
1917 1465 2181 1566 δειλὸν,
2221 1471 2342 1548 καὶ
2384 1466 2504 1547 διὰ
2549 1468 3033 1570 πραγμάτων

593 1582 670 1669 ἔκ
711 1586 951 1696 φόβου
986 1590 1413 1696 τραυμάτων
1449 1598 1814 1672 ποιεῖσθαι
1856 1594 2127 1672 κελεύει
2170 1590 2255 1672 τὸ
2308 1594 2383 1672 ἐν
2418 1593 2659 1673 πίστει
2694 1592 3022 1696 γοργόν.
3057 1628 3116 1666 ιο

593 1711 970 1814 σωζὸμεθα
1002 1714 1145 1817 γὰρ
1184 1718 1428 1814 οὕτως,
1466 1724 1585 1796 καὶ
1636 1718 1773 1821 οὑχ
1816 1716 2089 1819 ἑτέρως,
2129 1717 2284 1797 κατ’
2325 1718 2544 1796 ἐκεῖνο
2595 1714 2683 1816 δή
2719 1751 2886 1796 που
2940 1717 3027 1797 τὸ

255 1825 340 1940 ξ’·
364 1826 493 1876 xxvi.
526 1848 564 1911 d
593 1838 669 1916 ἐν
742 1841 1072 1943 ψαλμοῖς
1151 1840 1702 1947 μελῳδούμενον
1778 1851 1821 1889 “
1863 1839 2129 1943 Κύριος
2202 1839 2580 1948 φωτισμός
2658 1874 2807 1937 μου
2901 1845 3024 1920 καὶ

593 1973 637 2009 “
673 1959 926 2064 σωτήρ
962 1997 1123 2060 μου,
1152 1964 1313 2043 τίνα
1351 1964 1876 2070 φοβηθήσομαι
1903 1997 1925 2063 ;
1981 1965 2249 2070 Κύριος
2287 1963 2848 2066 ὑπερασπιστὴς
2887 1968 3022 2062 τῆς

593 2095 635 2134 “
673 2084 854 2188 ζωῆς
903 2121 1065 2185 μου,
1110 2085 1254 2166 ἀπὸ
1307 2090 1495 2172 τίνος
1544 2088 1890 2169 δειλιάσω
1915 2089 1981 2186 ;”
2043 2088 2626 2194 ὑπερμαχομένου
2679 2087 2832 2192 γὰρ
2896 2089 3019 2168 καὶ

592 2208 1196 2312 ὑπερασπίζοντος
1260 2213 1461 2312 ἡμῶν
1517 2222 1648 2294 τοῦ
1707 2210 1948 2294 πάντα
2011 2214 2393 2318 ἶσχύοντος
2458 2219 2672 2310 Θεοῦ,
2735 2216 2853 2297 τίς
2923 2210 3015 2292 ἂν
3045 2239 3101 2298 15

594 2332 777 2432 ἡμᾶς
836 2333 1122 2415 δύναιτο
1181 2345 1491 2432 κακοῦν;
1572 2337 1682 2421 τίς
1745 2335 1823 2416 δὲ
1881 2336 2137 2441 ἰσχύος
2195 2344 2293 2422 εἷς
2354 2346 2568 2418 τοῦτο
2628 2340 3010 2439 δραμεῖται
3167 2350 3168 2403 ἲ

589 2456 832 2563 τυχὸν,
879 2463 977 2544 ὡς
1033 2458 1172 2541 ὑπὸ
1226 2469 1431 2566 χεῖρα
1482 2444 1826 2561 ποιῆσαῖ
1838 2459 2003 2546 τοὺς
2052 2459 2451 2559 ἐκλεκτοὺς,
2496 2464 2616 2541 καὶ
2664 2469 2816 2545 τοῖς
2874 2466 3008 2561 τῆς

589 2584 844 2664 ἑαυτοῦ
901 2586 1342 2688 δυστροπίας
1399 2587 1763 2667 ὑποθεῖναι
1821 2592 2106 2681 κακοῖς;
2174 2582 2221 2687 ἢ
2279 2587 2386 2670 τίς
2442 2585 2531 2665 ἂν
2580 2583 2824 2667 ἕλοιτο
2882 2587 3005 2665 καὶ

591 2709 1065 2813 δορυκτήτους
1106 2708 1495 2810 ποιήσαιτο
1547 2708 1714 2793 τοὺς
1763 2708 1896 2809 τὴν
1934 2710 2133 2791 θείαν
2168 2710 2462 2814 ἔχοντας
2495 2711 2994 2815 παντευχίανς
3167 2817 3168 2820 ¹

590 2834 826 2916 ὅπλον
865 2835 993 2915 οῦν
1029 2836 1074 2935 ἡ
1123 2835 1390 2931 πίστις,
1428 2832 1737 2939 ἅῤῥαγές
1784 2867 1860 2913 τε
1923 2836 2043 2914 καὶ
2086 2831 2356 2932 πλατὺ,
2393 2836 2511 2912 καὶ
2558 2830 2691 2932 τὴν
2735 2836 2816 2913 ἐκ
2869 2839 3000 2916 τοῦ
3027 2863 3089 2905 20
3167 2835 3168 2842 ἵ

534 2996 568 3038 e
590 2967 847 3042 παθεῖν
905 2960 1188 3040 οἴεσθαί
1253 2993 1322 3038 τι
1394 2955 1615 3063 τυχὸν
1672 2957 2082 3061 ἀποτρέπον
2159 2959 2452 3055 δειλίαν,
2512 2956 2854 3062 ἄπρακτά
2919 2991 2998 3052 τε
3167 2939 3168 2976 ³

591 3091 965 3168 παντελῶς
1028 3085 1146 3163 καὶ
1209 3081 1521 3184 ἀνόνητα
1577 3088 1955 3166 παντελῶς
2020 3090 2169 3166 τοῖς
2229 3080 2646 3186 πειράζουσι
2708 3081 2801 3163 τὰ
2866 3086 2995 3180 τῆς

590 3207 931 3311 πονηρίας
981 3210 1216 3287 αὐτῶν
1252 3211 1658 3289 ἀποτελοῦν
1693 3202 1909 3307 βέλη.
1990 3206 2279 3310 ἔχοντος
2327 3204 2403 3286 δὲ
2453 3210 2638 3286 οὕτω
2686 3214 2812 3285 τοῦ
2865 3209 2993 3305 τῆς

587 3333 901 3414 πίστεως
939 3330 1186 3434 λόγου,
1225 3331 1451 3412 πάλιν
1484 3333 1706 3411 ε’κεῖνο
1750 3328 2244 3410 διασκεπτέον·
2311 3329 2810 3410 διεκελεύσατο
2847 3329 2992 3434 γὰρ

302 3523 333 3529 -
585 3455 954 3535 πιστεύειν
1020 3453 1299 3553 αὐτοὺς,
1364 3455 1491 3534 οὑκ
1567 3463 1658 3540 εἷς
1729 3453 1955 3554 μόνον
2012 3455 2117 3535 τὶν
2175 3452 2359 3553 (aab,
2425 3452 2628 3533 ἀλλὰ
2704 3456 2819 3533 καὶ
2899 3463 2992 3540 εἰς
3019 3479 3084 3538 25

587 3576 824 3676 αὑτὸν,
864 3579 997 3683 οὑχ
1034 3580 1128 3661 ὡς
1165 3573 1406 3680 ἕτερόν
1441 3612 1511 3655 τι
1544 3575 1748 3681 παρὰ
1785 3577 1912 3657 τὸν
1948 3577 2123 3659 ὄντα
2159 3576 2382 3685 φύσει
2418 3575 2610 3657 Θεὸν
2646 3575 2988 3681 ὑπάρχων

587 3703 822 3799 αὐτὸς,
881 3701 1062 3781 ὅσον
1118 3705 1215 3784 εἰς
1281 3700 1532 3785 οὐσίας
1597 3700 2002 3803 ταυτότητα
2065 3701 2285 3805 λέγω,
2347 3703 2518 3780 ἀλλ’
2578 3700 2692 3781 ὅτι
2748 3700 2833 3781 τὸ
2891 3707 2988 3785 εἷς

589 3826 779 3907 Θεὸν
840 3832 1258 3921 πιστεῦσαι,
1322 3823 1397 3904 ἕν
1462 3859 1539 3904 τε
1602 3824 1836 3933 τούτῳ
1900 3824 2100 3935 μόνῳ
2170 3832 2273 3933 τῷ
2334 3822 2601 3928 ῥήματι
2672 3822 2800 3904 τὸν
2861 3830 2987 3926 τῆς

564 3951 898 4034 ’πίστεως
943 3949 1221 4029 οἴεσθαι
1262 3951 1409 4030 δεῖν
1445 3956 2054 4053 συμπεπερᾶσθαι
2091 3947 2349 4050 λόγον,
2393 3950 2787 4047 Ἰουδαϊκῆς
2831 3981 2985 4031 πως

250 4097 380 4153 762
399 4096 480 4151 A.
527 4111 563 4152 a
585 4076 785 4155 ἐστὶν
822 4074 1153 4159 ὑπονοίας
1188 4073 1386 4170 ἰ’διον,
1413 4071 1500 4153 τὸ
1538 4072 1615 4152 δὲ
1656 4079 1747 4179 τῇ
1784 4081 1881 4159 εἰς
1915 4071 2104 4154 Θεὸν
2140 4074 2382 4155 πίστεί
2415 4068 2984 4174 συνεισάγεσθαι
3009 4091 3078 4151 30

655 4271 708 4320 4.
745 4255 838 4306 τοῦ
862 4269 969 4308 om.
993 4253 1100 4308 b.c.
1126 4249 1289 4305 Cord.
1369 4247 1585 4335 ..Statim
1614 4254 1751 4305 Θεοῦ
1775 4268 1825 4306 a.
1851 4250 1920 4305 cf.
1946 4251 2003 4305 in
2027 4250 2102 4305 xii
2129 4249 2330 4322 Proph.
2350 4263 2416 4321 51
2441 4250 2494 4315 d,
2522 4249 2627 4320 643
2645 4267 2693 4304 a.
2834 4264 2903 4331 5..
2924 4251 2982 4305 ὅ·

581 4341 820 4450 §zm
848 4403 1034 4450 contra
1069 4321 1800 4448 1023223‘3ffl3m
1836 4337 2329 4465 ωέᾝὲξὲὲοῗ
2354 4329 2983 4462 {2351312‘3'1’5203}

587 4482 683 4533 1⁴¹
708 4464 787 4534 v).
