3238 5158
618 351 756 413 550
1230 348 1310 413 Β.
1358 349 1780 415 CYRILLI
1839 351 2426 417 ALEXANDR..
2855 373 2972 413 xv.
3001 368 3062 416 2.

558 545 593 587 c
617 511 1124 618 συνεργάζεται
1160 513 1369 612 Θεὸς,
1408 514 1730 619 καθάπερ
1766 520 1903 597 τινὶ
1941 514 2257 623 δρεπάνῃ
2300 523 2392 623 τῇ
2437 524 2574 596 τοῦ
2607 514 3068 614 Πνεύματος

616 639 929 747 ενεργεία
982 638 1368 744 χρώμενος,
1406 642 1523 720 καὶ
1576 641 2019 744 περιτέμνων
2069 643 2146 721 ἐν
2195 643 2456 740 αὐτοῖς,
2497 640 2682 722 ποτὲ
2729 639 2876 738 μὲν
2921 638 3066 723 τὰς

616 761 898 863 ἡδονὰς,
945 798 1019 843 αι
1076 766 1183 844 ἀεὶ
1241 771 1599 844 καλοῦσιν
1646 770 1744 849 εἷς
1800 766 2291 872 φιλοσαρκίαν
2339 768 2460 846 καὶ
2509 763 2719 865 πάθη
2777 799 3058 864 σωμα-

616 887 801 987 τικὰ,
837 888 1015 969 ποτὲ
1052 887 1129 967 δὲ
1168 888 1260 967 αὖ
1295 888 1524 969 πάλιν
1560 886 1652 969 τὰ
1688 887 1840 969 ὅσα
1870 922 2010 993 περ
2046 887 2190 971 οἶδε
2236 898 2392 976 ταῖς
2443 897 2590 971 τῶν
2627 890 3064 991 ἀνθρώπων

614 1012 1041 1110 συμβαίνειν
1078 1017 1373 1120 ψυχαῖς,
1412 1012 1531 1093 διὰ
1565 1014 1899 1114 ποικίλης
1936 1022 2175 1095 κακῶν
2212 1014 2396 1100 ἰδέας
2434 1022 3055 1095 κατασπιλοῦντα
3079 1041 3114 1099 5

614 1136 743 1217 τὸν
782 1146 970 1220 νοῦν.
1045 1136 1316 1239 ταύτην
1348 1136 1494 1243 γὰρ
1546 1134 1730 1220 εἶναι’
1774 1147 2015 1248 φαμεν
2048 1139 2183 1241 τὴν
2218 1138 2766 1245 ἀχειροποιήτόν
2805 1172 2889 1219 τε
2927 1142 3053 1217 καὶ

615 1265 691 1343 ἐν
728 1263 1099 1362 Πνεύματι
1147 1264 1533 1364 νοουμένην
1574 1264 1988 1367 περιτομὴν,
2030 1268 2197 1370 περὶ
2250 1265 2334 1366 ἧς
2390 1266 2431 1344 5
2478 1261 2798 1347 Παῦλός
2854 1262 3060 1368 φησί

281 1381 504 1511 ξξῗὸῇ
614 1386 801 1467 ποτέ
826 1386 960 1484 μέν
996 1398 1043 1435 “
1067 1388 1186 1468 Οὐ
1239 1386 1386 1492 γὰρ
1438 1390 1479 1468 5
1529 1391 1605 1468 ἐν
1640 1395 1752 1498 τῷ
1793 1395 2083 1498 φανερῷ
2116 1387 2457 1474 Ἰουδαῖός
2506 1392 2735 1487 ἐστιν,
2779 1386 2952 1467 οὐδὲ
3003 1387 3054 1484 ἡ

549 1519 593 1585 d
617 1523 661 1561 ‘⁶
698 1514 775 1592 ἐν
823 1518 927 1620 τῷ
982 1516 1270 1620 φανερῷ
1324 1515 1400 1592 ἐν
1448 1517 1672 1614 σαρκὶ
1724 1513 2094 1618 περιτομὴ,
2142 1516 2313 1594 ἀλλ’
2354 1515 2395 1594 5
2451 1517 2527 1593 ἐν
2575 1520 2684 1620 τῷ
2741 1511 3046 1618 κριπιτῷ

618 1647 661 1686 “
697 1639 1057 1734 Ἰουδαῖος,
1090 1638 1208 1717 καὶ
1255 1636 1604 1741 περιτομὴ
1655 1637 1946 1740 καρδίας
1995 1640 2072 1719 ἐν
2104 1638 2461 1738 πνεύματι
2503 1638 2588 1717 οὐ
2621 1636 3040 1741 γράμματι·
3067 1669 3128 1711 ιο

618 1771 667 1811 “
701 1761 785 1841 οὗ
833 1762 874 1840 5
925 1795 1209 1845 επαινος
1259 1762 1389 1841 οὐκ
1441 1761 1531 1870 ἐξ
1572 1762 1974 1865 ἀνθρώπων
2018 1764 2187 1843 ἀλλ’
2225 1764 2305 1842 ἐκ
2353 1771 2490 1843 τοῦ
2529 1759 2804 1842 Θεοῦ·”
2867 1757 3044 1842 ποτὲ
3197 1753 3198 1756 ¹

285 1884 392 1934 σοι.
418 1884 472 1934 ii.

621 1885 697 1966 δὲ
747 1882 974 1966 πάλιν
1011 1895 1055 1934 ‘⁴
1078 1887 1214 1966 Ἐν
1260 1882 1325 1995 ᾧ
1370 1888 1491 1966 καὶ
1537 1885 2059 1972 πιστεύσαντες
2111 1886 2623 1991 περιετμήθητε
2678 1890 3048 1990 περιτομῇ

622 2020 667 2058 “
703 2009 1287 2120 ἀχειροποιήτῳ.”
1354 2007 1739 2120 φάσκουσί
1782 2046 1858 2092 τε
1907 2010 2092 2116 πρὸς
2139 2011 2368 2092 ταῦτά
2418 2045 2641 2108 τισιν,
2688 2014 2789 2094 ὡς
2842 2010 3042 2110 ε’ίπερ

621 2167 729 2218 τις
764 2131 1038 2236 γένοιτο
1075 2133 1544 2240 διακᾶθαρσις
1576 2144 1726 2220 τοῖς
1774 2139 1903 2236 τῆς
1951 2140 2207 2237 νοητῆς
2251 2136 2583 2237 ἀμπέλου
2620 2133 3032 2235 κλήμασιν,

622 2259 751 2338 οὐκ
803 2255 892 2337 ἂν
928 2255 1122 2359 οἶμαι
1172 2260 1338 2366 δίχα
1386 2257 1611 2340 πόνου
1656 2259 2146 2360 συμβήσεται,
2186 2263 2407 2364 ἀλγεῖ
2448 2259 2593 2366 γὰρ
2639 2269 3032 2356 τοσοῦτον,
3063 2291 3120 2348 15
3197 2277 3198 2354 1

622 2381 806 2462 ὅσον
840 2417 917 2464 τε
954 2388 1075 2464 καὶ
1112 2383 1305 2469 ὅπως
1338 2380 1526 2465 οἶδε-ν
1561 2386 1817 2486 ἀλγεῖν
1851 2382 1935 2465 τὸ
1987 2383 2238 2493 ξύλον·
2295 2385 2680 2489 ἀναλόγως
2727 2387 2864 2466 οὖν
2900 2385 3041 2490 ἄρα

623 2509 742 2588 καὶ
792 2508 908 2589 ἐπὶ
956 2515 1102 2590 τῶν
1145 2509 1375 2613 ἁγίων
1415 2508 1603 2609 ἡμᾶς
1658 2513 1924 2610 νοῆσαι
1975 2507 2359 2614 προσήκοι,
2394 2511 2929 2612 συναινέσομέν
2963 2545 3038 2591 τε
3197 2525 3198 2613 E

564 2667 599 2711 ο
626 2634 743 2712 καὶ
797 2642 1235 2738 συνεροῦμεν
1290 2636 1368 2714 εὖ
1420 2635 1625 2733 μάλα
1683 2634 2200 2735 διεσκεμμένοι.
2277 2638 2590 2716 παιδεύει
2644 2634 2798 2739 γὰρ
2859 2637 3044 2736 ἡμᾶς

626 2755 744 2836 διὰ
779 2758 1005 2838 πόνου
1042 2761 1158 2838 καὶ
1199 2760 1525 2866 θλίψεως
1564 2759 1605 2837 5
1645 2757 2037 2865 φιλάρετος
2073 2760 2278 2860 ἡμῶν
2315 2761 2526 2844 Θεός.
2607 2764 2727 2840 καὶ
2774 2770 2963 2863 γοῦν
2999 2763 3036 2840 5

286 2909 372 2959 Es.
390 2908 459 2959 iv.
478 2925 525 2971 4.
623 2881 1003 2988 προφήτης
1054 2882 1223 2982 ἡμῖν
1259 2881 1581 2968 Ἡσαΐας
1639 2884 1873 2990 φησίν
1910 2894 1952 2932 “
1976 2881 2155 2963 “Ort
2203 2887 2543 2965 ἐκπλυνεῖ
2588 2885 2864 2989 Κύριος
2913 2883 3038 2965 τὸν
3062 2922 3123 2962 20

623 3015 667 3054 “
702 3007 932 3110 ῥύπον
986 3014 1132 3087 τῶν
1190 3012 1359 3088 υἱῶν
1413 3011 1530 3087 καὶ
1595 3015 1742 3088 τῶν
1795 3006 2209 3110 θυγατέρων
2267 3008 2486 3107 Σιὼν,
2541 3014 2660 3113 καὶ
2713 3009 2802 3089 τὸ
2862 3007 3040 3107 αἷμα

291 1963 367 2002 11.

624 3141 668 3179 “
703 3134 1108 3235 ἐκκαθαριεῖ
1136 3135 1212 3212 ἐκ
1247 3131 1477 3230 μέσου
1513 3132 1751 3212 αὐτῶν
1786 3135 1862 3211 ἐν
1896 3131 2247 3232 πνεύματι
2285 3134 2588 3238 κρίσεως
2637 3136 2759 3213 καὶ
2805 3134 3035 3214 πνεύ-

623 3266 876 3355 “pmcn
938 3258 1308 3342 ,tabanos-³
1412 3259 1529 3337 καὶ
1587 3258 1801 3341 αὐτὸς
1862 3255 1937 3336 δὲ
1994 3257 2180 3359 πρὸς
2235 3257 2470 3365 τούτω
2540 3259 2583 3337 5
2641 3257 3046 3343 θεσπέσιος

284 3375 420 3505 ¹7³⁰b·
444 3390 532 3424 ¹¹¹·
628 3385 930 3464 Παῦλος
969 3392 1011 3429 “
1036 3387 1128 3461 Εἰ
1161 3381 1560 3462 παιδείαν
1525 3378 1931 3480 υπομένετε,
1969 3384 2071 3466 ὡς
2118 3386 2288 3466 υἱοῖς
2339 3384 2504 3481 ὑμῖν
2537 3384 3040 3489 προσφέρεται

285 3523 421 3578 869
443 3520 523 3577 A
563 3535 601 3576 a
626 3514 669 3550 “
707 3504 747 3583 5
798 3504 1008 3589 Θεός·
1095 3506 1199 3590 τίς
1253 3505 1397 3608 γάρ
1453 3508 1655 3585 ἐστιν
1705 3504 1872 3605 υἱὸς,
1921 3540 2005 3586 ον
2054 3508 2137 3586 οὐ
2190 3507 2506 3587 παιδεύει
2557 3506 2845 3611 πατήρθ
2920 3511 3038 3589 καὶ
3063 3538 3122 3597 ²5

623 3626 769 3728 μὴν
805 3632 921 3708 καὶ
960 3627 1171 3713 αὐτὸς
1209 3630 1249 3708 5
1286 3627 1556 3714 παντὸς
1593 3629 1909 3710 ε’πέκεινα
1947 3629 2310 3729 θαύματος
2347 3638 2492 3711 τῶν
2528 3633 2762 3733 ἁγίων
2785 3633 3033 3738 χορὸς,

621 3748 756 3850 τὴν
810 3751 929 3831 διὰ
990 3758 1137 3832 τῶν
1193 3750 1419 3853 ἁγίων
1469 3751 1900 3859 πεφυκότων
1961 3755 2090 3834 οὐκ
2152 3754 2564 3836 ἀποσείεται
2623 3755 3038 3856 παίδευσιν,

621 3875 1127 3973 ἀσμενέστατα
1177 3875 1252 3956 δὲ
1294 3883 1588 3975 μᾶλλον
1624 3878 2000 3981 προσίεται
2047 3879 2287 3980 λε’γων
2321 3889 2372 3926 “
2395 3879 2811 3960 Παίδευσον
2849 3882 3040 3982 ἡμᾶς

623 4012 669 4050 “
709 4000 950 4103 Κύριε,
1004 3999 1206 4101 πλὴν
1260 4005 1336 4082 ἐν
1389 4002 1623 4105 κρίσει
1679 4006 1795 4081 καὶ
1849 4002 1952 4103 μὴ
2009 4005 2087 4082 ἐν
2136 4008 2362 4111 θυμῷ,
2409 4005 2528 4085 ἵνα
2580 4003 2682 4105 μὴ
2738 4006 3040 4109 ὀλίγους

623 4135 667 4173 “
704 4125 891 4225 ἡμᾶς
927 4124 1307 4233 ποιήσῃς.”
1366 4128 1441 4206 ἐν
1479 4130 1684 4233 θυμῷ
1719 4123 1852 4226 μὲν
1891 4125 2034 4229 γὰρ
2085 4127 2131 4227 ἦ
2184 4125 2586 4231 ὁλόκληρος
2635 4126 2846 4209 ἔσται
2893 4136 3038 4210 τῶν
3060 4155 3114 4213 30

556 4270 599 4335 b
625 4248 969 4354 ἀκάρπων
1005 4250 1398 4355 κλημάτων
1437 4248 1870 4351 ἀπότμησις,
1907 4252 2171 4352 πέμπει
2214 4250 2361 4356 γὰρ
2409 4258 2507 4338 εἷς
2548 4250 2887 4332 κόλασιν·
2962 4258 3037 4335 ἐν

283 3875 429 3925 Hier.
457 3890 506 3924 x.

288 3956 364 4006 ²4·

695 4535 749 4584 4.
787 4514 871 4598 δε]
899 4515 947 4570 δ’
972 4517 1036 4571 E.
1277 4517 1329 4571 8.
1366 4517 1501 4571 ποτέ
1520 4515 1615 4585 μέν
1641 4517 1717 4571 Ου
1776 4517 1842 4589 ἂρ
1867 4519 1897 4570 5
1925 4516 1990 4571 Ε.
2015 4519 2045 4570 ὁ
2069 4525 2196 4572 ante
2216 4516 2347 4572 ποτέ
2369 4516 2671 4587 transponit
2693 4516 2865 4581 Aah„
2892 4518 3040 4576 unde
3197 4510 3198 4573 l

625 4604 733 4643 om.
760 4586 964 4657 Migne.
1181 4600 1269 4656 25.
1305 4584 1504 4660 πατὴρ]
1532 4586 1622 4644 hic
1647 4605 1741 4644 ver
1714 4539 1814 4645 rga
1836 4588 1921 4644 καὶ
1943 4586 2338 4659 αὼὸΗαηρ
2363 4588 2560 4644 iterum
2585 4588 2775 4658 repetit
2800 4589 2956 4645 Auh.
3197 4578 3198 4647 ἲ
