3238 5158
203 353 293 418 ix.
321 354 430 440 38.
589 355 704 419 IN
765 354 833 419 S.
881 355 1391 421 JOANNEM.
1483 354 1676 420 LIB.
1708 355 1829 420 VI.
1921 354 2126 418 CAP.
2172 352 2229 418 1.
2479 352 2603 416 201

212 518 486 620 Κύριος
521 522 655 606 Τίς
702 524 903 603 ἐστιν
942 524 983 602 ὁ
1025 522 1202 607 Υἱὸς
1248 531 1378 603 τοῦ
1423 528 1618 603 Θεοῦ
1670 522 2208 625 διερωτώμενος,
2241 522 2370 601 οὐκ
2419 555 2612 600 ειπεν
2701 529 2914 658 {2326

206 643 438 745 Ἐγώ·
512 644 603 746 ἧν
650 644 795 751 γὰρ
850 645 941 747 δή
995 681 1212 744 τινας,
1259 649 1355 732 ὡς
1407 645 1609 745 εἶκὸς,
1658 646 2020 733 ἀσυνέτως
2070 642 2612 745 ὑπολαμβάνειν

209 768 324 848 ὅτι
388 769 607 868 μόνος
665 773 706 849 ὁ
766 768 1005 873 Λόγος
1070 774 1110 851 ὁ
1174 774 1252 851 ἐκ
1309 776 1504 851 Θεοῦ
1568 774 1687 851 καὶ
1743 770 2035 875 Πατρὸς
2097 767 2435 876 πεφηνὼς
2493 767 2612 847 διὰ

208 891 470 973 τούτου
515 897 1095 994 κατεσημαίνετο,
1144 893 1318 976 αὐτὸ
1368 894 1444 975 δὲ
1493 901 1639 974 τῶν
1688 895 2085 975 δοκούντων
2132 892 2600 996 ἀμφιβάλλε·
2632 903 2676 968 b

136 1034 178 1096 5
207 1022 394 1098 σθαι
447 1017 647 1121 παροί
702 1053 897 1099 τισιν
949 1017 1200 1100 ἑαυτὸν
1253 1019 1779 1126 προαποδείξας
1836 1017 1954 1099 διὰ
2015 1026 2144 1099 τοῦ
2207 1025 2423 1099 εἰπεῖν
2471 1028 2608 1098 Καὶ

207 1140 527 1250 &Aponus
575 1147 795 1223 αὐτόν·
866 1147 984 1223 καὶ
1039 1143 1166 1223 τὸν
1219 1145 1625 1223 ἐνοικοῦντα
1679 1141 1896 1223 αὐτὸν
1944 1149 2035 1248 τῇ
2091 1145 2312 1246 σαρκὶ
2364 1176 2608 1246 παρα-

208 1264 510 1344 δεικνύει
567 1267 833 1368 Λόγον,
890 1266 1009 1347 διὰ
1070 1275 1201 1347 τοῦ
1263 1266 1490 1348 πάλιν
1551 1273 1769 1348 εἰπεῖν
1824 1273 1943 1347 καὶ
2009 1270 2312 1368 ἐνεγκεῖν
2370 1270 2511 1346 Καὶ
2581 1275 2611 1348 ὁ

203 1387 457 1468 λαλεῖν
493 1389 679 1496 μετ-ἆ.
724 1394 842 1470 σοῦ’
892 1393 1129 1478 ε’κέἴνὸς
1179 1394 1375 1472 ἐστιν.
1456 1393 1630 1498 ὁρᾷς
1685 1391 1810 1471 οὖν
1861 1390 2048 1492 ὅσην
2097 1393 2136 1470 ὁ
2177 1387 2417 1491 Λόγος
2472 1388 2614 1494 ἔχει

208 1509 353 1611 τὴν
406 1513 687 1593 ἕνωσιν·
784 1516 871 1594 οῦ
931 1514 1076 1619 γὰρ
1142 1515 1402 1596 τέθεικε
1466 1513 1845 1621 διαφορὰν,
1901 1512 2073 1594 ἀλλ’
2131 1512 2383 1594 ἑαυτὸν
2441 1509 2623 1593 εἷναί

97 1669 182 1711 10
211 1644 434 1744 φησι,
484 1641 602 1717 καὶ
657 1636 786 1720 τὸν
841 1646 989 1724 τοῖς
1044 1647 1172 1719 τοῦ
1227 1639 1566 1738 σώματος
1621 1640 2030 1745 ὀφθαλμοῖς
2086 1638 2610 1735 ὑποπίπτοντα,

209 1766 337 1842 καὶ
393 1760 521 1842 τὸν
566 1765 644 1844 ἐκ
699 1768 828 1863 τῆς
883 1769 1148 1849 λαλιᾶς
1202 1762 1755 1864 γινωσκόμενον.
1832 1763 2256 1843 ἀπαίδευτον
2300 1761 2425 1841 οὖν
2475 1758 2616 1865 ἄρα

210 1888 339 1967 καὶ
415 1886 773 1981 δυσσεβὲς
846 1892 1101 1993 κομιδῇ
1176 1886 1259 1967 τὸ
1334 1886 1574 1989 λέγειν
1641 1884 2185 1991 ἀπερισκέπτως
2255 1883 2455 1970 τινάς
2515 1887 2614 1965 Ὁ

212 2008 596 2112 ἅνθρωπος
658 2019 786 2091 τοῦ
841 2017 1194 2115 Χριστοῦ·
1276 2010 1463 2096 Θεὸς
1525 2009 1672 2115 γὰρ
1737 2009 1838 2091 ὧν
1892 2010 2184 2113 γε’γονεν
2239 2007 2615 2112 ἅνθρωπος
2639 2049 2677 2093 ο

211 2134 613 2238 ἀδιαίρετος
649 2133 830 2215 ὅσον
867 2140 964 2219 εἰς
1005 2134 1090 2215 τὸ
1142 2131 1319 2214 εἶναι
1354 2137 1543 2220 Θεὸς
1578 2139 1698 2217 καὶ
1733 2134 1910 2219 Υἱὸς
1948 2138 2064 2214 καὶ
2101 2132 2283 2233 μετὰ
2320 2134 2615 2236 σαρκὸς,

98 2282 180 2343 15
212 2255 622 2360 τελεωτάτη
657 2257 801 2363 γὰρ
836 2262 911 2339 ἐν
945 2259 1223 2344 τούτοις
1263 2260 1310 2360 ἦ
1357 2262 1483 2359 τῆς
1520 2265 1617 2345 εἰς
1658 2257 1876 2340 αὐτὸν
1910 2261 2225 2344 πίστεως
2263 2260 2620 2360 ὁμολογία

210 2386 340 2464 καὶ
375 2390 696 2484 γνῶσις..

417 2617 503 2683 ‘O
558 2616 630 2684 δὲ
682 2611 826 2684 εἷπε
879 2618 1197 2701 Πιστεύω,
1255 2618 1462 2708 Κύριε.
1527 2620 1635 2684 καὶ
1688 2621 2167 2709 προσεκύνησεν
2223 2619 2442 2684 αὐτόν.
2644 2629 2720 2701 38

333 2787 564 2897 Ὀξῦς
614 2796 712 2875 εἶς
763 2791 1158 2892 ὁμολογίαν
1193 2790 1325 2891 τὴν
1362 2793 1479 2871 ἐπὶ
1529 2796 1618 2895 τῇ
1673 2792 1915 2871 πίστει
1967 2793 2172 2892 φημὶ,
2212 2792 2328 2869 καὶ
2364 2785 2623 2890 θερμὸς

217 2919 322 3000 εἷς
374 2915 742 3010 εὐσέβειαν
778 2916 819 2994 ὁ
861 2913 1038 2995 ποτὲ
1075 2913 1380 3022 τυφλός.
1460 2916 1698 3014 ἐπειδὴ
1747 2913 1892 3018 γὰρ
1941 2916 2125 3016 ε”γνω
2174 2912 2498 3016 παρόντα
2547 2947 2624 2992 τε

105 3075 189 3117 20
220 3043 345 3120 καὶ
401 3039 760 3142 ὁρώμενον
808 3038 935 3120 τὸν
987 3043 1278 3139 ἀληθῶς
1327 3037 1509 3119 Υἱὸν
1544 3040 1672 3119 τὸν
1713 3043 2117 3141 Μονογενῆ,
2160 3043 2626 3142 προσεκύνησεν

222 3168 324 3248 ὡς
374 3168 564 3270 Θεῷ,
613 3164 839 3243 καίτοι
892 3165 1192 3259 βλέπων
1243 3162 1461 3243 αὑτὸν
1509 3165 1585 3243 ἐν
1629 3151 1867 3268 σαρκὶ,
1915 3160 2138 3270 δόξαν
2186 3163 2314 3242 οὐκ
2370 3162 2627 3267 ἔχοντα
2649 3180 2693 3245 d

220 3286 361 3388 τὴν
397 3286 620 3371 ὅντως
659 3292 1040 3390 θεοπρεπῆ,
1075 3287 1627 3395 πεφωτισμένος
1676 3287 1751 3367 δὲ
1800 3285 1934 3387 τὴν
1972 3286 2267 3389 καρδίαν
2303 3285 2448 3366 ἀπὸ
2499 3289 2627 3385 τῆς

223 3410 532 3512 ἐνούσης
600 3413 792 3520 αὐτῷ
865 3411 1227 3510 δυνάμεώς
1300 3446 1377 3492 τε
1450 3414 1567 3491 καὶ
1642 3412 1997 3519 ἐξουσίας,
2072 3409 2450 3513 ἀναλόγως
2532 3415 2629 3495 εἶς

223 3536 498 3619 ἐννοίας
547 3538 883 3643 ἀναπηδᾷ
928 3534 1174 3643 σοφάς
1222 3571 1299 3616 τε
1351 3539 1465 3616 καὶ
1521 3535 1819 3638 ἀγαθὰς,
1859 3539 1972 3616 καὶ
2018 3540 2143 3635 τῆς
2182 3537 2375 3620 θείας
2412 3536 2629 3615 αὐτοῦ

119 3684 195 3745 25
226 3662 348 3740 καὶ
385 3657 698 3765 ἀῤῥήτου
734 3659 1026 3767 φύσεως
1076 3657 1160 3739 τὸ
1210 3658 1486 3745 κάλλος
1536 3660 2178 3767 καταφαντάζεται·
2240 3661 2324 3739 οὐ
2359 3658 2503 3763 γὰρ
2540 3657 2630 3738 ἀν

303 3913 358 3951 2.
393 3897 682 3956 ὑπολαβεῖν
704 3914 804 3951 ιο.
830 3894 997 3952 Cord.
1304 3915 1357 3969 3.
1396 3899 1425 3950 ὁ
1448 3898 1540 3951 alt.
1566 3896 1753 3951 deest
1739 3915 1796 3952 m
1825 3896 1889 3951 B.
1916 3896 2211 3984 assumpsit
2235 3915 2265 3952 e
2290 3897 2408 3952 Cat.
2433 3905 2495 3950 ut
2521 3896 2630 3951 vid.

231 3968 378 4022 Aub.
403 3976 456 4021 et
478 3968 551 4021 ita
575 3985 622 4021 a.
627 3985 675 4022 c.
705 3965 869 4022 Cord.
1166 3986 1219 4035 4.
1254 3974 1356 4023 τῶν
1381 3966 1666 4023 δοκούντων
1690 3986 1735 4022 c.
1762 3969 1854 4022 τὸν
1874 3967 2164 4022 δοκούντων
2192 3968 2256 4023 Β.
2283 3969 2437 4023 αὐτὸν
2461 3968 2517 4021 δὲ
2542 3970 2633 4022 τὸν

228 4039 481 4093 δοκοῦντα
508 4036 690 4092 Holst.
710 4038 855 4092 unde
877 4038 1003 4092 αὐτὸ
1026 4036 1083 4092 δε
1106 4039 1166 4093 τὸ
1191 4040 1377 4094 δοκοῦν
1399 4057 1429 4093 e
1456 4038 1574 4093 Cat.
1599 4038 1752 4092 Harl.
1779 4037 2078 4092 emendavit
2097 4037 2241 4093 Aub.
2385 4052 2437 4108 5.
2460 4060 2632 4108 προσ-

229 4109 496 4201 emssflfac
514 4127 563 4164 a.
588 4109 846 4177 ἐπιδείξας
869 4126 917 4163 c.
945 4108 1112 4163 Cord.
1295 4109 1348 4164 6.
1384 4109 1540 4164 αὐτὸν
1563 4127 1673 4163 om.
1699 4127 1746 4163 c.
1775 4108 1940 4163 Cord.
2134 4125 2183 4180 7.
2221 4109 2510 4180 ἐπενεγκεῖν
2533 4127 2631 4179 pro

230 4180 395 4305 ’ὁέἶῖῗ
417 4202 501 4234 ’ω’
524 4178 1203 4320 ’Ἰῗῖῗίἴεῖᾖᾞὲωαιω
1227 4197 1282 4305 0¹
1290 4183 1471 4305 ‘2:013'
1494 4198 1601 4234 ⁰¹¹³
1629 4178 1869 4303 (ζ”ιῗῗέῗ
1873 4179 2634 4304 Βωέοὲειῖἶεέἓίἳῇῗείἶέἐ

229 4321 395 4376 Joan.
413 4319 711 4375 Grammat.
734 4320 878 4391 (vide
901 4319 967 4374 sd
994 4335 1100 4390 529
1125 4320 1391 4392 supra)in
1413 4321 1548 4375 Brit.
1572 4320 1721 4373 Mus.
1744 4319 2157 4375 cod.Add.121
2204 4336 2252 4392 7,
2277 4321 2369 4374 fol.
2393 4337 2558 4390 13,ον
2579 4330 2633 4374 et

229 4393 479 4446 versione
502 4392 683 4462 paullo
709 4390 919 4446 diversa
941 4392 1180 4461 fol.213.
1464 4409 1544 4461 13
1582 4391 1852 4458 ἅνθρωπος
1875 4390 1993 4462 alt.]
1968 4390 2084 4462 ]†-
2115 4413 2178 4445 κα
2224 4391 2327 4446 Ed.
2353 4391 2535 4446 invitis
2564 4391 2629 4445 B.

231 4463 378 4517 Catt.
407 4461 529 4532 Syr.
697 4475 778 4528 15.
794 4464 1138 4547 τελειοτάτης
1160 4480 1207 4518 e
1233 4463 1528 4531 τελεωτάτη
1556 4461 1721 4516 Cord.
1893 4475 1975 4532 17.
2011 4462 2167 4516 αυτόν
2190 4462 2329 4517 edidi
2355 4481 2420 4517 ex
2448 4462 2512 4515 Β.
2541 4462 2635 4532 qui

226 4536 400 4588 αὐτων
423 4532 656 4588 exhibet.
682 4533 820 4616 αὐτῷ
847 4531 952 4586 Ed.
1139 4548 1225 4587 21.
1264 4537 1380 4605 Θεῷ
1404 4533 1565 4588 habet
1593 4532 1657 4588 B.
1844 4548 1930 4586 22.
1968 4532 2126 4589 ὅντως
2150 4534 2410 4603 θεοπρεπῆ
2436 4551 2484 4586 a.
2513 4532 2632 4587 Cat.

232 4604 390 4658 Harl.
417 4613 471 4658 et
494 4604 568 4660 ita
592 4603 821 4675 conjecit
848 4602 1045 4674 Heyse.
1072 4601 1187 4659 ἕντο
1213 4609 1329 4658 Θεῶ
1355 4607 1542 4671 πρεπεῖ
1571 4602 1636 4658 Β.
1663 4603 1719 4656 ἐν
1740 4606 1812 4676 τῷ
1840 4607 1954 4675 Θεῷ
1979 4602 2282 4673 πρέπουσαν
2310 4604 2407 4658 Ht.
2434 4602 2538 4657 Ed.

317 4704 573 4750 voL.11.
1386 4705 1429 4750 1>
1460 4688 1502 4750 d
