3238 5158
262 2046 399 2084 ml.

270 2962 452 3040 &Reg-

269 3044 375 3080 ΠΧ.
398 3042 474 3079 10.

594 326 727 391 438
1205 329 1283 393 B.
1332 327 1756 394 CYRILLI
1815 329 2395 395 ALEXANDR.
2742 327 2877 391 xiv.
2917 345 3019 391 11.

597 489 1044 592 Χριστιανὸν
1086 499 1437 596 προσερεῖ
1483 491 1612 575 τὸν
1655 497 1842 575 οὕτω
1900 495 2405 596 διεσκεμμένον
2456 494 2572 573 καὶ
2625 498 3022 600 πεφρονη-

601 611 778 692 κότα
811 617 974 717 περὶ
1011 621 1390 717 Χριστοῦ,
1455 616 1607 698 ἰδοὺ
1658 616 1803 723 γὰρ
1857 617 2029 715 ἰδοῦ,
2065 622 2181 699 καὶ
2231 620 2437 717 μάλα
2488 622 2774 721 σαφῶς,
2816 613 3031 695 Θεὸν

542 761 578 805 0
599 736 732 835 μὲν
779 737 998 818 αὐτὸν
1046 740 1277 821 οὐκέτι
1333 744 1570 848 φησὶν
1615 746 1928 842 ἀληθῶς·
1984 744 2510 848 ῥιψοκινδύνως
2566 739 2642 819 δὲ
2695 742 3032 841 περιθεὶς

599 859 685 940 τὸ
738 862 1014 962 πρέπον
1067 870 1217 950 τοῖς
1271 867 1631 965 κτίσμασι
1685 865 1950 970 μέτρον
2004 868 2219 975 αὐτῷ,
2272 864 2626 972 θεοφόρον
2673 861 2835 942 τινὰ
2898 865 3030 942 καὶ

602 987 794 1064 Θεοῦ
856 984 1184 1092 μέτοχον,
1244 988 1471 1094 ἤγουν
1528 992 1607 1070 ἐκ
1668 995 1861 1072 Θεοῦ
1924 992 2354 1092 γεννηθέντα
2409 987 2602 1068 Θεὸν
2656 986 3024 1090 κηρύττει.
3058 1007 3097 1068 5

596 1106 876 1193 σκοπὸς
931 1109 1075 1214 γὰρ
1131 1113 1322 1221 αὐτῷ
1378 1112 1497 1194 διὰ
1548 1113 1841 1213 παντὸς,
1887 1117 1983 1199 ὦς
2043 1114 2213 1198 ἔπος
2270 1120 2507 1209 εἰπεῖν,
2552 1109 2825 1214 τρόπου
2896 1112 3029 1188 καὶ

599 1229 830 1333 λόγου
868 1237 997 1333 τῆς
1034 1236 1289 1322 οὐσίας
1324 1245 1453 1319 τοῦ
1493 1243 1687 1318 Θεοῦ
1719 1240 1837 1318 καὶ
1877 1236 2167 1342 Πατρός
2216 1241 2594 1320 παντελῶς
2642 1233 3029 1335 ἀπείργειν

599 1355 836 1456 αὐτὸν,
893 1363 1010 1439 καὶ
1065 1357 1377 1441 εἶσάπαν
1431 1365 1814 1461 ἀποτεμεῖν
1869 1367 1996 1462 τῆς
2052 1365 2367 1469 φυσικῆς
2435 1361 2552 1440 καὶ
2615 1356 3027 1440 οὐσιῶδους

600 1479 1045 1583 οἰκειότητος,
1082 1484 1169 1585 ἧς
1207 1485 1352 1591 ἕχει
1386 1484 1570 1590 πρὸς
1605 1484 1734 1566 τὸν
1766 1489 2020 1566 ἑαυτοῦ
2059 1484 2353 1588 Πατέρα
2388 1487 2506 1564 καὶ
2541 1481 2753 1563 Θεόν.

713 1601 897 1685 Εἶτα
943 1607 1020 1686 τί
1062 1605 1155 1687 ἂν
1189 1608 1465 1710 γένοιτο
1506 1615 1654 1688 τῶν
1688 1607 2031 1689 τοιούτων
2065 1608 2151 1689 τὸ
2203 1610 2630 1711 ὑπερτεροῦν
2666 1609 2763 1688 εἶς
2815 1605 3020 1685 ἀπο·
3061 1634 3135 1676 10

597 1729 970 1836 πληξίαν;
1028 1728 1075 1831 ἢ
1124 1738 1280 1817 πῶς
1332 1734 1462 1814 οὐκ
1510 1732 1600 1814 ἄν
1635 1767 1764 1830 τις,
1802 1737 1981 1814 ὡσεὶ
2031 1740 2304 1837 νεκροῖς
2351 1731 2487 1831 ἤδη
2536 1733 2654 1810 καὶ
2702 1732 3022 1809 ἀπολω·

532 1855 577 1920 d
598 1850 797 1948 λόσι,
841 1852 927 1933 τὸ
974 1857 1052 1934 ἐκ
1103 1860 1230 1956 τῆς
1279 1856 1565 1959 ἀγάπης
1614 1856 2004 1964 ἐπιστάξαι
2054 1855 2362 1960 δάκρυον
2406 1855 2770 1960 ἀχαλίνως
2821 1855 3027 1933 οὕτω

601 1977 1105 2079 τετραμμένοις
1154 1984 1252 2064 εὶς
1301 1977 1667 2075 ἀσέβειαν·
1733 1983 1880 2085 ε’ρεῖ
1921 1978 1998 2060 δὲ
2049 1983 2165 2062 καὶ
2216 1980 2386 2060 λίαν
2420 1978 2756 2080 εὐκαίρως
2796 1987 2839 2023 “
2878 1978 3023 2061 Τίς

599 2108 646 2147 “
682 2100 904 2180 δώσει
939 2107 1032 2207 τῇ
1071 2110 1361 2209 κεφαλῇ
1397 2137 1537 2202 μου
1571 2107 1764 2207 ὕδωρ
1802 2106 1918 2184 καὶ
1951 2113 2099 2188 τοῖς
2136 2106 2549 2211 ὀφθαλμοῖς
2590 2135 2729 2200 μου
2763 2100 3025 2203 πηγὴν

600 2234 644 2272 “
680 2224 1033 2327 δακρύων,
1100 2229 1216 2306 καὶ
1288 2229 1709 2328 κλαύσομαι
1778 2226 1907 2309 τὸν
1969 2227 2154 2308 λαὸν
2226 2236 2481 2308 τοῦτον
2552 2225 2818 2327 ἡμέρας
2896 2229 3019 2304 καὶ
3056 2250 3127 2310 ¹5

600 2357 646 2396 ‘⁶
681 2347 933 2432 νυκτός
964 2350 1034 2445 ;”
1113 2352 1227 2431 ἐπὶ
1290 2349 1436 2454 γὰρ
1505 2360 1657 2437 τοῖς
1725 2350 1819 2432 τὰ
1892 2360 2187 2432 τοιαῦτα
2260 2357 2552 2458 φρονεῖν
2614 2347 3016 2447 ἑλομένοις,

601 2468 901 2574 ἀκρατὲς
948 2473 1040 2553 ἄν
1083 2499 1190 2559 τις
1245 2473 1533 2559 εἰκότως
1585 2475 1972 2584 ἐπιστάξαι
2029 2475 2353 2579 δάκρυον.
2436 2470 2675 2573 ἐπειδὴ
2731 2470 2809 2551 δὲ
2863 2480 3023 2557 τοῖς

600 2595 689 2703 ἐξ
739 2598 1079 2697 ἀληθείας
1135 2598 1503 2703 δόγμασιν
1554 2601 2092 2706 ἀποκρούεσθαι
2141 2606 2287 2682 δεῖν
2334 2601 2464 2686 τὰς
2516 2595 2687 2701 παρ’
2726 2598 3023 2677 ἐκείνων

601 2724 1094 2826 συκοφαντίας
1156 2721 1551 2827 προσήκειν
1606 2724 2129 2824 ὑπολαμβάνω,
2185 2722 2303 2804 διὰ
2363 2721 2449 2805 τὸ
2510 2729 2658 2805 τοῖς
2721 2722 3015 2801 ἁπλου-

602 2843 884 2948 στέροις
943 2845 1340 2944 λυσιτελὲς,
1396 2846 1570 2952 φέρε
1629 2847 1857 2929 πάλιν
1911 2850 2148 2933 αὐτοῖς
2212 2851 2435 2928 ε’κεῖνο
2499 2845 2850 2948 λέγωμεν,
2908 2845 3021 2925 ὅτι
3048 2876 3119 2916 20

544 3021 581 3067 θ
606 2964 982 3068 ζηλοῦντες
1045 2969 1503 3073 ἐζηλώκαμεν
1560 2977 1667 3077 τῷ
1733 2972 2000 3079 Κυρίῳ.
2107 2974 2148 3051 ὃ
2219 2970 2366 3074 γάρ
2438 3003 2551 3049 τοι
2624 2972 3022 3052 θεσπέσιος

607 3094 926 3191 Παῦλος,
964 3090 1022 3172 ὦ
1079 3092 1296 3185 οὗτοι,
1335 3091 1382 3195 ἢ
1436 3095 1562 3173 καί
1602 3128 1710 3178 τις
1764 3095 1999 3198 ἕτερος
2045 3102 2192 3176 τῶν
2237 3096 2483 3197 ἁγίων,
2521 3092 2648 3173 τὸν
2687 3091 3024 3195 Χριστὸν

603 3213 883 3319 ἔχοντες
937 3225 1091 3302 ταῖς
1149 3220 1418 3299 ἑαυτῶν
1472 3221 1808 3303 διανοίαις
1861 3221 2345 3298 ἐνοικισθέντα
2408 3216 2526 3296 διὰ
2583 3224 2713 3295 τοῦ
2772 3216 3015 3296 Πνεύ·

600 3372 849 3438 ματος,
889 3342 1117 3444 ἔδρων
1152 3342 1230 3421 εὖ
1267 3341 1475 3442 μάλα
1509 3341 1602 3421 τὰ
1639 3347 1989 3423 δοκοῦντα
2026 3348 2219 3450 Θεῷ,
2260 3343 2378 3421 καὶ
2414 3342 2833 3442 δημιουργοὶ
2871 3345 3024 3419 τῶν

599 3460 1035 3570 παραδόξων
1081 3465 1485 3569 ἐφαίνοντο.
1573 3468 1832 3547 οὐκοῦν
1868 3464 2152 3570 ἄραρεν,
2193 3466 2234 3545 ὅ
2288 3499 2360 3546 τι
2416 3466 2612 3565 δοίης
2663 3464 2730 3541 δ’
2770 3460 2864 3542 ἂν
2899 3464 3023 3542 καὶ
3050 3495 3123 3555 ²5

601 3581 814 3669 αὐτὸς
875 3585 1218 3691 ὑπάρχειν
1272 3587 1558 3688 ἀληθὲς,
1605 3584 1703 3676 ὧς
1758 3589 2134 3694 ἄνθρωποί
2179 3621 2259 3668 τε
2313 3585 2446 3688 τὴν
2494 3586 2724 3694 φύσιν
2773 3585 3018 3687 ὑπείρ-

600 3741 872 3814 χοντες,
930 3712 1047 3788 καὶ
1112 3708 1351 3812 ἕτερόν
1406 3744 1475 3790 τι
1540 3712 1723 3792 κατὰ
1787 3712 1919 3814 τὴν
1975 3714 2234 3793 οὐσίαν
2284 3710 2489 3814 παρὰ
2550 3709 2637 3792 τὸ
2701 3713 3025 3790 ἐνοικοῦν

780 3839 812 3857 Α

602 3834 842 3916 αὐτοις
890 3832 1159 3936 Ἀγιον
1210 3838 1511 3933 Πνεῦμα
1568 3841 1927 3939 Χριστοῦ,
1983 3835 2340 3940 θεόφοβοί
2394 3868 2581 3920 τινες
2640 3832 2838 3935 ἦσαν
2900 3838 3025 3914 καὶ

264 3986 399 4043 ’189
421 3984 502 4041 Δ.
542 4000 580 4040 a
602 3959 927 4060 λαμπροὶ
992 3955 1111 4037 διὰ
1174 3960 1303 4056 τῆς
1365 3957 1701 4059 δοθείσης
1756 3962 1997 4046 αὐτοῖς
2055 3959 2254 4062 παρὰ
2308 3964 2642 4062 Χριστοῦ
2696 3955 3020 4063 χάριτος·

602 4087 921 4183 συνερεῖς
981 4077 1057 4161 δὲ
1116 4079 1405 4167 πάντως
1468 4082 1660 4183 ἡμῖν,
1718 4087 1816 4170 ὡς
1880 4085 2127 4189 ἔρημοι
2190 4081 2323 4184 μὲν
2379 4091 2510 4162 τοῦ
2567 4084 3026 4188 χαρίσματος
3052 4123 3128 4183 3ο

601 4200 798 4302 ἦσάν
851 4236 1051 4304 ποτε,
1108 4204 1491 4307 κέκληνται
1546 4205 1776 4309 γεμὴν
1829 4213 1925 4293 εἷς
1981 4205 2186 4306 αὐτὸ,
2246 4206 2472 4314 δόξαν
2529 4207 2716 4286 οὕτω
2775 4214 3027 4293 καλῶς

675 4504 748 4629 πά.ξ
765 4487 1153 4616 Βοὲἕηᾶυπωθ
1176 4494 1603 4564 πεφροντικόταῖ
1878 4509 1964 4548 12.
2000 4492 2280 4562 ἐπιστάξαι
2308 4490 2374 4546 Ε.
2402 4491 2472 4546 cs.
2498 4490 2679 4562 paullo
2704 4490 2865 4547 infra.
2891 4491 3026 4548 ὤτο-

603 4582 677 4615 στ
748 4583 801 4615 ιιι
917 4601 931 4616 .
