3238 5158
265 336 396 404 xiv.
421 359 485 420 4.
834 342 949 407 IN
1013 346 1079 410 S.
1128 344 1640 412 JOANNEM.
1731 344 1922 410 LIB.
1971 345 2092 410 IX.
2528 340 2657 404 40¹7

266 508 333 583 οὶ
385 504 812 608 βαδίζοντες,
849 508 983 608 τὴν
1028 510 1375 613 λαμπρὰν
1419 518 1563 592 τῶν
1600 512 1829 614 ἁγίων
1872 514 2314 592 καλλίπολιν
2359 511 2473 588 καὶ
2529 503 2664 606 τὴν

262 629 645 733 ἐλευθέραν
678 632 1162 735 Ἰερουσαλὴμ
1210 637 1287 714 ἐν
1322 642 1467 719 τοῖς
1516 636 1940 739 ὡρισμένοις
1989 633 2301 742 ὄψονται
2348 627 2656 736 χρόνοις.
2685 660 2722 704 ο

261 757 378 832 καί
416 753 630 839 αὐτὸς
667 753 742 835 δὲ
778 756 1006 838 πάλιν
1042 759 1083 837 ὁ
1121 759 1507 844 θεοπεοιος
1545 760 1713 859 ἡμῖν
1749 757 2091 868 μελῳδὸς,
2121 761 2217 842 ὡς
2252 756 2436 861 πρὸς
2473 751 2666 838 Θεὸν

264 877 561 982 Πατέρα
616 882 817 987 φησί
865 890 910 928 “
949 880 1474 982 Νομοθέτησόν
1528 917 1640 982 με,
1691 883 1935 988 Κύριε,
1980 887 2057 963 ἐν
2104 888 2197 988 τῇ
2253 882 2397 991 ὁδῶ
2451 877 2662 959 σου.”
2754 874 2840 990 ff
2861 874 2999 926 *Μ’

187 1019 230 1082 5
263 1003 595 1099 ἐπιθυμεῖ
651 1003 796 1107 γὰρ
867 1011 1018 1089 τοῖς
1090 1003 1208 1083 διὰ
1274 1010 1607 1108 Χριστοῦ
1670 1006 2132 1087 παιδεύεσθαι
2195 1003 2466 1104 νόμοις,
2539 1002 2667 1081 οὐκ

263 1125 636 1229 ἀγνόησας
689 1163 797 1211 τις
852 1127 964 1208 ὅτι
1019 1131 1137 1207 καὶ
1191 1127 1375 1232 πρὸς
1431 1126 1565 1228 τὴν
1621 1129 1771 1209 ἅνω
1833 1135 2182 1225 βαδιεῖται
2245 1128 2489 1223 πόλιν,
2550 1123 2669 1205 διὰ

265 1253 396 1348 τῆς
482 1252 952 1354 εὐαγγελικῆς
1024 1252 1488 1350 παιδεύσεως,
1567 1251 1872 1333 κατευθὺ
1944 1253 2215 1337 παντὸς
2290 1253 2668 1357 ἐρχόμενος

267 1376 568 1476 ἀγαθοῦ.
667 1381 785 1456 καὶ
847 1385 1306 1481 παρενεγκεῖν
1358 1374 1492 1475 μὲν
1547 1379 1634 1456 οὐ
1700 1377 2026 1480 χαλεπὸν
2089 1380 2204 1457 καὶ
2264 1376 2506 1479 ἑτέρας
2567 1376 2670 1457 ἔτι

266 1497 559 1583 πολλὰς
612 1501 691 1579 ἐκ
743 1508 1144 1608 προφητῶν
1199 1500 1609 1604 μαρτυρίας,
1661 1503 1747 1580 δι’
1806 1498 1907 1581 ὧν
1961 1499 2051 1580 ἂν
2107 1502 2447 1601 εἰδείημεν
2502 1498 2671 1581 ὁδὸν

159 1647 243 1689 10
270 1619 403 1719 τὴν
457 1623 672 1724 ἁγίαν
723 1624 1302 1725 ἀποκεκλημένον
1352 1622 1479 1705 τὸν
1510 1623 1826 1724 Ἰησοῦν,
1874 1625 2045 1704 ἀλλ’
2086 1623 2288 1704 οὐδὲν
2337 1620 2532 1723 οἶμαι
2587 1622 2671 1702 τὸ

273 1745 662 1847 ἀναγκαῖον
696 1754 843 1832 τοῖς
879 1750 1065 1829 οὕτω
1100 1755 1364 1854 σαφῶς
1402 1749 1830 1851 ἐγκειμένοις
1874 1754 1971 1832 εἰς
2021 1748 2277 1849 ὄνησιν
2312 1747 2661 1850 ἐπαγωνί·
2694 1747 2740 1814 ἃ

274 1865 524 1968 ζεσθαι
568 1870 887 1977 σφόδρα.
965 1872 1125 1953 ἴστε
1162 1874 1400 1954 τοίνυν
1435 1872 1567 1972 τὴν
1605 1870 1799 1964 ὁδὸν,
1839 1874 1924 1953 δι’
1965 1872 2050 1973 ἧς
2086 1870 2178 1952 ἂν
2214 1872 2405 1969 ἴοιτε,
2444 1874 2666 1977 φησί,

271 1994 392 2072 καὶ
444 1993 644 2074 αὐτοὶ
699 1993 881 2099 πρὸς
932 1995 1064 2080 τὰς
1113 1997 1261 2077 ἅνω
1310 1995 1557 2094 μονὰς,
1594 1996 1733 2095 ἤδη
1789 2005 2001 2076 τοῦτο
2055 2000 2518 2099 παραδηλῶν,
2556 1999 2674 2075 καὶ

274 2116 515 2220 ἕτερον
558 2118 856 2218 οὖδεν,
818 2154 865 2220 η
922 2119 1032 2200 ὅτι
1084 2118 1340 2200 πολλὰ
1393 2119 1525 2220 μὲν
1567 2120 1737 2199 λίαν
1778 2123 1896 2200 καὶ
1951 2121 2270 2225 εὐπρεπῆ
2326 2153 2419 2199 τα
2470 2152 2674 2222 παρα

161 2255 244 2318 15
275 2246 443 2349 Θεῷ
477 2246 594 2322 καὶ
635 2246 874 2347 Πατρὶ
920 2244 1414 2343 καταλύματα,
1453 2247 1572 2324 καὶ
1624 2241 1850 2325 τόπον
1889 2246 2054 2343 ὑμῖν
2088 2243 2496 2349 παρῤησίας
2545 2250 2673 2323 τοῦ

272 2368 392 2444 καὶ
442 2366 519 2445 ἐν
551 2367 838 2451 ἐκείνοις
886 2366 1221 2470 γενέσθαι
1266 2375 1416 2453 τοῖς
1466 2369 1751 2472 χωρίοις
1799 2366 2203 2468 ἑτοιμάσων
2245 2365 2667 2484 προαναβη-

274 2522 525 2590 σομαι.
605 2488 875 2591 πλὴν”
842 2524 1020 2590 ιστε,
1056 2493 1310 2601 φησὶν,
1348 2495 1444 2576 ὡς
1493 2493 1619 2571 οὐκ
1669 2526 1761 2571 αν
1792 2525 1899 2575 τις
1936 2493 2021 2571 δι’
2062 2492 2303 2595 ἑτέρου
2349 2489 2543 2574 τινὸς
2589 2522 2674 2569 το

276 2615 504 2693 ἐκεῖσε
541 2614 881 2717 γενέσθαι
918 2617 1159 2713 λάβοι,
1179 2613 1380 2716 πλὴν
1415 2617 1565 2695 διΗ
1527 2624 1702 2714 εμοῦ
1736 2618 1856 2696 καὶ
1891 2616 2137 2716 μόνου.
2185 2618 2444 2695 οὐκοῦν
2476 2649 2537 2694 ει
2569 2647 2675 2697 τις

280 2737 567 2818 ἐκπέσοι
603 2748 732 2819 τοῦ
767 2742 1194 2841 αγαπᾶσθαι
1231 2740 1432 2843 παρὰ
1469 2736 1904 2842 Χριστοῦ,
1867 2776 1914 2840 η
1957 2739 2303 2840 βεβήλοις
2349 2743 2670 2844 κενοφω-
2699 2771 2735 2815 ο
2761 2749 3010 2800 ΟίῐΤίω·

163 2886 255 2928 20
283 2861 460 2946 νίαις
506 2865 624 2942 καὶ
672 2860 1094 2944 ἀλλοκότων
1126 2861 1468 2968 ῥημάτων
1504 2863 1980 2966 ἀκαθαρσίαις
2025 2861 2411 2967 προσέχων
2446 2894 2669 2940 συκο·
2760 2817 2828 2866 vt
2853 2831 2932 2866 ²⁰

283 2992 580 3095 φαντεῖν
615 2986 992 3088 ἑλομένων,
1028 2986 1161 3086 τὴν
1197 2987 1510 3092 ἅῤῥητον
1545 2987 1765 3066 αὑτοῦ
1801 2988 1920 3066 καὶ
1955 2982 2417 3089 ἀπερινόητον
2452 2984 2681 3092 φύσιν

280 3113 379 3196 ὦς
413 3112 490 3191 ἐν
524 3111 809 3196 δούλοις
846 3109 1285 3210 κατατάττει,
1323 3113 1442 3191 καὶ
1479 3118 1629 3196 τοῖς
1663 3109 2070 3213 γενομένοις
2105 3114 2530 3213 καταριθμεῖ
2556 3105 2683 3187 τὸν

278 3233 653 3339 ἐλεύθερον
715 3239 834 3316 καὶ
897 3238 977 3316 ἐκ
1041 3240 1168 3335 τῆς
1234 3235 1488 3321 οὐσίας
1553 3243 1684 3316 τοῦ
1749 3234 2041 3339 Πατρός
2107 3268 2191 3338 γε
2255 3232 2686 3336 γεννηθέντα

282 3357 549 3461 Λόγον,
585 3359 813 3462 ἤγουν
847 3360 1013 3440 καθ’
1053 3357 1294 3465 ἕτερόν
1329 3393 1489 3439 τινα
1539 3356 1889 3460 λυπήσειε
1938 3356 2231 3463 τρόπον,
2270 3356 2683 3461 γινωσκέτω

165 3498 253 3561 ²5
283 3478 544 3563 λοιπὸν
595 3486 726 3583 τῆς
778 3480 960 3587 πρὸς
1015 3482 1099 3563 τὸ
1154 3483 1304 3564 ἅνω
1358 3483 1648 3587 πορείας
1703 3481 1837 3584 τὴν
1892 3480 2061 3563 ὁδὸν
2114 3480 2510 3581 ἀπολέσας,
2565 3482 2684 3560 καὶ

282 3605 832 3708 πεπλανημένος
866 3605 998 3707 μὲν
1031 3614 1162 3687 τοῦ
1196 3605 1375 3687 ἰδίου
1424 3608 1778 3711 γεωργίου
1826 3606 1996 3691 τοὺς
2042 3605 2329 3714 ἄξονας,
2368 3605 2551 3687 κατὰ
2599 3603 2684 3684 τὸ
2706 3632 2745 3674 a
2792 3620 2922 3681 ’167
2941 3618 3020 3674 Δ.

284 3729 653 3833 εἰρημένον
724 3730 865 3812 ὑπό
933 3765 1143 3829 τινος,
1206 3730 1494 3839 ὑφέξων
1568 3731 1643 3813 δὲ
1717 3729 2005 3817 πάντως
2076 3729 2210 3831 τὴν
2273 3737 2419 3814 τοῖς
2492 3728 2686 3810 κάτω

284 3854 583 3953 μένουσι
654 3855 1079 3958 πρέπουσαν
1140 3857 1366 3957 δίκην.
1475 3853 1593 3935 διὰ
1666 3863 1879 3936 τοῦτο
1951 3857 2071 3935 καὶ
2140 3857 2181 3935 ὀ
2253 3852 2691 3961 σοφώτατος

288 3982 587 4062 Παῦλος
623 3977 790 4063 τοῦς
826 3978 1364 4083 ἀρνησαμένους
1398 3980 1477 4059 ἐκ
1514 3978 2097 4086 φρενοβλαβείας
2141 3976 2225 4056 τὸ
2269 3980 2345 4057 ἐν
2382 3981 2691 4085 Χριστῷ

167 4131 258 4191 3ο
284 4099 814 4201 πολιτεύεσθαι,
850 4104 1517 4205 παλινδρομοῦντας
1553 4100 1630 4181 δὲ
1664 4097 1849 4204 πρὸς
1885 4098 2015 4185 τὰς
2052 4101 2131 4180 ἐκ
2168 4096 2391 4201 νόμου
2440 4098 2684 4199 σκιὰς,

365 4382 449 4421 12.
483 4364 619 4430 εἴητε
644 4364 709 4421 Ε.
952 4382 1034 4433 14.
1059 4365 1188 4456 περὶ
1215 4365 1280 4421 Ε.
1524 4378 1606 4435 15.
1647 4364 1766 4432 ὑμῖν
1790 4362 1994 4418 correxi
2022 4372 2142 4434 poet
2168 4362 2374 4433 Migne.
2400 4361 2520 4431 ἡμῖν
2544 4361 2693 4418 Aub.

296 4439 379 4494 18.
413 4436 686 4509 γενέσθαι]
718 4445 775 4502 -ὶ-
806 4439 917 4495 τοῖς
937 4437 1147 4508 χωρίοις
1173 4437 1226 4507 (e
1250 4453 1415 4507 supra
1436 4445 1501 4492 nt
1524 4454 1613 4489 eae
1612 4434 1705 4522 pe)
1737 4433 1803 4489 E.
1970 4450 2056 4489 21.
2091 4435 2349 4503 ἑλομένων
2373 4434 2439 4490 Ε.
2463 4432 2693 4504 ε’λομένφ

292 4509 396 4565 Ed.
581 4524 668 4580 23.
703 4508 1072 4580 γεγεννηθέντα
1097 4508 1219 4579 (εἰσ)
1243 4507 1389 4562 Aub.
1375 4529 1562 4647 ,τζεννη
1449 4453 1718 4574 εννηθεντα
1743 4503 1888 4559 baud
1912 4505 2050 4560 male
2075 4505 2282 4576 Migne.
2473 4520 2560 4572 24.
2596 4506 2691 4558 λυ·

290 4577 555 4655 πὴσαςΕ.
769 4593 855 4647 25.
890 4581 980 4648 τῆς
1004 4597 1103 4650 pro
1124 4577 1278 4635 recE.
1448 4574 1750 4650 ν]ὄτὴνΕ
