3238 5158
194 369 452 453 viii.41.
582 371 696 437 IN
759 373 827 438 S.
876 373 1387 441 JOANNEM.
1479 375 1673 441 LIB.
1705 377 1788 442 V.
1881 378 2085 443 CAP.
2119 378 2202 444 V.
2508 379 2588 443 81

194 536 501 639 ἐναργῶς
586 540 851 618 ἐκεῖνον
924 538 1100 620 ὄντα
1177 539 1469 639 δεικνὺς,
1545 541 1630 622 ὃν
1710 542 2154 643 ἀναστήσειν
2234 545 2471 628 αὐτοῖς
2550 543 2591 621 5
2614 548 2658 614 b

194 661 571 761 νομοθέτης
626 665 1279 766 προεπηγγείλατο.

576 903 803 984 Ὑμεῖς
858 907 1104 975 ποιεῖτε
1164 910 1237 975 τὰ
1289 909 1450 999 §pru
1503 914 1618 976 τοῦ
1677 911 1927 1000 πατρὸς
1982 911 2187 988 ὑμῶν.
2617 929 2690 985 4¹

295 1075 1076 1182 Ἐξετεροτροποῦντας
1151 1083 1530 1190 ἀποδείξας
1602 1088 1709 1191 τῷ
1775 1081 2114 1190 προγόνῳ
2176 1080 2343 1166 τοὺς
2408 1082 2590 1161 Ἰου-

134 1206 167 1266 5
193 1199 445 1298 δαίους,
485 1205 602 1281 καὶ
652 1202 846 1283 πολὺ
894 1209 1022 1304 τῆς
1071 1207 1339 1287 ἐκείνου
1390 1205 1765 1312 φιλοθεΐας
1819 1206 2363 1313 ἐξῳκισμένους,
2401 1207 2587 1285 ἀπο-

189 1332 455 1425 γυμνοῖ
503 1325 637 1424 μὲν
691 1325 975 1413 εἰκότως
1033 1338 1164 1409 τοῦ
1222 1331 1485 1411 εἰκαιόυ
1540 1338 1890 1432 σαρκικοῦ
1950 1327 2429 1434 καυχήματος·
2511 1326 2595 1408 τὸ

191 1448 262 1527 δὲ
318 1447 424 1548 μὴ
481 1455 735 1555 χρῆναι
793 1451 1052 1533 λοιπὸν
1096 1457 1172 1533 ἐν
1220 1462 1366 1538 τοῖς
1423 1455 1690 1533 ἐκείνου
1747 1451 2271 1558 κατατετάχθαι
2326 1451 2595 1537 τέκνοις

191 1571 574 1677 διαῤῥήδην
632 1574 871 1674 εἰπὼν,
927 1578 1142 1727 ε’τέρῳ
1198 1583 1303 1686 τῷ
1359 1580 1510 1658 κατ’
1551 1574 1829 1671 ,αὐτοὺς
1893 1577 2283 1679 προσνέμει
2345 1579 2590 1678 πατρὶ,

189 1699 304 1776 καὶ
347 1698 487 1796 τὴν
521 1699 701 1805 ἐξ”
653 1734 884 1802 εργων
923 1701 1309 1802 ὁμοιότητα
1359 1699 1727 1801 δεσμον”
1670 1736 1920 1803 ωσπερ
1970 1698 2129 1780 τινὰ
2176 1700 2596 1802 συγγενείας
2622 1730 2657 1775 ο

97 1845 167 1886 10
190 1821 532 1922 ὡρίσατο,
606 1820 773 1906 τοῦς
846 1858 977 1921 μεν
1050 1825 1367 1927 ἀγαθοὺς
1447 1824 1581 1926 τὴν
1657 1826 1808 1933 ἕξιν
1879 1823 1988 1905 ὅτι
2068 1831 2216 1908 τοῖς
2299 1826 2598 1923 ἀγαθοῖς

187 1949 616 2025 συνδεῖσθαι
648 1947 900 2050 πρέπει
941 1947 1326 2048 διδασκων,
1364 1947 1530 2033 τοὺς
1567 1946 1797 2053 γεμὴν
1831 1953 1935 2056 τῷ
1972 1946 2239 2055 φαύλῳ
2275 1953 2593 2045 συμβιο-

188 2066 524 2152 τεύοντας
562 2067 807 2177 τρόπῳ
845 2070 1009 2157 τοῦς
1053 2075 1167 2152 ἐπὶ
1204 2081 1350 2157 τοῖς
1387 2074 1574 2158 ἰ’σοις
1612 2071 2241 2175 κατεγνωσμένους
2287 2072 2363 2149 ἐν
2399 2068 2598 2175 τάξει

185 2198 553 2273 ποιεῖσθαι
595 2192 920 2296 πατέρων
957 2194 1363 2276 ἀκόλουθον
1400 2194 1575 2276 εἶναι
1625 2194 2116 2299 διοριζόμενος.
2199 2193 2418 2295 ὅνπερ
2454 2189 2599 2293 γὰρ

186 2314 465 2419 τρόπον
529 2325 677 2402 τοῖς
740 2317 1007 2421 ἄριστα
1070 2327 1281 2415 βιοῦν
1345 2319 1736 2418 ἑλομένοις,
1807 2322 1923 2399 καὶ
1988 2317 2216 2420 ἁγίοις
2279 2317 2416 2417 ἤδη
2483 2315 2601 2395 διὰ

93 2460 161 2522 15
188 2450 405 2521 τοῦτο
446 2441 1072 2545 κεχρηματικόσιν,
1112 2444 1500 2529 ἀκινδύνως
1543 2441 1830 2550 ἐξέσται
1877 2441 2154 2545 πατέρα
2191 2448 2437 2521 καλεῖν
2472 2439 2601 2520 τὸν

188 2564 406 2665 Θεὸν,
461 2565 746 2670 ἐπείπερ
802 2565 1022 2649 αὐτὸν
1070 2566 1256 2649 κατὰ
1308 2567 1393 2650 τὸ
1450 2571 1816 2673 ἐγχωροῦν
1872 2566 2274 2671 ἀνθρώποις
2330 2567 2599 2661 ἀπομι-

183 2697 490 2790 μεῖσθαι
554 2690 1112 2795 σπουδάζουσιν,
1169 2695 1358 2775 οὕτω
1414 2697 1527 2772 καί
1582 2700 1731 2776 τοῖς
1785 2698 2121 2794 πονηροῖς
2176 2689 2460 2772 δικαίως
2517 2687 2604 2768 ἂν

184 2812 675 2919 ἐπιγράφοιτο
738 2815 1104 2920 γεννήτωρ
1170 2818 1210 2896 5
1275 2815 1610 2919 πονηρὸς,
1670 2815 1953 2916 ἐπείπερ
2018 2816 2235 2893 αὐτοῦ
2296 2815 2411 2894 καὶ
2476 2816 2603 2910 τῆς
2626 2827 2670 2892 d

184 2937 542 3041 πονηρίας
592 2942 709 3018 καί
760 2942 1202 3042 δυστροπίας
1253 2944 1328 3020 ἐν
1375 2943 1585 3041 ἤθεσι
1634 2948 1783 3023 τοῖς
1832 2942 2028 3020 ἰδίοις
2081 2934 2605 3017 διαπλάττουσι

85 3094 159 3136 ιο
184 3057 320 3160 τὴν
375 3060 638 3144 εἰκόνα.
722 3062 963 3165 πατὴρ
1022 3064 1166 3167 γὰρ
1222 3066 1306 3144 οὑ
1361 3061 1646 3148 πάντως
1705 3066 1745 3142 5
1803 3062 1892 3168 ἐξ
1940 3063 2194 3140 ἑαυτοῦ
2248 3057 2606 3162 γεννήσας

187 3192 460 3265 νοεῖται
495 3187 695 3289 παρὰ
731 3193 821 3294 τῇ
859 3189 1015 3295 θείᾳ
1050 3186 1380 3288 μάλιστα
1418 3193 1694 3294 γραφῇ,
1733 3185 1935 3265 ἀλλὰ
1974 3189 2087 3264 καί
2128 3187 2167 3265 5
2214 3191 2377 3267 τοῖς-
2408 3182 2607 3267 ἰδίοις

184 3310 406 3410 ἤθεσι
473 3308 956 3419 συμμόρφους
1021 3312 1207 3417 ἔχων
1270 3311 1487 3411 τινὰς,
1548 3308 1651 3390 ὧν
1716 3313 1834 3390 καὶ
1899 3307 2073 3389 εἶναι
2140 3306 2423 3410 λέγεται
2489 3304 2607 3385 διὰ

184 3442 410 3515 τοῦτο
473 3434 741 3536 πατήρ.
841 3437 1028 3516 οὕτω
1087 3440 1202 3515 καὶ
1271 3437 1310 3515 5
1377 3434 1765 3518 θεσπέσιος
1829 3439 2127 3515 Παῦλος
2190 3429 2607 3512 ἐπιστέλλει

182 3555 373 3660 πρός
435 3591 637 3641 τινας
692 3563 903 3640 “Ἐν
958 3594 1137 3712 γαρ”
1157 3565 1463 3665 Χριστῷ
1517 3561 1768 3659 Ἰησοῦ
1824 3556 1942 3637 διὰ
1998 3564 2126 3636 τοῦ
2185 3553 2608 3658 εὐαγγελίου

88 3704 156 3763 ²5
185 3691 230 3729 “
267 3681 422 3785 ἐγω
478 3685 662 3782 ὑμᾶς
718 3685 1137 3785 ἐγέννησαῗ
1206 3683 1455 3786 ὥσπερ
1511 3684 1660 3780 οὖν,
1707 3681 2028 3784 καθάπερ
2084 3680 2446 3782 ἐλέγομεν,
2490 3681 2608 3756 καὶ

186 3811 387 3914 Θεῷ,
430 3809 551 3886 καί
590 3813 738 3891 τοῖς
773 3808 1002 3910 ἁγίοις
1034 3806 1360 3912 πατράσι
1396 3806 1827 3911 σύμμορφοί
1864 3838 2047 3888 τινες
2090 3807 2608 3883 ἀποτελοῦνται

184 3930 306 4010 διὰ
360 3934 501 4030 τῆς
547 3931 627 4009 ἐν
662 3928 956 4033 τρόποις
1007 3932 1421 4033 ὁμοιότητος
1464 3935 1581 4010 καὶ
1634 3932 2027 4031 ἁγιασμοῦ·
2091 3928 2278 4007 οὕτω
2334 3928 2451 4005 καὶ
2506 3931 2610 4032 τῷ
2630 3968 2665 4010 0

185 4054 557 4161 διαβόλῳ,
613 4059 732 4133 καὶ
789 4062 938 4140 τοῖς
1000 4057 1152 4135 κατ’
1211 4053 1429 4135 αὑτὸν
1494 4053 1866 4153 ὁμοήθεσι,
1927 4055 2046 4131 καὶ
2110 4047 2611 4151 ὁμογνώμονες

183 4180 733 4260 ἆποτελοῦνταί
788 4212 973 4262 τινες
1038 4180 1126 4286 ἐξ
1188 4179 1368 4262 ἰδίας
1434 4187 1647 4258 τοῦτο
1710 4173 2117 4280 πάσχοντες
2181 4172 2604 4277 μοχθηρίας.

261 4418 312 4456 1.
353 4398 494 4455 ὄντα
521 4398 586 4453 Β.
589 4416 638 4454 a.
668 4398 851 4455 Holst.
877 4400 1019 4455 ἰόντα
1045 4398 1189 4454 Aub.
1287 4399 1479 4454 Statim
1505 4398 1747 4453 δεικνύων
1769 4415 1818 4453 a.
2215 4395 2267 4450 8.
2303 4415 2376 4466 τῳ
2404 4392 2523 4461 Mig
2525 4408 2610 4446 ne.

182 4490 236 4543 9.
275 4473 339 4544 ἔξ
365 4469 919 4542 om.Aub.19.
960 4468 1068 4542 καὶ]
1103 4478 1160 4534 -Ι-
1190 4472 1281 4538 τῆς
1309 4470 1406 4525 Ht.
1434 4469 1537 4525 Ed.
1721 4485 1807 4524 20.
1845 4468 2029 4522 ἑαυτοῦ
2056 4466 2171 4521 ΒΛ.
2197 4466 2355 4520 αυτοῦ
2383 4465 2480 4519 Ht.
2467 4410 2612 4517 lgEd.

184 4559 274 4598 21.
312 4543 567 4611 μάλιστα
590 4556 640 4594 ιι.
663 4542 870 4608 μᾶλλον
896 4541 960 4595 Β.
984 4543 1191 4609 μᾶλλον
1212 4542 1353 4611 παρὰ
1375 4544 1438 4610 τῇ
1464 4539 1616 4610 θείᾳ
1601 4556 1816 4594 laveno
1840 4537 2027 4592 ordine
2056 4536 2153 4592 Ht.
2179 4534 2283 4589 Ed.
2373 4550 2458 4604 29.
2481 4532 2611 4586 ἀπο·

183 4617 417 4670 τελοῦσι
447 4609 520 4665 Β.
547 4609 648 4666 Ηῑ.
671 4609 974 4667 emendavit
996 4611 1141 4667 Aub.

273 4716 432 4763 VOL.
470 4713 550 4758 11
1437 4712 1486 4756 M

2696 3577 2722 3641 ,¹
2746 3562 2861 3612 Cor.

2693 3627 2760 3678 iv.
2783 3640 2858 3690 15.
