3238 5158
640 326 771 389 722
1248 329 1327 396 Β.
1377 327 1804 395 CYRILLI
1865 326 2444 394 ALEXANDR.
2628 326 2784 394 xvii.
2814 327 2920 408 18,
2949 346 3055 413 19.

639 494 738 574 εἷς
788 489 921 572 τὸν
973 499 1102 573 τοῦ
1156 494 1519 575 ἀναθεῖναί
1571 528 1650 573 τε
1713 496 1832 574 καὶ
1890 494 2244 600 ἀφορίσαι
2300 491 2548 595 λόγον,
2606 491 2786 596 ὑπὲρ
2845 490 3058 591 ἡμῶν

641 612 896 695 ἑαυτὸν
951 613 1254 720 ἁγιάσαι
1309 615 1548 724 φαμὲν
1602 615 1733 697 τὸν
1786 615 1988 696 Υἱόν.
2069 613 2563 720 προσεκόμισε
2608 615 2754 720 γὰρ
2798 612 3061 697 ἑαυτὸν

576 749 621 815 (1
646 735 896 845 ὥσπερ
967 738 1213 845 ἱερεῖόν
1283 775 1363 822 τε
1432 744 1550 822 καὶ
1625 740 1832 843 ἅγιον
1910 743 2102 839 θῦμα
2176 744 2280 849 τῷ
2353 746 2520 850 Θεῷ
2595 744 2713 821 καὶ
2789 740 3059 843 Πατρὶ,

306 857 471 986 222¹·
646 874 692 911 ‘⁴
730 863 1009 965 κόσμον
1061 865 1257 973 αὐτῷ
1303 864 1919 962 καταλλάσσων,”
1972 865 2091 944 καὶ
2140 862 2481 967 συνάγων
2525 870 2622 949 εἷς
2664 864 2928 972 φιλίαν
2971 864 3060 945 τὸ

308 1008 440 1076 Eph.
467 1012 518 1060 ii
646 987 910 1088 ταύτης
947 986 1382 1090 ὧλισθηκὸς,
1422 988 1774 1087 τουτέστι,
1810 987 1896 1068 τὸ
1930 987 2134 1089 γένος
2168 986 2256 1068 τὸ
2293 989 2763 1091 ἀνθρώπινον·
2841 988 3054 1067 “αῦ-
3083 1021 3120 1079 5

673 1109 853 1197 6τὸς
900 1109 1046 1216 γάρ
1098 1114 1300 1193 ἐστιν
1335 1113 1381 1213 ἡ
1427 1112 1667 1217 εἶρήνη
1722 1112 1983 1213 ἡμῶν”
2044 1111 2226 1192 κατὰ
2280 1146 2364 1192 το
2422 1112 2946 1215 γεγραμμεᾝνον
3011 1113 3060 1212 ἡ

646 1233 875 1339 γεμὴν
923 1235 1384 1344 ἐπανάληψις
1439 1238 1644 1337 ἡμῶν
1694 1238 1738 1336 ἦ
1782 1269 1967 1340 προς
2002 1235 2198 1317 Θεὸν
2231 1238 2369 1341 οὐχ
2400 1235 2654 1339 ἑτέρως
2693 1233 2784 1316 ἂν
2821 1241 3058 1315 νοοῖτο

645 1360 1118 1460 τετελεσμένη
1173 1360 1291 1443 διὰ
1335 1367 1669 1467 Χριστοῦ
1722 1369 1852 1442 τοῦ
1904 1359 2290 1464 σώζοντος,
2344 1366 2404 1440 εἰ
2458 1358 2562 1461 μὴ
2622 1357 2740 1440 δια
2793 1364 2927 1460 τῆς
2983 1362 3060 1439 ἐν

651 1484 1019 1586 Πνεύματι
1077 1487 1437 1571 κοινωνίας
1498 1490 1614 1567 καὶ
1679 1488 2071 1588 ἁγιασμοῦ.
2139 1482 2225 1565 τὸ
2280 1484 2424 1589 γὰρ
2477 1491 2812 1587 συνεΐρον
2869 1484 3059 1584 ἡμᾶς

648 1612 767 1689 καὶ
822 1613 1033 1691 οἱονεὶ
1088 1620 1436 1691 συνενοῦν
1472 1615 1575 1716 τῷ
1614 1616 1785 1717 Θεῷ
1827 1608 1913 1689 τὸ
1963 1614 2264 1709 Πνεῦμα
2316 1608 2403 1690 τὸ
2445 1607 2715 1711 Ἀγιόν
2749 1610 2978 1707 ἐστιν,
3015 1604 3058 1687 ὃ
3085 1642 3155 1684 ιο

591 1769 626 1812 e
648 1730 740 1835 δὴ
794 1735 913 1813 καὶ
968 1733 1340 1834 λαβόντες,
1377 1734 1668 1841 μέτοχοι
1725 1736 1843 1815 καὶ
1888 1736 2211 1815 κοινωνοὶ
2246 1737 2374 1832 τῆς
2412 1733 2600 1818 θείας
2636 1732 3050 1813 ἀναδεικνύ-

650 1863 838 1958 μεθα
880 1858 1196 1963 φύσεως,
1246 1862 1364 1939 καὶ
1419 1859 1637 1940 αὐτὸν
1686 1856 2158 1965 εἷσδεχόμεθα
2212 1859 2297 1938 δι’
2356 1863 2539 1938 Υἱοῦ
2593 1859 2710 1938 καὶ
2765 1858 2847 1937 ἐν
2899 1861 3058 1965 ’Υὶῷ

652 1979 784 2063 τὸν
814 1982 1133 2085 Πατέρα.
1196 1981 1461 2091 γράφει
1496 1991 1677 2086 γοῦν
1713 1984 1883 2083 ἡμῖν
1918 1984 1958 2062 ὃ
1993 1981 2233 2089 σοφὸς
2264 1979 2602 2081 Ἰωάννης
2634 1984 2802 2086 περὶ
2839 1983 3060 2062 αὐτοῦ

317 2120 334 2153 ¹
351 2103 557 2155 3··¹⁰⁸¹¹·
655 2116 698 2154 ‘⁶
733 2106 868 2185 Ἐν
905 2105 1135 2215 τούτῳ
1181 2107 1634 2210 γινώσκομεν
1688 2106 1798 2188 ὅτι
1848 2109 1924 2187 ἐν
1965 2107 2157 2215 αὐτῷ
2196 2106 2501 2208 μένομεν
2550 2110 2668 2186 καὶ
2720 2104 2939 2190 αὐτὸς
2981 2107 3058 2185 ἐν

308 2167 483 2232 iv.13.
654 2240 699 2278 α
756 2229 774 2253 ο
836 2236 869 2252 Α
965 2228 1000 2260 O
1145 2235 1163 2259 ,
1352 2241 1384 2258 a
1448 2237 1523 2312 Π
1626 2233 1646 2259 9
1990 2232 2007 2258 ‚
2108 2239 2141 2257 Α
2196 2230 2371 2311 δεῧω
2559 2231 2578 2254 ε
2638 2234 2671 2253 Α
2734 2229 2774 2256 ἰ
2912 2230 2933 2260 Ι
2984 2229 3061 2312 δὲ

733 2264 923 2329 ημιν,
960 2265 1072 2312 οτι
1126 2267 1203 2312 εκ
1258 2265 1388 2312 του
1527 2266 1870 2331 νευματος
1924 2266 2142 2312 αυτου
2373 2264 2493 2311 κεν
2537 2265 2729 2330 ημιν.
2852 2264 2926 2312 τι
3084 2259 3150 2317 15

307 2358 422 2476 2¹²¹·
444 2358 513 2409 iv.
655 2352 745 2456 δὴ
800 2352 982 2459 πρὸς
1037 2355 1269 2465 τούτῳ
1322 2359 1441 2437 καὶ
1500 2361 1854 2456 Παῦλος;
1918 2366 1961 2405 “
1983 2355 2164 2437 Ὅτι
2216 2353 2313 2453 δὲ,
2373 2358 2625 2463 φησὶν,
2677 2353 2847 2436 ἐστὲ
2903 2358 3061 2452 υἱοὶ,

652 2490 700 2528 “
734 2478 1234 2589 ἐξαπέστειλεν
1282 2482 1323 2559 ὃ
1363 2478 1550 2566 Θεὸς
1601 2479 1688 2561 τὸ
1737 2486 2041 2581 Πνεῦμα
2087 2488 2216 2561 τοῦ
2269 2484 2451 2560 Υἶοῦ
2506 2480 2725 2560 αὐτοῦ
2782 2484 2882 2563 εἰς
2932 2478 3063 2564 τὰς

654 2614 701 2653 “
737 2606 1028 2709 καρδίας
1083 2607 1303 2754 ὑμῶν,
1337 2605 1615 2751 λκράῷν
1677 2606 1930 2701 Ἀββᾶ
1988 2605 2030 2685 ὃ
2087 2602 2386 2709 πατὴρ,”
2451 2607 2549 2690 ὡς
2617 2604 2814 2708 εἴπερ
2873 2604 3062 2705 ἡμᾶς

312 2745 560 2803 99οΑ.
597 2760 633 2800 ιι
656 2724 1047 2831 ἀμετόχους
1102 2730 1477 2873 ἀπομεῖναι
1530 2725 1807 2829 συνέβη
1856 2733 1987 2806 τοῦ
2025 2724 2469 2824 Πνευματος,
2525 2726 2676 2806 οὐδ’
2716 2723 2810 2807 ἂν
2866 2726 3060 2811 ὅλως

653 2851 730 2929 ἐν
792 2850 962 2950 ἡμῖν
1021 2847 1365 2957 ὑπάρχων
1429 2850 1766 2953 ἐγνώσθη
1827 2848 2038 2948 Θεος,
2102 2883 2219 2930 και
2278 2855 2339 2929 εἶ
2394 2849 2497 2951 μὴ
2563 2848 2649 2930 τὸ
2713 2855 2809 2935 εἷς
2867 2847 3059 2934 viom-
3083 2880 3154 2922 ²0

652 2972 1097 3056 κατατάττον
1148 2973 1749 3075 πεπλουτήκαμεν
1789 2980 2110 3075 Πνεῦμα,
2148 2970 2380 3055 ουδ’
2335 3008 2425 3055 αν
2468 2973 2660 3060 ὅλως
2706 2971 2889 3074 ἦμεν
2924 2975 3058 3055 υἱοὶ

654 3104 867 3181 Θεοῦ.
944 3100 1117 3181 ποία
1161 3101 1399 3182 τοίνυν
1447 3099 1493 3200 ἡ
1547 3098 2005 3207 πρόσληψις,
2048 3095 2097 3199 ἢ
2142 3105 2300 3185 πῶς
2354 3095 2445 3179 ἂν
2498 3097 2601 3179 ἔτι
2653 3099 2849 3183 θείας
2905 3098 3053 3206 φύ-

653 3258 843 3309 σεως
885 3224 1205 3305 κοινωνοὶ
1242 3226 1361 3305 καὶ
1397 3223 1594 3324 ἡμεῖς
1640 3221 2177 3332 ἀπεφάνθημεν,
2214 3228 2274 3303 εἰ
2308 3220 2488 3324 μήτε
2527 3220 2713 3308 Θεὸς
2755 3223 2835 3304 ἐν
2870 3223 3054 3325 ἡμῖν,

651 3347 832 3451 μήτε
894 3349 1088 3450 ἡμεῖς
1158 3349 1351 3455 αὐτῷ
1414 3348 1951 3453 προσκείμενοι,
2014 3346 2131 3428 διὰ
2203 3355 2334 3428 τοῦ
2405 3350 2805 3447 κεκλῆσθαι
2876 3348 3055 3451 πρὸς

649 3473 1040 3573 μετουσίαν
1072 3483 1201 3554 τοῦ
1240 3472 1704 3573 Πνεύματος,
1770 3479 1922 3555 νυνὶ
1960 3472 2034 3553 δὲ
2072 3476 2191 3553 καὶ
2231 3472 2530 3578 μέτοχοι
2573 3475 2691 3552 καὶ
2736 3474 3142 3559 κοινωνοὶίὸ

654 3602 780 3698 τῆς
818 3596 910 3679 τὰ
956 3595 1196 3679 πάντα
1246 3596 1746 3702 ὑπερκειμένης
1796 3598 2070 3698 οὐσίας,
2108 3601 2224 3678 καὶ
2261 3601 2417 3678 ναοὶ
2453 3602 2645 3678 Θεοῦ
2693 3598 3045 3703 χρηματί-

588 3727 634 3792 b
656 3719 886 3825 ζομεν.
988 3718 1168 3826 ὑπὲρ
1223 3721 1369 3827 γὰρ
1415 3728 1562 3803 τῶν
1619 3720 1981 3826 ἡμετέρων
2035 3723 2402 3826 ἁμαρτιῶν
2466 3720 2720 3802 ἑαυτὸν
2776 3721 3052 3825 ἡγίασε,

518 3878 523 3883 ·
655 3844 1027 3930 τουτέστιν
1075 3846 1436 3947 ἀνέθηκεν,
1485 3848 1527 3926 ὁ
1575 3844 2020 3949 Μονογενὴς,
2066 3849 2185 3927 καὶ
2239 3849 2337 3931 ὡς
2393 3853 2587 3945 θῦμα
2642 3845 3045 3951 προσκεκό·

654 4005 858 4073 μικεν
913 3969 1103 4075 ἱερὸν
1155 3976 1255 4056 εἰς
1310 3969 1550 4073 ὀσμὴν
1604 3971 1895 4055 εὐωδίας
1950 3976 2054 4080 τῷ
2109 3975 2278 4078 Θεῷ
2333 3972 2450 4051 καὶ
2506 3974 2776 4075 Πατρὶ,
2836 3971 2925 4052 ἵν’
2980 3973 3053 4053 ἐκ

654 4096 885 4197 μέσου
957 4094 1339 4199 γεγονότος
1429 4103 1559 4176 τοῦ
1649 4092 2081 4200 διείργοντός
2152 4128 2231 4175 τε
2306 4098 2424 4175 καὶ
2494 4093 3055 4199 α’ποτειχίζοντος
3077 4128 3142 4186 3ο

658 4217 914 4326 ὥσπερ
950 4226 1144 4302 Θεοῦ
1196 4219 1329 4319 τὴν
1384 4218 1768 4325 ἀνθρώπου
1827 4218 2076 4327 φύσιν,
2133 4218 2460 4302 τουτέστι
2512 4221 2643 4321 τῆς
2689 4219 3053 4325 ἁμαρτίας,

740 4533 823 4570 ιο.
860 4517 920 4569 τὸ
934 4512 1119 4601 Ἀγιόν
1142 4523 1481 4587 assumptum
1506 4533 1569 4570 ex
1598 4514 1664 4571 E.
2319 4530 2407 4570 20.
2443 4513 2515 4571 εἷς
2538 4522 2880 4586 assumptum
2904 4531 2967 4571 ex
2990 4513 3051 4571 B.

668 4600 752 4653 29.
788 4584 853 4639 ιν’
880 4581 993 4639 Ε.”
970 4606 1050 4639 ινα
1076 4584 1178 4640 Ed.
