3238 5158
154 324 395 375 xv.22.
508 307 625 372 IN
685 308 749 374 S.
798 308 1309 374 JOANNEM.
1400 308 1590 374 LIB.
1639 309 1721 374 X.
1814 310 2020 376 CAP.
2067 311 2164 375 11.
2424 312 2555 376 599

153 470 243 578 ἐξ
289 470 509 576 οὗπέρ
564 477 726 573 εἰμι,
771 472 931 554 οὐδὲ
984 472 1214 576 μόνην
1256 473 1390 575 τὴν
1438 475 1546 556 ἐπ’
1586 475 1919 577 ἀθεότητι
1971 478 2235 583 ψῆφον
2277 476 2552 556 ἀποκο-

153 603 479 695 μιοῦνται
533 598 848 696 δικαίως,
908 596 1111 678 ἀλλὰ
1175 595 1319 702 γὰρ
1375 598 1492 678 καὶ
1546 599 1729 704 αὐτῇ
1782 595 2044 680 λοιπὸν
2097 600 2554 697 ἐπιτιμῶντες

155 719 664 823 εὑρεθήσονται
738 728 830 827 τῇ
892 722 1130 829 σοφίᾳ
1200 730 1329 802 τοῦ
1392 726 1585 802 Θεοῦ
1657 724 1776 802 καὶ
1852 720 2171 826 Πατρός.
2272 726 2332 801 εἰ
2405 718 2553 825 γὰρ

155 843 438 949 ἔπεμψε
482 843 615 944 μὲν
651 843 782 925 τὸν
815 844 995 925 ἴδιον
1031 843 1213 925 Υἰὸν
1250 848 1630 950 ε’γεροῦντα
1666 843 1751 927 τὸ
1788 842 2223 948 ὠλισθηκός,
2265 846 2555 925 ἀνακαι-

93 997 131 1060 5
158 974 418 1050 νοῦντα
460 967 547 1050 τὸ
583 970 1205 1073 συντετριμμένον,
1244 969 1807 1074 κατορθώσοντά
1850 1004 1925 1051 τε
1974 978 2123 1055 τοῖς
2170 971 2246 1051 ἐν
2296 965 2555 1077 κόσμῳ

155 1092 290 1193 τὴν
324 1090 532 1198 ζωὴν,
566 1092 1049 1203 ἀντεξάγουσι
1103 1094 1235 1195 μὲν
1284 1098 1532 1176 ἐκεῖνοι
1582 1099 1703 1176 καὶ
1757 1095 2320 1199 ἀντιπράττουσι
2375 1098 2557 1175 δυσ-

153 1224 398 1311 σεβῶς
453 1225 603 1302 τοῖς
651 1218 1139 1322 διακηρύττειν
1175 1218 1513 1302 ἐθέλουσι
1566 1218 1698 1301 τὸν
1741 1220 1998 1301 τούτου
2051 1216 2546 1322 κατορθωτὴν,

152 1347 310 1425 πῶς
344 1342 429 1422 οὐ
463 1341 634 1422 λίαν
666 1346 984 1446 ἐναργῶς
1019 1340 1447 1445 ἠγνοηκότες
1483 1342 1902 1425 ἁλώσονται
1938 1346 2057 1423 καὶ
2093 1343 2286 1451 αὐτῷ
2322 1339 2552 1448 μαχό-
2575 1363 2621 1430 b

154 1498 356 1563 μενοι
412 1470 516 1573 τῷ
580 1466 961 1573 πέμψαντί
1015 1500 1158 1568 με;
1241 1465 1359 1550 διὰ
1421 1466 1565 1573 γὰρ
1629 1475 1758 1549 τοῦ
1814 1468 2230 1567 πέμπεσθαι
2287 1468 2553 1568 λέγειν,

75 1623 132 1666 to
160 1586 342 1690 ὅλην
414 1589 584 1690 ἡμῖν
656 1595 784 1690 τῆς
858 1588 1043 1689 μετὰ
1113 1589 1388 1695 σαρκὸς
1471 1591 1876 1691 οἰκονομίας
1965 1588 2350 1694 εἰσκομίζει
2420 1586 2556 1689 τὴν

158 1709 508 1812 δήλωσιν·
588 1714 629 1793 ὃ
677 1711 752 1793 δὲ
799 1712 1172 1816 ἠγνοηκὼς
1221 1715 1326 1795 τὶν
1361 1707 1788 1821 πέμψαντα,
1826 1716 1944 1794 καὶ
1982 1711 2175 1794 Θεὸν
2207 1712 2558 1817 ἠγνόηκεν

157 1838 233 1915 ἐν
266 1838 505 1946 ταύτῷ
540 1840 656 1918 καὶ
690 1834 776 1918 τὸ
812 1842 939 1938 τῆς
976 1841 1399 1938 ἀποστολῆς
1435 1838 1753 1943 ἀτιμάζει
1787 1835 2214 1943 μυστήριον.

164 2091 236 2161 Εἰ
288 2095 378 2174 μή
434 2091 637 2164 ἦλθον
691 2097 798 2164 καὶ
851 2099 1143 2166 ἐλάλησα
1196 2096 1437 2180 αὐτοῖο,
1498 2095 1824 2188 ἁμαρτίαν
1881 2099 2002 2165 οὐκ
2063 2092 2350 2187 εἴχοσαν·
2440 2102 2554 2178 νῦν
2584 2125 2660 2167 22

387 2221 461 2289 δὲ
513 2223 847 2313 πρόφασιν
901 2226 1020 2292 οὐκ
1071 2225 1291 2313 ἔχουσι
1341 2224 1494 2315 περὶ
1550 2231 1661 2293 τῆς
1711 2223 2037 2315 ἁμαρτίας
2091 2225 2329 2292 αὐτῶν.

75 2426 133 2487 15
271 2397 470 2500 Διχῇ
519 2393 811 2495 νοητέον
845 2394 932 2477 τὸ
984 2399 1061 2477 ἐκ
1111 2403 1258 2478 τῶν
1299 2396 1781 2500 προκειμένων
1817 2397 2423 2498 ὑποδηλοῦμενον.
2500 2402 2560 2478 εἰ
2583 2440 2622 2486 0

158 2517 299 2624 γὰρ
337 2519 556 2601 οἴοιτό
610 2555 719 2606 τις
775 2519 996 2628 τυχὸν
1050 2521 1232 2627 πρὸς
1268 2518 1649 2624 Ἕλληνάς
1703 2555 1782 2602 τε
1839 2524 1956 2602 καὶ
1988 2522 2376 2608 Ἰουδαίους
2429 2520 2559 2604 τὸν

155 2645 270 2723 ἐπὶ
324 2645 558 2753 τούτῳ
601 2646 936 2748 γενέσθαι
993 2645 1249 2748 λόγον,
1293 2645 1511 2726 ἐκεῖνό
1568 2652 1831 2751 φαμεν,
1871 2649 1967 2730 ὡς
2014 2653 2067 2727 εἰ
2105 2643 2202 2752 μὴ
2240 2644 2559 2749 ἐγεγόνει
2655 2716 2668 2725 ,

157 2765 340 2870 πρὸς
404 2765 731 2854 ἅπαντας
794 2767 959 2856 τοὺς
1033 2769 1245 2854 ὄντας
1309 2772 1427 2851 ἐπὶ
1494 2774 1625 2870 τῆς
1681 2774 1818 2872 γῆς
1888 2768 1974 2850 τὸ
2042 2770 2234 2851 θεῖόν
2298 2804 2375 2851 τε
2440 2771 2561 2850 καὶ

159 2888 489 3042 οὐράνιον
543 2891 897 2997 κήρυγμα,
956 2898 1142 3001 φημὶ
1203 2892 1294 2994 δὴ
1352 2892 1439 2974 τὸ
1499 2892 1990 2996 εὖαγγελικὸν,
2039 2892 2565 2997 παραδεικνύον

77 3054 136 3094 ιο
159 3014 445 3125 εκάστῳ
502 3021 629 3117 τῆς
687 3017 1048 3121 σωτηρίας
1113 3016 1247 3119 τὴν
1310 3015 1499 3114 ὁδον,
1562 3019 1679 3097 καὶ
1754 3015 1847 3098 τὰ
1904 3022 2032 3118 τῆς
2105 3017 2558 3118 δικαιοσύνης

157 3139 336 3244 ἔργα
378 3139 1034 3241 καταλευκαῖνον,’
990 3177 1079 3242 ην
1113 3140 1202 3223 ἂν
1236 3141 1416 3227 ἴσως
1466 3140 1752 3250 ἑκάστω
1788 3138 2012 3244 λόγος
2067 3143 2196 3222 οὐκ
2247 3139 2558 3243 ἀσθενὴς

157 3269 253 3348 εἰς
305 3265 749 3369 παραίτησιν
788 3272 933 3347 τῶν
967 3268 1052 3346 οὐ
1106 3263 1407 3374 σφόδρα
1462 3265 2006 3372 φιλεργούντων
2052 3272 2151 3352 εἰς
2193 3263 2473 3370 ἀρετὴν,
2508 3265 2556 3365 ἡ

155 3394 301 3470 τῶν
362 3388 820 3494 ἀρεσκόντων
878 3394 1044 3498 Θεῷ
1101 3386 1467 3491 παντελὴς
1532 3389 1823 3490 ἀμαθία·
1904 3388 2129 3491 ταύτη
2191 3424 2300 3470 τοι
2359 3423 2547 3492 συγ-
2579 3400 2627 3466 d

156 3511 448 3667 γνώμης
498 3512 882 3620 ἀξιοῦσθαι
927 3521 1398 3618 παρακαλεῖν.
1478 3511 1719 3615 ἐπειδὴ
1776 3511 1852 3595 δὲ
1905 3512 2089 3618 πρὸς
2145 3511 2466 3601 ἅπαντας
2515 3515 2558 3594 ὁ

81 3668 133 3729 ι5
158 3639 284 3736 τῆς
339 3636 788 3740 εἰσηγήσεως
841 3636 1064 3740 λόγος
1116 3638 1515 3739 πεποίηται,
1570 3638 1676 3723 τίς
1719 3636 1814 3719 ἀν
1852 3637 1958 3739 εἴη
2015 3636 2278 3720 λοιπον
2328 3639 2369 3719 ὁ
2428 3641 2558 3738 τῆς

156 3760 658 3864 παραιτήσεως
721 3760 963 3865 λόγος,
1020 3760 1067 3865 ἢ
1130 3762 1361 3847 ποίοις
1424 3797 1514 3842 αν
1576 3761 1936 3869 χρήσαιτό
2001 3797 2111 3848 τις
2167 3762 2352 3868 πρὸς
2427 3797 2558 3843 τον

161 3884 524 3989 Κρίνοντα
558 3882 895 3987 λόγοις,’
856 3889 973 3967 επὶ
1007 3891 1157 3971 τοῖς
1190 3888 1601 3993 αἰσχίστοις
1637 3886 1819 3988 μετὰ
1855 3886 1987 3988 τὴν
2026 3922 2305 3990 γνωσιν
2341 3921 2555 3987 κατη-

156 4007 638 4113 γορούμενος·
616 4069 639 4107 ,
703 4015 763 4089 εἰ
811 4008 887 4090 δε
936 4043 1100 4114 περι
1143 4008 1384 4108 μόνων
1421 4009 1625 4114 λέγοι
1673 4014 1871 4093 τουτὶ
1924 4017 2072 4091 τῶν
2106 4009 2547 4091 Ἰουδαίων
2513 4045 2555 4090 ο

161 4132 448 4237 Κύριος,
503 4132 627 4215 ἅτε
686 4132 775 4234 δὴ
835 4138 952 4214 καὶ
1014 4130 1375 4219 πολλάκις
1434 4134 1998 4239 ἀκροασαμένων
2060 4132 2553 4230 διδάσκοντος,

231 4344 285 4403 7.
319 4329 520 4388 τούτων
541 4347 591 4386 ο..
619 4329 785 4387 Cord.
1100 4347 1182 4388 10.
1220 4331 1471 4403 ἐκκομίζει
1494 4350 1544 4389 a.
1571 4330 1735 4388 Cord-
2045 4348 2130 4389 υ.
2157 4331 2360 4417 ram-3²]
2390 4331 2556 4405 τοῦτφ

160 4400 327 4457 Cord.
433 4400 522 4475 τὸ]
548 4402 674 4457 αὐτὸ
699 4404 761 4458 τὸ
789 4400 930 4458 Catt.
1394 4420 1478 4475 13.
1516 4401 1758 4476 εἴχοσαν]
1785 4399 1839 4459 εἴ
1868 4425 1929 4457 ον
1952 4403 2038 4468 Ε.,
2063 4405 2214 4458 cf.1n
2237 4422 2330 4459 xu.
2357 4401 2556 4491 Proph.

160 4472 361 4527 8121).
402 4472 590 4529 nedcf.
615 4490 982 4546 nupt-⁸3:³90,
1007 4485 1186 4545 3520,
1211 4473 1400 4546 373b.
1562 4490 1646 4546 19.
1684 4496 1756 4530 πα
1883 4472 2153 4530 ικνῦονΕ.
2323 4485 2410 4542 27.
2447 4471 2558 4542 κρί-

161 4541 409 4598 ναηαΕ.
