3238 5158
596 348 730 413 234
1205 348 1285 414 B.
1333 348 1757 414 CYRILLI
1815 346 2398 414 ALEXANDR.
2674 369 2741 413 x.
2774 364 2877 428 14,
2906 356 3013 429 15.

600 512 930 615 ἔγκλημα
996 514 1524 618 χαλεπώτερον.
1629 518 1748 595 καὶ
1806 521 2033 594 ταῦτα
2092 512 2225 613 μὲν
2275 515 2393 595 ἐπὶ
2448 511 2725 595 τούτοις
2782 510 3006 611 ἡμεῖς·

604 637 1026 718 διανοείσθω
1083 638 1170 718 δέ
1214 672 1323 722 τις
1379 635 1471 718 τὰ
1526 638 1947 742 τελεώτερα.

539 764 584 829 d
712 762 1228 864 Ἐπιτηρητεόν
1277 761 1353 841 δὲ
1409 760 1638 865 γεμὴν
1688 760 1884 846 ὅπως
1939 764 2139 842 ἐστὶν
2186 760 2468 864 ἀληθής
2523 797 2600 844 τε
2656 763 2837 860 ὁμοῦ
2891 760 3013 840 καὶ

603 884 954 992 ἀσφαλὴς
1003 888 1044 966 ὃ
1094 885 1338 988 λόγος,
1377 888 1462 965 οὐ
1518 885 1666 990 γὰρ
1718 883 2176 993 διαφορήσας
2222 890 2386 991 περὶ
2441 889 2678 968 αὐτῶν
2727 887 3008 990 ὁρᾶται,

602 1012 774 1091 ἀλλ’
811 1013 885 1090 ἐν
914 1009 1116 1117 τάξει
1165 1015 1256 1117 τῇ
1310 1012 1530 1118 οἰκείᾳ
1583 1013 1699 1091 καὶ
1750 1008 2324 1117 πρεπωδεστᾶτῃ
2370 1018 2518 1091 τῶν
2561 1007 3012 1114 πραγμάτων
3040 1030 3082 1092 5

602 1135 875 1214 ἕκαστα
910 1134 1147 1219 τιθείς.
1215 1136 1300 1213 οὐ
1336 1133 1480 1236 γὰρ
1521 1135 1663 1238 ἔφη
1704 1134 2054 1214 Γινώσκει
2091 1168 2181 1234 με
2218 1133 2309 1214 τὰ
2345 1133 2481 1235 ἐμὰ
2519 1137 2636 1215 καὶ
2671 1133 3012 1236 γινώσκω

603 1258 694 1339 τὰ
746 1259 905 1359 ἐμὰ,
959 1258 1130 1338 ἀλλ’
1190 1258 1443 1339 ἑαυτὸν
1497 1256 1861 1362 ἐγνωκότα
1924 1257 2276 1362 πρότερον
2331 1258 2648 1366 εἰσφέρει
2712 1256 2805 1337 τὰ
2868 1256 3013 1336 ἴδια

556 1384 960 1487 πρόβατα,
1033 1379 1168 1464 εἷθ’
1247 1383 1474 1467 οὕτως
1562 1379 2143 1486 γνωσθήσεσθαί
2227 1389 2417 1486 φησι
2500 1382 2668 1485 παρ’
2743 1380 3005 1461 αὐτῶν.

600 1508 1089 1615 ἐκληφθείσης
1138 1506 1213 1587 δὲ
1268 1511 1395 1606 τῆς
1445 1506 1793 1609 γνώσεως
1837 1508 1951 1586 ἐπὶ
2005 1503 2139 1603 μὲν
2183 1510 2311 1604 τῆς
2364 1505 2723 1606 εἶδήσεως,
2759 1502 3014 1607 ὥσπερ

600 1634 727 1714 οὖν
791 1632 1133 1734 ἐλέγομεν
1196 1633 1272 1709 ἐν
1335 1632 1548 1735 ἀρχῇ,
1603 1627 1921 1710 τοιῶσδέ
1984 1663 2139 1714 πως
2216 1626 2499 1729 νοήσεις
2571 1630 2740 1734 Οὐχ
2812 1630 3015 1728 ἡμεῖς
3047 1660 3127 1700 10

601 1752 820 1836 αὑτὸν
867 1753 1370 1856 ἐπεγνώκαμεν
1415 1758 1713 1855 πρῶτοι,
1752 1751 2027 1855 ἐπέγνω
2080 1751 2155 1832 δὲ
2206 1753 2391 1852 ἡμᾶς
2440 1760 2733 1856 πρῶτον
2767 1749 3009 1837 αὑτός.

544 1906 581 1950 θ
603 1881 721 1961 καὶ
773 1887 953 1982 γοῦν
1004 1879 1044 1956 ὁ
1093 1881 1395 1960 Παῦλος
1443 1884 1601 1962 τοῖς
1654 1878 1744 1985 ἐξ
1792 1879 2019 1957 ἐθνῶν
2064 1876 2528 1958 ἐπιστέλλων
2568 1874 2894 1957 τοιοῦτόν
2943 1910 3017 1956 τι

605 2004 803 2109 φησί
832 2012 876 2049 “
899 2000 1038 2081 Διὸ
1071 2000 1551 2101 μνημονεύετε
1589 2003 1781 2099 ὑμεῖς
1820 1999 1913 2081 τὰ
1947 2000 2118 2102 ἔθνη
2153 2003 2231 2080 ἐν
2265 2004 2484 2106 σαρκὶ
2528 2007 2597 2082 οἱ
2631 2001 3016 2102 λεγόμενοι

604 2137 650 2175 “
685 2126 1134 2231 ἀκροβυστία
1183 2123 1321 2205 ὑπὸ
1374 2128 1504 2223 τῆς
1554 2123 1945 2227 λεγομένης
1980 2129 2362 2228 περιτομῆς
2397 2127 2475 2205 ἐν
2509 2128 2729 2230 σαρκὶ
2763 2158 3011 2233 χειρο-

603 2262 650 2300 “
683 2248 1004 2351 ποιήτου,
1042 2247 1155 2328 ὅτι
1189 2246 1312 2350 ἦτε
1350 2255 1454 2357 τῷ
1494 2254 1717 2357 καιρῷ
1753 2248 1993 2357 ἐκείνῳ
2030 2252 2249 2354 χωρὶς
2285 2254 2620 2354 Χριστοῦ
2662 2252 3004 2349 ἄπηλλο-
3046 2278 3121 2341 15

602 2386 646 2423 ‘⁴
683 2374 1057 2479 τριωμένοι
1112 2376 1242 2474 τῆς
1294 2374 1667 2458 πολιτείας
1721 2381 1851 2453 τοῦ
1884 2372 2196 2477 Ἰσραὴλ
2250 2376 2365 2454 καὶ
2416 2373 2608 2482 ξένοι
2655 2381 2802 2454 τῶν
2849 2377 3005 2453 δια-

606 2508 653 2547 “
687 2504 929 2599 θηκῶν
982 2501 1111 2597 τῆς
1164 2495 1629 2601 ἐπαγγελίας,
1685 2498 1947 2578 ἐλπίδα
2000 2496 2102 2598 μὴ
2158 2496 2441 2604 ἔχοντες
2503 2501 2619 2578 καὶ
2676 2497 2874 2578 ἄθεοι
2936 2501 3016 2578 ἐν

610 2628 792 2730 “τῷ
855 2620 1137 2731 κόσμω·
1229 2656 1378 2702 νυνι
1449 2621 1525 2703 δὲ
1590 2624 1667 2702 ἐν
1727 2626 2037 2729 Χριστῷ
2103 2624 2352 2722 Ἰησοῦ
2424 2628 2491 2704 οἱ
2561 2620 2739 2704 ποτὲ
2810 2620 3016 2706 ὄντες

272 2764 401 2819 655
422 2761 502 2817 A·
550 2776 589 2817 a
612 2758 655 2796 “
688 2747 975 2852 μακρὰν
1011 2746 1394 2850 ἐγενήθητε
1446 2744 1664 2850 ἐγγυς
1716 2747 1794 2826 ἐν
1832 2748 1936 2853 τῷ
1984 2780 2230 2844 αιματι
2285 2754 2413 2826 τοῦ
2449 2747 2850 2851 Χριστοῦ.”
2925 2747 3018 2855 ἐξ

607 2870 1008 2977 ἀμετρήτου
1043 2870 1186 2976 γὰρ
1234 2869 1675 2975 ἡμερότητος
1723 2904 1977 2950 εαυτον
2012 2877 2163 2955 τοῖς
2211 2870 2450 2951 ἔθνεσι
2494 2869 3014 2976 προσαγήοχεν
3042 2908 3122 2951 20

606 2998 647 3076 ὁ
702 2997 1049 3100 Χριστος,
1106 3002 1222 3076 καὶ
1288 3029 1624 3098 προεγνω
1682 3001 1977 3093 μᾶλλον
2036 2993 2081 3096 ἢ
2147 2995 2482 3097 ἐγνώσθη
2545 2994 2715 3099 παρ’
2773 2995 3007 3096 ἡμῶν.

270 3133 434 3247 ἓυξιζ
606 3125 704 3204 εἷς
768 3120 861 3199 δέ
918 3153 1002 3221 γε
1077 3119 1211 3219 τὴν
1274 3116 1677 3218 οἰκειότητα
1751 3120 1869 3198 καὶ
1942 3117 2373 3220 συγγένειαν
2437 3117 2817 3219 νοουμένης·
2879 3123 3013 3220 τῆς

272 3213 386 3326 6Ξ3.
415 3231 431 3254 ’
606 3242 967 3344 γνώσεως,
1031 3241 1259 3335 πάλιν
1326 3241 1548 3323 ἐκεῖνό
1616 3249 1862 3349 φαμεν
1921 3243 2092 3347 Οὐχ
2162 3243 2362 3343 ἡμεῖς
2384 3339 2399 3350 ·
2434 3240 2806 3349 ἠρξάμεθα
2881 3252 3014 3352 τοῦ

603 3362 1049 3467 πράγματος,
1085 3364 1257 3446 ἀλλ’
1297 3367 1339 3445 ὁ
1392 3369 1470 3446 ἐκ
1508 3373 1706 3446 Θεοῦ
1744 3362 1933 3450 Θεὸς
1974 3365 2422 3468 Μονογενής·
2484 3368 2570 3447 οῦ
2620 3366 2764 3471 γὰρ
2809 3366 3016 3466 ἡμεῖς

606 3488 1144 3594 ἐπεδραξάμεθα
1180 3492 1307 3588 τῆς
1347 3488 1525 3591 ὑπὲρ
1566 3490 1799 3596 φύσιν
1836 3487 2190 3590 θεότητος,
2227 3492 2397 3568 ἀλλ’
2440 3487 2652 3575 αὐτὸς
2702 3492 2742 3570 ὁ
2788 3492 3016 3597 φύσει
3044 3521 3124 3583 ²5

273 3602 408 3720 {fh
430 3601 483 3651 ἢ·
610 3610 800 3696 Θεὸς
836 3611 1252 3716 σπέρματος
1277 3609 1628 3715 Ἀβραὰμ
1666 3613 2085 3712 ἐπελάβετο,
2113 3611 2305 3694 καθά
2340 3619 2573 3721 φησιν
2610 3616 2650 3694 ὁ
2688 3619 3015 3715 Παῦλος,

272 3748 353 3797 Ib-
379 3756 456 3810 17·
543 3743 589 3808 b
612 3739 730 3815 καὶ
786 3736 1083 3840 γέγονεν
1136 3734 1536 3840 ἄνθρωπος,
1591 3736 1711 3816 ἵνα
1774 3744 1923 3823 τοῖς
1989 3740 2334 3845 ἀδελφοῖς
2397 3740 2765 3837 ὁμοιωθεὶς
2828 3738 3019 3820 κατὰ

609 3855 868 3958 πάντα,
932 3862 1150 3964 χωρὶς
1222 3855 1594 3965 ἁμαρτίας,
1672 3860 1856 3965 πρὸς
1931 3862 2327 3962 οἰκειότητα
2406 3861 2607 3969 λάβῃ
2679 3860 2809 3943 τὸν
2882 3866 3017 3945 οὐκ

609 3981 867 4088 ἔχοντα
918 3982 1185 4085 ταύτην
1236 3985 1324 4092 ἐξ
1374 3988 1647 4083 ἑαυτοῦ,
1692 3985 2042 4085 τουτέστι,
2087 3984 2216 4072 τὸν
2266 3986 2671 4090 ἄνθρωπον.
2752 3987 3017 4069 οὐκοῦν

269 1998 400 2063 Eph.
425 1998 479 2047 ii.

277 2080 294 2114 1
308 2076 451 2127 1-13.

722 4231 1139 4301 .χαλεπώτερον
1164 4231 1229 4287 Β.
1262 4232 1439 4287 Holst.
1464 4233 1838 4303 χαλεπώτατον
1859 4252 1889 4289 e
1917 4232 2035 4291 Cat.
2064 4232 2218 4288 Harl.
2242 4243 2307 4287 ut
2333 4232 2441 4288 vid.
2468 4232 2760 4301 Aubertus,
2785 4243 2838 4288 et
2862 4233 2938 4289 ita
2961 4253 3013 4291 a.

611 4318 664 4424 a:
688 4245 1240 4443 mma?
1278 4254 1531 4428 25'25123‘}
1557 4382 1622 4428 „t
1644 4304 1925 4430 ma
1938 4305 2094 4359 “⁶¹⁶⁹
2130 4303 2229 4359 H‘·
2264 4303 2397 4430 '³2¹2
2402 4304 2655 4433 “;;-;.,ἐὶὶ
2659 4305 3015 4431 ἒΐε*ὸε.3;

615 4455 763 4531 iffa
737 4441 786 4493 ol
810 4443 1081 4511 λεγόμενοι
1108 4442 1173 4497 Β.
1199 4445 1260 4511 τῇ
1288 4444 1543 4515 λεγομένῃ
1574 4445 1674 4498 Ht.
1697 4444 1799 4499 Ed.
2023 4459 2075 4515 5.
2114 4442 2230 4517 ἥτε]
2264 4452 2324 4511 -Ι-
2355 4446 2410 4501 ἐν
2434 4398 2578 4501 Aelb.
2768 4445 2851 4500 16.
2887 4445 3012 4520 τοῦ]

606 4511 1104 4654 ςιιιτοζρτέἔέξνωΗΒῐ.
1124 4516 1233 4638 τέῗ
1240 4513 1562 4640 ἰὲέῐιιῐὲ.ηάἆγίι
1587 4516 1766 4640 Aub18
1769 4554 1783 4570 .
1822 4513 1950 4587 οἷ]’
1926 4518 2069 4584 υμεῖς
2093 4518 2143 4571 οἱ
2168 4515 2313 4572 Aub.
2390 4517 2605 4572 Desunt
2628 4515 2797 4572 haec
2784 4535 2841 4571 m
2868 4517 3018 4573 Catt.
