3238 5158
180 359 291 402 xv.
323 358 379 403 1.
558 340 673 404 IN
733 341 798 405 S.
848 340 1364 406 JOANNEM.
1457 339 1647 406 LIB.
1695 340 1779 405 X.
1870 338 2074 404 CAP.
2121 337 2217 402 11.
2462 336 2591 400 537

181 504 347 582 οὔτε
394 500 540 604 μὴν
584 503 671 583 τὸ
720 505 961 609 ἕτερον
1003 509 1171 612 δίχα
1212 515 1342 587 τοῦ
1386 509 1569 587 Υἰοῦ
1624 504 1849 607 ἤγουν
1885 512 2012 584 τοῦ
2045 503 2300 604 Ἀγίου
2346 498 2583 580 Πνεύ-

179 661 409 724 ματος
464 628 943 731 κατορθώσειε
1001 629 1086 710 τὸ
1143 633 1317 711 πᾶν·
1403 627 1643 711 πάντα
1697 628 1841 731 γὰρ
1894 626 2093 730 παρὰ
2153 631 2227 705 Π
2231 623 2442 727 ατρὸς
2499 623 2586 702 δι’

180 754 365 830 Υἰοῦ
412 755 488 832 ἐν
526 753 916 853 Πνεύματι,
963 755 1285 856 καθάπερ
1334 753 1732 858 εἰρήκαμεν.
1795 757 2247 850 οἰκονομικῶς
2297 746 2373 828 δὲ
2423 751 2592 830 λίαν

184 878 304 955 καὶ
343 885 469 956 νῦν
505 879 546 956 ὁ
586 876 843 982 Σωτὴρ
879 883 1182 987 γεωργὶν
1220 878 1553 978 ὠνόμασε
1602 878 1732 958 τὸν
1772 876 2087 979 Πατέρα,
2127 877 2243 955 καὶ
2292 875 2402 957 τίς
2449 874 2591 975 ἄρα

107 1021 153 1082 5
186 998 442 1080 τούτου
497 1000 748 1103 γέγονε
807 1003 1203 1111 πρόφασις,
1260 1002 1464 1084 οὐδὲν
1518 1003 1710 1087 ολως
1769 1007 1985 1082 εἰπεῖν
2038 997 2393 1106 χαλεπόν·
2474 999 2591 1079 ἵνα
2675 1105 2682 1110 ,

2044 1127 2062 1151 ,
2119 1126 2136 1151 .
2201 1125 2219 1149 .
2281 1130 2314 1147 ..

184 1253 365 1327 σθαι
421 1250 796 1353 φροντίδα,
845 1250 1297 1354 συνεργάτην
1346 1250 1598 1353 ὥσπερ
1649 1248 2086 1347 εἰσκεκόμικε
2133 1246 2262 1327 τὸν
2299 1245 2592 1350 Πατέρα

184 1370 304 1447 καὶ
361 1368 574 1468 Θεὸν,
628 1370 882 1451 ἑαυτὸν
939 1370 1071 1469 μὲν
1125 1370 1456 1477 ἄμπελον
1511 1371 1729 1452 εἰπὼν
1788 1377 1937 1454 τοῖς
2003 1369 2202 1452 ἰδίοις
2257 1364 2649 1466 κλήμασιῐ)

184 1502 651 1595 χορηγοῦσαν
688 1494 819 1595 τὴν
856 1494 1040 1600 ζωὴν
1076 1530 1194 1577 και
1229 1530 1314 1577 το
1352 1498 1705 1577 δύνασθαι
1748 1498 2253 1599 καρποφορεῖν,
2290 1525 2592 1598 γεωργον

12 1699 13 1702 ,
62 1653 159 1697 10
188 1614 265 1695 δὲ
322 1615 452 1697 τὸν
507 1618 984 1721 γεννήσαντα·
1062 1626 1180 1700 καὶ
1247 1620 1364 1702 δια
1428 1654 1686 1701 τουτου
1742 1621 1988 1715 πάλιν,
2045 1617 2292 1720 ἕτεραν
2343 1612 2592 1717 ὥσπερ

186 1737 348 1820 τινὰ
401 1746 532 1841 τῆς
585 1745 776 1828 θείας
831 1745 1083 1830 ουσίας
1137 1745 1489 1848 ἐνέργειαν
1542 1743 1678 1845 τὴν
1732 1746 1884 1825 κατ’
1936 1743 2326 1848 ἐπίσκεψιν
2381 1773 2589 1819 νοου-

182 1862 404 1964 μένην
455 1870 553 1950 εἰς
602 1867 786 1967 ἡμᾶς
835 1869 1319 1950 ἐπιτελεῖσθαι
1344 1869 1763 1966 ,διδάσκων.
1843 1867 1980 1948 ἔδει
2025 1864 2169 1968 γὰρ
2215 1863 2352 1944 ἔδει
2396 1896 2586 1961 μαν-

183 1985 428 2069 θάνειν
487 1991 695 2090 ἡμᾶς,
762 1996 861 2078 ὡς
919 1995 1003 2074 οὐ
1069 1992 1291 2091 μόνον
1350 1993 1728 2077 κοινωνοὺς
1790 1997 1919 2092 τῆς
1980 1993 2232 2071 ἑαυτοῦ
2300 1987 2593 2095 φύσεως

182 2110 663 2219 ἐξειργάσατο
720 2116 927 2216 Θεὸς,
983 2120 1060 2198 ἐν
1115 2118 1291 2225 ἁγίᾳ
1347 2153 1426 2199 τε
1482 2121 1600 2199 καὶ
1657 2117 2020 2223 ὁμοουσίῳ
2076 2113 2334 2218 Τριάδι
2390 2111 2594 2192 νοού-

61 2263 152 2325 15
182 2268 417 2335 μενος·
502 2238 707 2320 ἀλλά
771 2246 885 2322 καὶ
951 2250 1097 2323 τῶν
1162 2245 1327 2323 καθ’
1390 2244 1576 2343 ἡμᾶς
1640 2238 2170 2346 ἀκριβεστάτην
2236 2237 2315 2319 εὖ
2386 2236 2591 2336 μάλα

181 2368 484 2442 ποιεῖται
549 2362 685 2465 τὴν
748 2366 1158 2473 ἐπίσκεψιν,
1225 2370 1322 2453 ὦς
1385 2370 1460 2447 ἐν
1517 2363 1765 2475 τρόπῳ
1829 2365 2182 2468 γεωργίας
2243 2375 2586 2465 παραλη-

182 2490 501 2593 φθεῖσαν
561 2494 657 2573 εἰς
727 2487 813 2570 τὸ
873 2490 1110 2594 παρὸν
1165 2493 1580 2576 ἀκολούθως
1644 2525 1723 2571 τε
1782 2493 1899 2571 καὶ
1958 2487 2257 2597 σφόδρα
2316 2492 2583 2570 καλῶς.
2614 2521 2650 2563 e

178 2615 840 2718 προωνομασμένης
885 2614 1031 2718 γὰρ
1078 2617 1406 2715 ἀμπέλου
1451 2619 1568 2697 καὶ
1602 2622 1750 2697 τῶν
1782 2616 1872 2722 ἐξ
1901 2615 2119 2713 αὐτῆς
2161 2612 2584 2713 κλημάτων,

181 2738 339 2818 πῶς
389 2737 473 2814 οὐ
528 2740 697 2818 λίαν
743 2743 821 2818 ἐν
864 2740 1143 2825 τούτοις
1194 2739 1765 2844 πρεπωδεστάτη
1819 2746 1948 2820 τοῦ
2004 2744 2492 2841 γεωργοῦντος
2546 2735 2592 2836 ἦ

61 2893 159 2937 20
185 2856 532 2958 δήλωσις,
569 2858 699 2941 τὸν
733 2864 1057 2965 ε’πόπτην
1093 2872 1239 2945 τῶν
1276 2865 1474 2945 ὅλων
1506 2868 1623 2944 καὶ
1658 2861 2091 2965 ἐπιμελητὴν
2124 2861 2590 2968 εἰσφέρουσα,

180 2982 515 3064 τουτέστι
564 2983 810 3084 Θεόν;
881 2994 940 3067 εἰ
995 2987 1070 3068 δὲ
1124 2987 1722 3088 πεπιστεύκαμεν,
1771 2988 1881 3068 ὅτι
1928 2993 2256 3095 φυσικῶς
2296 2986 2430 3086 μὲν
2473 2988 2593 3067 καὶ

180 3106 478 3207 ἀληθῶς
512 3111 717 3189 ἐστιν
753 3111 794 3189 ὁ
832 3111 1009 3196 Υἱὸς
1043 3114 1121 3193 ἐν
1156 3118 1261 3221 τῷ
1298 3113 1452 3221 ἰδίῳ
1492 3116 1754 3217 Πατρὶ,
1789 3113 1931 3219 ἔχει
1969 3111 2044 3192 δὲ
2079 3114 2156 3191 ἐν
2190 3111 2333 3217 ἰδίᾳ
2369 3109 2591 3216 φύσει

177 3229 309 3310 τὸν
362 3231 835 3335 γεννήσαντα,
889 3238 1010 3316 καὶ
1062 3236 1301 3318 πάντα
1356 3236 1446 3317 δι’
1492 3241 1767 3343 ἀμφοῖν
1824 3239 1900 3316 ἐν
1939 3241 2013 3315 Π
2016 3234 2305 3333 νεύματι
2360 3237 2458 3318 ὡς
2512 3236 2591 3314 ἐκ

176 3362 346 3455 μιᾶς
397 3358 734 3460 θεότητος
785 3359 1450 3462 ἐπιτελεσθήσεται,
1488 3365 1607 3441 καὶ
1644 3362 1804 3441 οὔτε
1842 3368 1970 3440 τοῦ
2004 3359 2367 3467 τρέφειν
2326 3364 2512 3459 ημᾶς
2549 3359 2590 3437 ὁ

60 3495 149 3558 ²5
183 3480 443 3585 Πατὴρ
491 3482 634 3589 ἔξω
683 3485 1022 3575 κείσεται,
1064 3487 1183 3565 καὶ
1232 3489 1360 3584 τῆς
1411 3487 1523 3590 ἐφ’
1563 3486 1733 3586 ἡμῖν
1768 3485 2123 3589 γεωργίας
2170 3484 2296 3564 οὐκ
2346 3481 2579 3563 ἀλλό·
2613 3498 2658 3564 d

176 3640 374 3707 τριος
409 3609 450 3687 ὁ
485 3607 664 3692 Υἱὸς
699 3616 956 3707 νοοῖτο,
995 3611 1112 3690 καὶ
1152 3607 1460 3694 εἰκότως·
1520 3609 1706 3691 ὅπου
1737 3607 1882 3714 γὰρ
1917 3609 2211 3715 φύσεως
2244 3605 2591 3708 ταυτότης
2681 3688 2690 3695 ,

177 3732 256 3809 ἐν
304 3733 898 3834 ἀπαραλλάκτοις
954 3735 1210 3836 ὁρᾶται
1264 3732 1541 3837 λόγοις,
1583 3736 1731 3814 ἐκεῖ
1774 3733 1861 3815 τὸ
1916 3738 2041 3833 τῆς
2097 3733 2446 3837 ἐνεργείας
2504 3734 2591 3813 οὐ

176 3854 721 3954 μεμερισμένον,
786 3855 924 3937 κᾶν
985 3859 1330 3941 ποικίλως
1400 3891 1476 3938 τε
1539 3860 1660 3938 καὶ
1724 3855 2088 3964 διαφόρως
2145 3858 2590 3962 ἐνεργεῖσθαι

176 3975 403 4081 τυχὸν
440 3976 673 4058 νοοῖτό
711 4014 869 4062 τινι.
937 3986 1105 4080 μιᾶς
1142 3979 1217 4062 δὲ
1256 3981 1529 4080 οὐσίας,
1567 3980 1921 4079 τουτέστι,
1954 3985 2083 4081 τῆς
2118 3983 2435 4079 ἀληθοῦς
2471 3983 2589 4060 καὶ

61 4134 151 4192 30
176 4098 363 4181 Κατὰ
408 4099 639 4207 φύσιν
677 4102 1010 4204 θεότητος
1060 4107 1137 4185 ἐν
1171 4109 1410 4208 τρισὶν
1445 4105 1909 4186 ὑποστάσεσι
1957 4103 2360 4204 νοουμένης,
2399 4103 2475 4183 ἕν
2509 4139 2587 4184 τε

173 4228 281 4331 τῷ
317 4224 569 4328 Πατρί
598 4233 787 4331 φημι
824 4230 941 4306 καὶ
977 4232 1079 4335 τῷ
1114 4233 1271 4337 Υἰῷ
1308 4231 1423 4309 καὶ
1470 4235 1576 4338 τῷ
1609 4231 1844 4338 Ἀγίῳ
1883 4228 2272 4329 Πνεύματι,
2309 4234 2465 4312 πῶς
2502 4230 2588 4308 οὐ

248 4450 303 4509 5.
338 4435 528 4492 τούτου
550 4437 735 4510 γέγονε
759 4437 865 4493 hoc
890 4437 1074 4495 ordine
1101 4439 1164 4495 E.
1604 4456 1689 4495 10.
1725 4440 1839 4496 τινὰ
1862 4440 2082 4512 ὥσπερ
2068 4457 2282 4495 ιονεηο
2307 4438 2494 4494 ordine
2520 4438 2586 4494 Ε.

178 4524 267 4564 2ο.
302 4508 396 4564 τὸν
418 4524 520 4579 pro
543 4514 647 4564 τῶν
671 4508 736 4564 E.
1012 4526 1098 4583 23.
1135 4510 1220 4566 καὶ
1243 4519 1582 4583 mumptum
1608 4528 1675 4566 ex
1703 4511 1768 4568 E.
2046 4527 2130 4582 29.
2166 4511 2284 4567 τινί.
2333 4512 2453 4580 μιᾶς
2475 4527 2585 4563 om.

177 4579 379 4649 (spatio
408 4594 475 4633 12
498 4578 610 4635 fere
632 4580 738 4635 litt.
762 4579 971 4650 relicto)
998 4580 1065 4636 E.

264 4678 411 4725 vot..
444 4680 522 4726 11.
1329 4684 1434 4751 32
