3238 5158
176 355 304 422 viii.
328 377 431 445 30.
549 356 659 423 IN
702 358 792 466 ·S.
840 358 1353 425 JOANNEM.
1447 358 1639 425 LIB.
1671 360 1756 424 V.
1846 358 2052 425 CAP.
2084 358 2166 425 V.
2475 358 2557 421 55

170 530 453 623 μᾶλλον
495 534 641 614 τοῖς
693 528 1107 631 λεγομένοις
1158 528 1784 634 προσβάλλοντες,
1829 529 1944 610 ἐπὶ
1999 524 2128 608 τὸν
2181 523 2421 606 κοινὸν
2472 521 2560 623 δὴ

169 658 412 730 τοῦτον
446 653 564 732 καὶ
613 652 997 758 πρόχειρον
1034 660 1181 739 τοῖς
1229 661 1539 738 πολλοῖς
1587 650 1914 756 ἐβάδιζον
1952 661 2145 733 νοῦν·
2206 646 2436 758 ᾤοντο
2485 647 2561 729 δὲ

167 772 398 875 λέγειν
434 773 653 857 αὐτὸν
689 775 799 857 ὅτι
830 780 976 858 Καὶ
1012 776 1269 875 λαβὼν
1304 775 1505 883 παρὰ
1533 784 1725 858 Θεοῦ
1761 776 1846 858 τὸ
1884 776 2237 857 δύνασθαι
2273 780 2552 874 θαυμα-

166 906 460 1002 τουργῶ,
500 904 617 981 καὶ
668 900 778 983 ὅτι
831 904 985 1001 μετ’
1032 905 1207 1003 ἐμοῦ
1257 906 1481 1003 ἐστιν,
1518 903 1806 1005 ἐπείπερ
1841 911 1885 949 “
1911 903 2106 1009 αὐτῷ
2147 898 2241 981 τὰ
2285 897 2560 1003 ἀρεστὰ

109 1041 141 1101 5
168 1033 207 1069 “
238 1031 421 1104 ποιῶ
467 1024 853 1106 πάντοτε.”

268 1153 831 1256 Συμφρονοῦσιν
884 1151 1012 1231 οὖν
1066 1150 1208 1254 ἄρα
1259 1157 1407 1237 τοῖς
1461 1151 1783 1237 ἀνοσίοις
1833 1151 2202 1234 Ἰουδαίοις
2264 1153 2330 1229 οἶ
2387 1149 2561 1231 ἐποί-

160 1304 356 1374 ρατοι
392 1278 525 1374 τῆς
563 1274 904 1376 ἀληθείας
940 1279 1182 1381 ἐχθροὶ
1221 1278 1358 1374 καὶ,
1396 1284 1547 1362 τοῖς
1582 1281 1712 1376 τῆς
1747 1277 2115 1373 εὐσεβείας
2159 1272 2555 1378 ἀντιπράτ-

161 1431 393 1483 τοντες
468 1398 816 1502 δόγμασι,
888 1400 1110 1505 μικρὰ
1181 1405 1346 1504 περὶ
1428 1410 1556 1482 τοῦ
1635 1401 1908 1505 Κυρίου
1990 1405 2563 1506 φιλονεικοῦντες

159 1524 646 1623 βουλεύονται,
711 1528 828 1605 καὶ
890 1524 984 1604 τὰ
1046 1531 1503 1625 οἰκονομικῶς
1568 1559 1649 1604 τε
1716 1526 1834 1605 καὶ
1898 1530 2140 1608 καλῶς
2203 1520 2556 1625 εἰρημένα,
2583 1530 2629 1596 d

71 1678 138 1718 10
159 1645 333 1750 πρὸς
380 1650 807 1753 καθαίρεσιν
852 1653 982 1749 τῆς
1032 1648 1336 1749 ἐνούσης
1391 1650 1586 1757 αὐτῷ
1643 1648 1861 1756 δόξης
1914 1682 1994 1729 τε
2050 1649 2169 1728 καὶ
2227 1645 2560 1754 ἐξουσίας

162 1771 611 1876 ἁρπάᾷντες,
663 1774 747 1855 τὸ
820 1777 948 1873 τῆς
1020 1775 1360 1870 ἀληθείας
1422 1772 2015 1877 παρακλέπτουσι
2081 1770 2376 1862 κάλλος.
2475 1770 2561 1850 οὐ

160 1892 294 2000 γὰρ
342 1897 860 1999 διαμέμνηνται
910 1896 1094 1978 κατὰ
1142 1894 1226 1978 τὸ
1278 1896 1462 1983 εἰκὸς
1514 1896 1822 1977 Παύλου
1869 1895 1998 1995 μὲν
2044 1896 2411 1998 λέγοντος,
2449 1894 2559 1975 ὅτι

161 2017 293 2124 χρὴ
330 2021 742 2126 λογισμοὺς
779 2028 1138 2127 καθαιρεῖν
1160 2032 1205 2070 “
1226 2025 1343 2103 καὶ
1378 2029 1526 2103 πᾶν
1564 2025 1841 2127 ὕψωμα
1875 2020 2338 2126 ἐπαιρόμενον
2372 2018 2558 2101 κατὰ
2647 2011 2806 2141 ἔῦοῗ·
2826 2027 2879 2062 ¹·

165 2154 206 2191 “
237 2151 361 2246 τῆς
408 2145 759 2251 γνώσεως
806 2155 935 2227 τοῦ
975 2153 1187 2246 Θεοῦ,
1227 2147 1776 2252 αἶχμαλωτίζειν
1813 2181 1888 2227 τε
1938 2153 2087 2228 πᾶν
2123 2143 2355 2246 νόημα
2406 2143 2552 2229 εἶς”

79 2287 142 2348 ¹5
163 2269 479 2373 Χριστὸν
534 2275 654 2352 καὶ
709 2278 806 2357 εὶς
860 2270 993 2371 τὴν
1042 2270 1365 2371 ὑπακοὴν
1413 2272 1662 2351 αὐτοῦ·
1738 2269 2142 2373 ἠγνοήκασι
2197 2269 2274 2349 δὲ
2329 2269 2559 2352 πάλιν

2649 888 2815 953 Supra

2646 970 2750 1006 ver.
2783 968 2861 1022 ²9·

163 2391 241 2474 τὸ
306 2400 467 2500 περὶ
542 2402 691 2476 τῶν
764 2397 973 2476 θείων
1044 2393 1409 2499 εἰρημένον
1471 2395 1742 2498 λογίων
1817 2396 1902 2475 δι’
1971 2392 2128 2480 ἑνός
2195 2428 2337 2475 που
2411 2398 2559 2474 τῶν

164 2527 557 2629 προφητῶν
593 2532 637 2569 “
662 2522 797 2606 Τίς
832 2518 1075 2628 σοφὸς
1124 2522 1243 2600 καὶ
1290 2518 1598 2621 συνήσει
1647 2526 1871 2600 ταῦτα
1901 2553 1924 2618 ;
1989 2517 2035 2622 ἢ
2088 2516 2388 2604 συνετὸς
2439 2520 2556 2598 καὶ
2646 2519 2890 2655 {fenim

166 2654 205 2690 ‘⁴
238 2648 712 2751 ἐπιγνώσεται
767 2654 995 2726 ταῦτα
1023 2646 1086 2742 ;”
1152 2650 1211 2725 εἰ
1267 2642 1368 2744 μὴ
1426 2641 1566 2749 γάρ
1626 2679 1733 2729 τις
1791 2646 2029 2728 αὐτοῖς
2081 2643 2331 2743 πολλὴ
2388 2644 2558 2724 λίαν
2581 2674 2619 2719 e

165 2771 589 2876 ἐπεπόλαζεν
639 2769 982 2877 ἀσάφεια,
1035 2772 1150 2850 καὶ
1209 2769 1404 2864 βαθύ
1458 2804 1527 2850 τι
1584 2771 1702 2849 καὶ
1756 2768 2128 2849 σκοτεινὸν
2176 2767 2559 2874 ἐπενήχετο

82 2915 146 2956 20
168 2893 516 2996 κάλυμμα,
561 2895 669 2981 τίς
720 2896 762 2996 ἡ
811 2893 1016 3000 χρεία
1063 2902 1191 2973 τοῦ
1247 2893 1610 2997 ζητεῖσθαι
1661 2891 1904 3000 σοφὸν
1950 2896 2067 2972 καὶ
2117 2890 2442 2991 συνετὸν,
2482 2890 2560 2976 ὃς

166 3015 247 3097 ἂν
280 3022 500 3125 εὑρεῖν
541 3020 831 3101 δύναιτο
867 3017 1003 3120 τὴν
1038 3018 1310 3098 τούτων
1348 3019 1789 3120 ἐπίγνωσιν;

264 3142 507 3226 Ἀλλὰ
584 3145 857 3225 τούτων
932 3141 1065 3242 μὲν
1137 3141 1302 3227 ἅλις
1372 3141 1557 3246 πρὸς
1626 3139 1711 3221 τὸ
1783 3138 2039 3246 παρὸν,
2112 3142 2408 3245 ἐροῦμεν
2481 3137 2562 3219 δὲ

167 3272 437 3365 μᾶλλον
491 3267 644 3350 ἀπὸ
699 3275 846 3349 τῶν
898 3266 1379 3372 προκειμένων
1436 3264 1724 3351 ἑλόντες
1786 3301 1853 3346 τι
1919 3263 2306 3372 χρήσιμον.
2401 3266 2555 3346 ἐπί-

171 3426 387 3472 στευον
460 3393 562 3476 τὰ
634 3403 926 3473 τοιαῦτα
998 3392 1290 3494 λέγοντι
1364 3398 1467 3500 τῷ
1541 3397 1869 3501 Χριστῷ,
1946 3390 2132 3471 καθά
2211 3396 2444 3497 φησιν
2518 3391 2561 3470 ὁ

90 3530 150 3589 ²5
172 3517 731 3619 Εὐαγγελιστὴς,
769 3519 852 3597 οὐ
901 3516 1184 3616 πάντες,
1234 3516 1438 3596 ἀλλὰ
1494 3519 1775 3597 πολλοί·
1838 3515 2038 3596 ἀλλὰ
2090 3515 2315 3595 καίτοι
2370 3511 2560 3598 Θεὸς·

172 3639 494 3747 ὑπάρχων
564 3639 927 3743 ἀληθινὸς,
994 3645 1114 3721 καὶ
1186 3639 1387 3722 οὐδὲν
1451 3641 1636 3747 ἔχων
1701 3643 1775 3722 ἐν
1843 3643 2279 3747 ὀφθαλμοῖς,
2351 3637 2391 3719 ὃ
2454 3636 2556 3740 μὴ
2649 3635 2786 3764 ffb·
2805 3636 2874 3687 iv.

172 3764 434 3851 πάντως
495 3770 661 3847 ἐστὶ
718 3765 1014 3869 γυμνὸν,
1070 3766 1270 3850 εἰδώς
1328 3799 1409 3846 τε
1470 3768 1587 3845 καὶ
1651 3765 1819 3845 λίαν
1873 3768 2208 3870 ἀκριβῶς,
2267 3768 2362 3849 ὡς
2424 3765 2559 3870 οὐχ
2582 3797 2619 3837 a
2662 3784 2791 3839 533
2813 3782 2893 3837 Δ.

174 3884 469 3978 ἅπαντας
505 3889 827 3994 ἁρπάσει
862 3886 1044 3994 πρὸς
1083 3890 1493 3988 εὐπείθειαν,
1533 3888 1954 3993 διεκαρτέρει
2004 3885 2319 3993 μακροὺς
2373 3892 2550 3967 ἀνα·

175 4011 430 4095 λίσκων
473 4016 744 4119 λόγους
789 4022 939 4099 τοῖς
986 4021 1422 4118 προσιοῦσιν
1472 4014 1688 4121 αὐτῷ,
1725 4011 2134 4093 κάλλιστον
2171 4014 2338 4113 ἡμῖν
2377 4015 2554 4092 ὑπο-

238 4279 283 4318 2.
316 4265 551 4349 ἐβεξδιζον
574 4266 871 4323 emendavi.
894 4251 1100 4336 βαδιξέἷ
1127 4267 1191 4322 Β.
1215 4263 1416 4336 βαδίζει
1441 4264 1546 4321 Ed.
1845 4267 1897 4321 6.
1935 4264 2026 4322 οὖν
2050 4274 2391 4336 assumptum
2416 4284 2481 4319 ex
2510 4265 2558 4320 B

178 4348 531 4409 suprascnpto.
704 4355 788 4393 11.
824 4338 1252 4409 παρακλέπτουσι
1282 4339 1346 4394 Β.
1370 4335 1779 4409 παραβλέπουσι
1806 4337 1987 4393 Holst.
2016 4337 2121 4392 Ed.
2296 4337 2380 4391 16.
2419 4336 2559 4407 εῑρη-

177 4402 309 4469 μένον
330 4409 630 4465 emendavit
657 4408 802 4464 Aub.
828 4427 942 4480 mg.
969 4408 1245 4479 εἰρημένων
1270 4408 1336 4463 Β.
1629 4478 1641 4489 .
1707 4408 1790 4463 18.
1826 4431 1905 4465 τις
1930 4409 2143 4480 conjicit
2170 4407 2354 4479 Heyee
2377 4426 2442 4461 ex
2505 4410 2560 4464 “s-

180 4480 515 4550 suprascripto
552 4480 621 4535 Β.
720 4479 873 4534 Nihil
912 4479 1112 4536 habent
1151 4480 1253 4535 Ht.
1290 4479 1395 4534 Ed.
1507 4478 1700 4534 Statlm
1738 4480 1911 4537 αὐτοῖς
1952 4479 2016 4536 Β.
2058 4479 2156 4535 Ht.
2192 4478 2378 4534 αὐτοὺς
2413 4430 2560 4533 Aa.

180 4558 281 4672 113Ῑὰ
280 4548 428 4676 greg]
469 4572 555 4641 ετρ
582 4551 651 4607 Β.
674 4550 794 4678 Ht.t
810 4550 1019 4676 {iligna
1045 4551 1324 4623 ἐπενόχετο
1350 4550 1475 4623 (Ht.
1503 4550 1594 4605 vix
1617 4550 1826 4622 legens)
1851 4549 1996 4605 Aub.
2145 4565 2233 4606 20.
2271 4549 2411 4604 τισὶν
2434 4570 2465 4616 η
2494 4548 2560 4603 Β.

328 4641 358 4674 τ
457 4644 486 4677 ν
509 4645 540 4691 η
564 4638 770 4693 eonJem
880 4639 1022 4694 eyse.
