3238 5158
593 309 727 377 470
1206 315 1285 380 B.
1334 313 1760 380 CYRILLI
1818 313 2399 379 ALEXANDR.
2756 305 3052 376 xiv.18.

599 474 1088 582 ἀξιοζήλωτον
1123 481 1446 562 ἐντεῦθεν
1482 477 1873 585 αποκομιζ
1833 515 2072 582 μενοι
2105 478 2191 560 τὸ
2230 478 2466 584 γέρας.
2541 475 2844 581 ἀγιάσει
2882 473 3053 577 γὰρ
3214 515 3215 608 1

603 600 881 702 αὐτοῦς,
937 607 1055 685 καὶ
1115 604 1411 687 πάντων
1467 606 1651 705 ὁμοῦ
1713 611 1860 686 τῶν
1916 606 2213 708 ἀγαθῶν
2267 599 2773 686 ἀποτελεστάς
2841 602 3051 680 ἀπο-
3214 611 3215 626 ’

605 725 837 833 δείξει,
895 730 1013 809 καὶ
1087 726 1174 809 τὸ
1235 727 1365 830 μὲν
1430 734 1560 829 τῆς
1630 732 2288 833 ἀνθρωποπρεποῦς
2352 727 2681 812 δουλείας
2755 721 3049 829 αἶσχος

606 852 823 955 ἀφιεΐ,
858 858 963 960 τῷ
999 851 1076 933 δὲ
1112 857 1240 954 τῆς
1287 855 1650 939 υἱοθεσίας
1701 852 2055 960 ἀξιώματι
2104 859 2506 956 περιβαλεῖ-
2586 853 2705 930 Καὶ
2742 882 3046 950 μαρτυ-
3216 923 3217 964 3

271 986 519 1042 Gamvss.
605 973 816 1078 ρήσει
874 976 1112 1081 λέγων
1168 980 1209 1058 5
1271 983 1571 1062 Παῦλος
1629 989 1673 1027 “
1696 976 1877 1059 “On
1933 977 2019 1058 δέ
2066 979 2232 1058 ἐστε
2293 980 2455 1079 υἱοὶ,
2501 974 3045 1081 ἐξαπέστειλεν
3068 995 3109 1053 5

608 1110 653 1147 “
690 1101 731 1179 5
769 1098 954 1186 Θεὸς
1002 1101 1087 1182 τὸ
1139 1111 1424 1202 πνεῦμα
1475 1112 1604 1182 τοῦ
1641 1106 1825 1183 Υἰοῦ
1873 1104 2090 1182 αὐτοῦ
2143 1106 2243 1186 εἰς
2290 1099 2422 1184 τὰς
2457 1099 2755 1203 καρδίας
2799 1100 3042 1198 ὑμῶν,

611 1234 657 1272 “
692 1223 953 1330 κρᾶζον
986 1228 1241 1323 Ἀββᾶ
1277 1227 1317 1305 ὃ
1352 1224 1669 1330 πατήρ·”
3218 1331 3219 1416 Ν

544 1338 589 1405 d

514 1456 589 1513 ¹8
889 1477 1027 1545 Οὐκ
1076 1478 1322 1567 ἀφήσω
1375 1477 1543 1556 ὑμᾶς
1596 1477 1956 1568 ὀρφανοὺς,
2005 1476 2281 1568 ἔρχομαι
2334 1475 2500 1564 πρὸς
2553 1474 2745 1551 ὑμᾶς.

724 1639 1174 1744 Ἀναγκαιως
1228 1647 1346 1723 καὶ
1403 1650 1530 1723 νῦν
1573 1643 1613 1722 5
1675 1640 1941 1745 Κύριος
1999 1642 2202 1742 ἡμῶν
2244 1640 2536 1741 Ἰησοῦς
2592 1641 2633 1718 5
2689 1639 3045 1742 Χριστὸς

612 1764 743 1847 τὸν
798 1770 962 1870 περὶ
1024 1771 1154 1867 τῆς
1218 1767 1428 1870 ἁγίας
1491 1801 1568 1847 τε
1639 1769 1752 1846 καὶ
1817 1766 2209 1866 ὁμοουσίου
2273 1763 2584 1868 Τριάδος
2649 1763 3042 1869 ἐξυφαίνει
3072 1793 3139 1834 10

611 1890 861 1994 λόγον.
936 1891 1201 1996 δέδειχε
1238 1890 1369 1991 μὲν
1407 1889 1552 1995 γὰρ
1589 1890 1727 1991 ἤδη
1777 1890 2150 1994 πρότερον,
2185 1891 2530 1993 παραθεὶς
2579 1893 2679 1971 εἰς
2726 1898 3035 1990 πληρο·

617 2016 879 2123 φορίαν
932 2013 1199 2117 λόγους
1251 2050 1328 2096 τε
1384 2018 1501 2095 καὶ
1556 2014 1957 2119 πράγματα
2004 2022 2154 2100 τοῖς
2204 2017 2591 2117 ἀγαπῶσιν
2637 2009 2886 2111 αὐτὸν,
2922 2047 3039 2093 οτι

616 2173 694 2220 τε
748 2140 865 2219 καὶ
921 2137 1230 2244 ὑπάρχοι
1285 2139 1469 2220 κατὰ
1524 2139 1755 2247 φύσιν
1793 2137 2001 2237 Θεὸς,
2049 2143 2165 2219 καὶ
2220 2142 2298 2219 ἐκ
2356 2143 2549 2218 Θεοῦ
2601 2137 3039 2241 γεγέννηται

558 2281 595 2325 0
621 2261 933 2364 Πατρὸς,
969 2263 1352 2365 ἰσοσθενής
1405 2298 1483 2345 τε
1537 2267 1698 2345 ἐστὶ
1752 2269 1869 2343 καὶ
1925 2262 2356 2367 ἰσογνῶμων
2406 2264 2620 2372 αὐτῷ.
2702 2260 2828 2341 διὰ
2885 2261 3037 2410 γὰρ

285 2376 497 2489 ῗξξῖῗῗο,
618 2395 833 2468 τοῦτο
869 2421 987 2467 και
1021 2386 1306 2497 ἔφασκέ
1331 2423 1505 2470 ποτε
1539 2387 1692 2489 μὲν,
1716 2387 1823 2469 ὅτι
1852 2399 1898 2437 “
1919 2388 2062 2492 ἐγὼ
2100 2423 2141 2468 ο
2181 2395 2417 2480 λαλῶ,
2443 2385 2566 2468 ἀπ’
2596 2388 2913 2486 ἐμαυτοῦ
2950 2387 3037 2466 οὐ
3064 2411 3129 2469 ¹5

286 2514 531 2646 {¹533
624 2522 669 2562 “
704 2514 978 2613 λαλῶ,’
1016 2513 1193 2595 ποτὲ
1229 2513 1304 2595 δε
1339 2511 1565 2596 πάλιν
1602 2524 1648 2561 “
1678 2519 1771 2595 Εἰ
1814 2515 1897 2595 οὐ
1943 2520 2128 2597 ποιῶ
2183 2512 2276 2595 τὰ
2331 2513 2508 2618 ἔργα
2561 2519 2689 2594 τοῦ
2732 2511 3039 2616 Πατρός

626 2648 867 2739 “μου,
902 2634 1003 2739 μὴ
1038 2639 1420 2721 πιστεύετέ
1443 2666 1592 2740 μοι·
1655 2645 1713 2720 εἰ
1751 2638 1828 2719 δὲ
1865 2645 2070 2736 ποιῶ,
2108 2636 2244 2718 κάν
2282 2641 2436 2739 ἐμοὶ
2473 2636 2575 2739 μὴ
2612 2637 3034 2736 πιστεύητε,

627 2773 672 2812 “
705 2770 855 2848 τοῖς
891 2763 1124 2868 ἔργοις
1160 2799 1300 2862 μου
1334 2761 1759 2845 πιστεύετε]
1762 2765 1993 2843 ’ἀλλ’
2023 2761 2115 2862 ἧν
2144 2767 2258 2844 ἐπὶ
2295 2763 2572 2847 τούτοις
2608 2762 2692 2842 οὐ
2728 2760 3039 2865 μετρίως

627 2889 1019 2990 ἀναγκαῖον
1062 2887 1148 2967 τὸ
1197 2890 1315 2967 καὶ
1372 2887 1480 2967 ἐπ’
1522 2888 1716 2995 αὐτῷ
1770 2892 1874 2996 τῶ
1918 2888 2151 2995 Ἀγίῳ
2203 2887 2570 2985 Πνεύματι
2624 2883 2759 2985 τὴν
2799 2886 3040 2987 ὀρθῶς

627 3044 707 3089 τε
757 3013 875 3091 καὶ
922 3009 1384 3114 ἀνεγκλήτως
1433 3011 1749 3115 ἔχουσαν
1796 3010 2134 3116 δέχεσθαι
2182 3007 2431 3118 δόξαν.
2511 3013 2697 3092 οὕτω
2746 3008 2901 3113 γὰρ
2948 3008 3040 3110 ἦν
3062 3041 3128 3081 ²0

629 3132 1048 3239 ὁλοκλήρως
1084 3142 1179 3220 εἰς
1215 3134 1573 3240 ὀρθότητα
1606 3135 1921 3221 πίστεως
1962 3134 2090 3216 τὸν
2125 3141 2274 3215 τῶν
2309 3133 2775 3239 ἀκροωμένων
2813 3139 3036 3215 ἀπευ-

629 3257 975 3340 θύνεσθαι
1030 3269 1223 3342 νοῦν.
1303 3260 1380 3343 τί
1427 3262 1669 3341 τοίνυν
1705 3260 1891 3360 ἡμᾶς
1946 3258 2063 3341 διὰ
2110 3265 2256 3341 τῶν
2298 3258 2779 3361 προκειμένων
2824 3258 3035 3339 διδά·

297 3398 419 3454 812
439 3396 521 3455 Δ·
568 3411 604 3453 a
628 3416 789 3463 σκει
831 3385 1178 3487 Χριστὸς,
1216 3388 1313 3471 ὡς
1367 3387 1444 3466 ἐν
1494 3386 1769 3487 ὀλίγοις
1823 3382 2243 3485 ἐκθήσομαι.
2318 3383 2560 3487 ἕτερον
2612 3384 2782 3483 ἡμῖν
2836 3384 3040 3486 παρὰ

627 3515 759 3588 τοῦ
815 3513 1010 3590 Θεοῦ
1064 3513 1183 3591 καὶ
1240 3508 1533 3611 Πατρὸς
1595 3506 2172 3616 πεμφθήσεσθαι
2236 3508 2497 3611 λέγων,
2553 3507 3039 3613 ἀσφαλίζεται

627 3631 854 3714 πάλιν
907 3639 1365 3732 οἰκονομικῶς
1420 3631 1550 3713 τὸν
1604 3636 1724 3714 ἐπὶ
1783 3638 1874 3740 τῇ
1928 3633 2175 3715 πίστει
2236 3631 2488 3735 λ’όγον.
2585 3630 2674 3733 ἦν
2729 3629 2881 3735 γὰρ
2947 3632 3036 3733 δή
3064 3662 3132 3723 ²5

628 3791 826 3842 τινας
891 3755 1072 3840 εἰκὸς
1135 3758 1265 3837 οὐκ
1329 3759 1563 3907 ὀρθῶς
1627 3767 1966 3842 νοοῦντας
2028 3759 2114 3839 τὸ
2188 3754 2585 3860 εἰρημένον,
2654 3753 3040 3856 οἰήσεσθαι

630 3881 869 3985 λέγειν
912 3879 1130 3960 αὐτὸν
1175 3881 1302 3961 οὐκ
1350 3881 1429 3960 ἐκ
1475 3883 1605 3979 τῆς
1655 3882 1908 3967 οὐσίας
1964 3878 2141 3962 εἶναι
2188 3889 2318 3962 τοῦ
2364 3885 2560 3961 Θεοῦ
2608 3878 2693 3959 τὸ
2739 3885 3041 3978 Πνεῦμα

630 4001 716 4083 τὸ
763 4001 1052 4108 Ἀγιον,
1112 4002 1435 4108 καθάπερ
1500 4006 1628 4086 οὖν
1687 4005 1889 4114 ἔδοξε
1949 4013 2097 4086 τῶν
2155 4004 2527 4086 ἀσυνέτων
2585 4037 2803 4101 τισιν,
2868 4008 3038 4085 ἀλλ’

631 4126 870 4231 ἔτερόν
907 4161 979 4209 τι
1014 4128 1198 4209 κατὰ
1237 4128 1541 4235 φύσιν’
1506 4128 1853 4235 υπάρχειν
1888 4130 2091 4210 αὐτό·
2152 4129 2239 4211 τὸ
2285 4129 2431 4233 γάρ
2451 4126 2752 4208 Ἀλλον
2790 4134 3037 4228 εἰπεῖν,

630 4251 829 4355 παρά
886 4285 971 4354 γε
1026 4260 1174 4337 τοῖς
1230 4252 1766 4357 ἀμαθεστέροις,
1810 4256 2142 4355 τοιαύτης
2190 4251 2381 4338 τινὸς
2436 4254 2665 4337 αἰτίας
2718 4251 3041 4361 ἔμφασιν
3064 4283 3132 4341 3ο

708 4481 756 4521 1.
793 4465 854 4521 τὸ
880 4474 1219 4536 assumptum
1244 4483 1308 4521 ex
1335 4465 1403 4521 Ε.
1723 4484 1778 4534 4.
1723 4464 1990 4550 4ἆφιεῖ]
2017 4489 2105 4538 γρ.
2130 4467 2324 4539 ἀφελεῖ
2348 4466 2451 4524 Ed.
2478 4485 2589 4540 mg.
2615 4465 2767 4538 ἅφιεῖ
2790 4466 2955 4525 habet
2982 4468 3039 4526 F.

638 4537 721 4592 18.
758 4537 986 4607 μετρίοις
1011 4536 1077 4593 Ε.
1294 4553 1381 4593 20.
1416 4536 1576 4606 δόξαν
1599 4536 1887 4609 δέχεσθαι
1874 4555 2091 4594 mverso
2115 4539 2303 4595 ordine
2330 4538 2394 4593 E.
