3238 5158
216 310 356 378 xiv.
386 326 488 398 25,
515 314 616 382 26
767 313 886 379 IN
945 314 1014 379 S.
1062 313 1583 380 JOANNEM.
1674 311 1869 378 LIB.
1918 313 2001 379 X.
2500 312 2630 377 50⁷

219 479 766 584 διαπορθμεύων
840 480 1130 584 λόγους,
1205 482 1541 565 ἀλλ’ὡς
1619 486 1919 579 Πνεῦμα
1990 481 2231 575 αὐτοῦ,
2304 476 2629 580 καθάπερ
2651 508 2688 553 e

217 600 485 705 ἀρτίως
527 602 928 709 εἰρήκαμεν,
970 610 1089 686 καὶ
1137 605 1320 691 εἶδὸς
1369 602 1765 688 ἀδιδάκτως
1813 603 2053 685 πάντα
2100 636 2194 683 τα
2244 601 2333 710 ἐξ
2378 600 2463 681 οὗ
2511 604 2632 681 καὶ

217 728 300 806 ἐν
354 724 551 836 ᾧπέρ
606 730 788 829 ἐστι,
832 727 927 811 τὰ
981 736 1138 811 θεῖα
1189 737 1340 815 τοῖς
1397 730 1626 834 ἁγίοις
1680 726 2174 809 ἀποκαλύπτει
2226 723 2624 828 μυστήρια,

90 910 115 925 ,
222 852 550 957 καθάπερ
584 848 838 952 ἀμέλει
885 856 1004 934 καὶ
1056 856 1098 935 5
1144 852 1589 958 ἀνθρώπινος
1638 860 1802 938 νοῦς
1846 849 2085 934 πάντα
2120 852 2501 955 γινώσκων
2537 850 2630 930 τὰ

152 990 195 1052 5
223 977 303 1057 ἐν
347 976 562 1085 αὐτῷ,
600 979 912 1060 διακονεῖ
950 974 1132 1082 πρὸς
1180 976 1266 1059 τὸ
1319 976 1483 1086 ἔξω,
1520 975 1725 1086 λόγῳ
1772 976 1996 1081 τυχὸν
2037 982 2141 1086 τῷ
2183 979 2627 1083 προφορικῷ,

224 1097 321 1180 τά
356 1098 728 1202 θελήματα
762 1106 891 1201 τῆς
926 1105 1195 1211 ψυχῆς,
1230 1102 1316 1203 ἧς
1350 1103 1512 1182 ἐστι
1543 1103 1662 1182 καὶ
1699 1108 1885 1200 νοῦς,
1910 1099 2149 1204 ἕτερον
2184 1097 2318 1198 μέν
2351 1133 2421 1180 τι
2455 1100 2625 1204 παρ’

227 1222 453 1323 αὐτὴν
484 1232 639 1310 ταῖς
673 1227 984 1311 ἐπινοίας
1018 1225 1376 1330 ὁρώμενός
1420 1259 1497 1306 τε
1547 1227 1668 1306 καὶ
1704 1220 2240 1327 ὀνομαζόμενος,
2278 1223 2516 1327 ἕτερος
2551 1221 2629 1303 δὲ

228 1346 415 1428 κατὰ
449 1348 680 1457 φύσιν
713 1352 842 1431 οὐκ
876 1348 997 1449 ὢν,
1030 1351 1202 1430 ἀλλ’
1243 1353 1339 1435 ὡς
1387 1344 1665 1505 μόριον
1674 1356 1803 1429 τοῦ
1851 1345 2123 1433 παντὸς
2170 1357 2622 1450 συμπληρω-

227 1469 449 1570 τικόν,
483 1475 560 1553 ἐν
593 1476 774 1581 αὐτῇ
810 1508 889 1556 τε
926 1472 1274 1581 ὑπάρχον,
1308 1508 1426 1554 και
1463 1471 1551 1580 ἐξ
1579 1473 1800 1573 αὐτῆς
1835 1470 2292 1578 ἀναφύεσθαι
2333 1504 2628 1552 πιστευ-

120 1634 203 1677 10
230 1594 505 1694 όμενον.
580 1596 756 1703 ὑπὲρ
792 1596 871 1680 δὲ
905 1606 1119 1679 τοῦτο
1160 1595 1389 1679 πάλιν
1420 1597 1466 1698 ἡ
1513 1596 1669 1678 θεία
1717 1629 1794 1677 τε
1843 1600 1961 1676 καὶ
2012 1595 2317 1701 ἀῤῥητος
2371 1592 2625 1702 φύσις·
2653 1628 2690 1669 a
2732 1614 2864 1670 838
2882 1613 2961 1671 Δ.

229 1718 452 1822 μικρὰ
510 1720 655 1825 γὰρ
715 1728 925 1804 πᾶσα
987 1702 1590 1825 παραδειγμάτων
1654 1717 1887 1825 ἰσχῦς,
1952 1718 2089 1800 κᾶν
2149 1717 2268 1800 διὰ
2338 1724 2629 1799 λεπτῶν

230 1840 519 1995 ἔρχηται
554 1845 821 1947 λόγων.
883 1846 1139 1926 οὐκοῦν
1177 1845 1220 1945 ἡ
1255 1843 1497 1925 τελεία
1530 1842 1849 1943 μάθησις
1886 1842 2006 1923 διὰ
2039 1850 2168 1924 τοῦ
2207 1842 2627 1944 Πνεύματος

228 1974 378 2052 τοῖς
432 1969 662 2072 ἁγίοις
712 1969 1115 2052 ἐντίκτεται.
1199 1971 1316 2050 καὶ
1363 1975 1543 2072 γοῦν
1587 1969 1630 2048 5
1684 1968 2072 2053 θεσπέσιος
2117 1973 2418 2061 Παῦλος
2467 1969 2622 2048 ἐπι-

228 2091 528 2174 στέλλει
573 2092 755 2196 πρός
802 2127 1001 2179 τινας
1036 2103 1082 2141 “
1113 2091 1341 2195 Κάγὼ
1391 2092 1710 2178 ἀκούσας
1755 2090 1889 2195 τὴν
1931 2093 2095 2173 καθ’
2138 2095 2321 2193 ὑμᾶς
2374 2091 2625 2175 πίστιν
2713 2100 2903 2230 ᾖξ’-ξιξ

120 2241 204 2303 15
230 2225 275 2263 “
309 2219 386 2297 ἐν
449 2222 554 2327 τῷ
622 2218 868 2327 Κυρίῳ
930 2219 1181 2318 Ἰησοῦ
1251 2220 1369 2299 καὶ
1431 2214 1565 2319 τὴν
1633 2222 1731 2302 εἶς
1793 2215 2068 2303 πάντας
2141 2216 2307 2303 τοῦς
2379 2218 2627 2321 ἁγίους

232 2350 274 2389 “
310 2339 624 2445 ἀγάπην,
659 2344 744 2421 οὐ
790 2340 1107 2442 παύομαι
1159 2341 1606 2446 εὐχαριστῶν
1641 2339 1819 2444 ὑπὲρ
1855 2343 2054 2442 ὑμῶν
2089 2343 2337 2437 μνείαν
2370 2342 2619 2424 ποιού-

229 2474 273 2513 “
304 2499 516 2566 μενος
551 2469 666 2547 ἐπὶ
701 2471 848 2547 τῶν
872 2472 1301 2570 προσευχῶν
1326 2498 1484 2564 μου,
1511 2465 1631 2545 ἵνα
1667 2466 1708 2545 5
1737 2463 1925 2550 Θεὸς
1959 2474 2089 2546 τοῦ
2119 2466 2391 2569 Κυρίου
2426 2467 2630 2569 ἡμῶν

231 2600 276 2638 “
311 2589 564 2692 Ἰησοῦ
617 2595 970 2696 Χριστοῦ,
1025 2591 1068 2670 5
1122 2590 1362 2695 πατὴρ
1417 2593 1546 2691 τῆς
1605 2590 1846 2698 δόξης,
1901 2590 2051 2699 δῴη
2106 2593 2271 2691 ὑμῖν
2329 2596 2631 2692 Πνεῦμα

232 2723 276 2763 “
311 2717 586 2821 σοφίας
616 2717 732 2795 καὶ
767 2713 1300 2822 ἀποκαλύψεως
1333 2716 1409 2794 ἐν
1442 2714 1827 2817 ἐπιγνώσει
1873 2715 2115 2812 αὑτοῦ,
2156 2715 2618 2820 πεφωτισμέ·
2651 2726 2694 2791 b

128 2872 210 2915 πο
236 2845 280 2885 “
319 2871 485 2923 νους
524 2836 691 2922 τοὺς
727 2835 1154 2946 ὀφθαλμοὺς
1190 2842 1320 2938 τῆς
1358 2838 1670 2942 καρδίας,
1707 2844 1803 2924 εἰς
1853 2837 1939 2919 τὸ
1988 2836 2239 2919 εἱδέναι
2292 2840 2473 2938 ὑμᾶς
2521 2839 2630 2924 τίς

237 2973 280 3011 “
313 2964 517 3043 ἐστιν
552 2962 597 3064 ἡ
633 2965 837 3047 ἐλπὶς
871 2966 1002 3062 τῆς
1035 2962 1366 3063 κλήσεως
1398 2963 1639 3063 αὐτοῦ,
1675 2962 1781 3048 τίς
1819 2963 1861 3043 5
1895 2970 2212 3048 πλοῦτος
2248 2966 2376 3063 τῆς
2411 2960 2630 3071 δόξης

239 3097 282 3134 “
315 3090 448 3188 τῆς
500 3088 978 3191 κληρονομίας
1033 3089 1253 3168 αὐτοῦ
1306 3088 1386 3167 ἐν
1436 3094 1586 3172 τοῖς
1650 3085 1900 3189 ἀγίοις,
1958 3088 2076 3167 καὶ
2134 3088 2212 3167 τί
2266 3087 2351 3168 τὸ
2416 3089 2629 3190 ὑπερ-

236 3221 280 3260 “
311 3209 607 3310 βάλλον
636 3211 935 3316 μέγεθος
969 3214 1098 3312 τῆς
1135 3209 1497 3312 δυνάμεως
1530 3211 1750 3292 αὐτοῦ
1786 3216 1883 3294 εἶς
1918 3210 2105 3311 ἡμᾶς
2139 3208 2305 3296 τοὺς
2333 3209 2630 3294 πιστεύ-

232 3344 277 3383 “
311 3370 525 3421 οντας
583 3333 769 3416 κατὰ
822 3332 957 3436 τὴν
1008 3334 1367 3439 ἐνέργειαν
1413 3332 1505 3436 ἢν
1560 3332 1949 3438 ἐνήργηκεν
1992 3337 2070 3415 ἐν
2124 3338 2229 3443 τῷ
2281 3339 2622 3446 Χριστῷ,

128 3493 207 3556 25
235 3468 278 3508 “
310 3460 581 3565 ἐγείρας
618 3457 836 3539 αὐτὸν
867 3462 946 3540 ἐκ
984 3464 1270 3562 νεκρῶν,
1292 3461 1413 3538 καὶ
1444 3458 1751 3543 καθίσας
1787 3461 1863 3539 ἐν
1889 3461 2092 3566 δεξιᾷ
2122 3459 2340 3540 αὐτοῦ
2376 3461 2452 3539 ἐν
2478 3465 2628 3546 τοῖς

234 3592 278 3630 “
306 3585 745 3688 ἐπουρανίοις
782 3580 1110 3687 ὑπεράνω
1146 3580 1392 3682 πάσης
1428 3584 1658 3688 ἀρχῆς
1699 3585 1817 3663 καὶ
1864 3583 2198 3690 ἐξουσίας
2244 3585 2362 3664 καὶ
2411 3582 2627 3664 δυνά-

236 3716 281 3754 “
316 3740 504 3806 μεως
539 3710 657 3787 καὶ
694 3707 1106 3810 κυριότητος
1140 3710 1257 3787 καὶ
1292 3703 1562 3792 παντὸς
1597 3704 1945 3805 ὀνόματος
1980 3707 2498 3812 ὀνομαζομένου
2542 3710 2625 3791 οὐ
2646 3737 2685 3784 ο

234 3839 277 3878 “
310 3832 532 3929 μόνον
567 3834 644 3912 ἐν
678 3837 782 3939 τῷ
835 3837 1036 3911 αἰῶνι
1089 3830 1321 3938 τούτῳ
1376 3827 1578 3909 ἀλλά
1633 3834 1750 3910 καὶ
1805 3834 1881 3910 ἐν
1924 3836 2027 3939 τῷ
2073 3828 2490 3930 μὲλλοντι.”
2549 3835 2627 3913 ἐν

230 3953 374 4058 γὰρ
436 3960 528 4059 τῇ
590 3961 738 4036 τῶν
793 3953 1130 4034 τοιούτων
1188 3951 1654 4061 ἀποκαλύψει
1711 3951 1830 4034 διά
1885 3962 2015 4035 τοῦ
2075 3954 2495 4055 Πνεύματος
2552 3959 2629 4036 ἐν

117 4115 207 4175 30
233 4080 400 4180 ἡμῖν
433 4077 852 4183 ἀποῤῥήτως
887 4077 1372 4183 ἐνεργουμένη,
1409 4081 1537 4176 τῆς
1572 4075 1754 4174 μετὰ
1792 4073 2066 4182 σαρκὸς
2108 4081 2508 4179 οἰκονομίας
2542 4077 2630 4160 τὸ

229 4200 457 4300 βάθος
523 4204 643 4283 καὶ
709 4210 839 4283 τοῦ
901 4200 1382 4302 κεκρυμμένου
1444 4202 1845 4303 μυστηρίου
1906 4200 2041 4302 τὴν
2095 4199 2395 4302 δύναμιν
2449 4206 2625 4282 θεω-

307 4430 353 4469 1.
389 4410 574 4484 αὐτου]
600 4413 874 4485 ἀνθρόγωυ
897 4412 1216 4479 emendavit,
1240 4410 1336 4468 ned
1371 4412 1554 4468 miuus
1589 4421 1732 4468 recte
1767 4420 1830 4468 ut
1864 4410 2078 4468 videtur
2113 4411 2321 4483 Migne.
2346 4412 2503 4466 αὐτοῦ
2533 4410 2627 4464 ha-

230 4484 1089 4611 benavfioccuoinsspigrsiiimq
1342 4481 2073 4551 14dx06oE.21.
2107 4480 2626 4554 maj-malm.

232 4573 339 4611 mvn

1341 4654 1520 4721 312
