3238 5158
207 348 329 414 viii.
356 371 455 438 29.
577 354 690 419 IN
751 356 818 419 S.
867 355 1380 420 JOANNEM.
1472 356 1664 420 LIB.
1698 356 1780 420 V.
1872 356 2078 420 CAP.
2110 357 2194 421 V.
2503 360 2590 422 49

204 515 321 594 οὖν
355 519 429 596 ἐν
464 517 692 627 τούτῳ
732 529 1026 618 νοοῦμεν
1060 520 1143 601 τὸ
1180 524 1341 619 μεθ’
1387 524 1586 621 ἡμῶν
1623 525 1663 602 5
1703 520 1920 619 Θεὸς,
1965 525 2120 602 ἀντὶ
2161 531 2288 602 τοῦ
2325 528 2421 608 εὶς
2455 521 2588 622 τὴν

201 641 412 741 αὐτὴν
467 644 636 742 ἡμῖν
690 644 942 747 γε’γονε
1006 645 1236 754 φύσιν
1291 649 1331 726 5
1391 648 1467 726 ἐκ
1530 652 1723 727 Θεοῦ
1784 653 1901 727 καὶ
1965 644 2256 751 Πατρὸς
2317 647 2584 750 Λόγος,

198 767 373 845 οὕτω
419 770 726 849 κάνθοίδε
776 771 909 870 τὴν
944 770 1117 870 ἴσην
1154 780 1300 855 τοῖς
1351 769 1812 874 θεωρήμασιν
1847 774 2245 873 ἀναλογίαν
2281 771 2584 851 ἀποσώ-

197 889 421 991 ζοντες
459 891 637 973 ὅταν
670 892 848 1000 λε’γῃ
884 894 1211 997 Χριστός
1245 894 1336 976 ‘O
1379 889 1698 1002 πέμψας
1750 932 1841 1000 με
1891 901 2037 1000 μετ’
2080 898 2235 1000 ἐμοῦ
2283 897 2424 978 ἐστι
2469 908 2587 977 καὶ

138 1030 171 1089 5
199 1018 307 1094 οὐκ
362 1016 609 1123 α’φῆκέ
653 1055 744 1121 με
798 1022 1004 1125 μόνον,
1061 1019 1492 1127 ἐκδεξόμεθα
1547 1027 1811 1127 σαφῶς
1866 1023 2085 1101 ε’κεῖνο
2141 1022 2589 1120 σημαίνοντα

195 1148 574 1239 μυστικῶς,
621 1141 752 1241 ὅτι,
792 1140 1116 1246 καθάπερ
1170 1145 1308 1245 ἤδη
1362 1146 1825 1247 προείπομεν,
1865 1150 1960 1228 εἷς
2016 1143 2148 1244 τὴν
2200 1143 2421 1244 αὑτήν
2467 1180 2590 1242 μοι

194 1263 415 1368 φύσιν
469 1268 676 1346 ἐστὶν
731 1269 770 1346 5
828 1266 1014 1351 Θεὸς
1078 1270 1195 1347 καὶ
1254 1269 1531 1371 Πατὴρ,
1595 1279 1714 1348 καὶ
1777 1274 1892 1348 οὐκ
1948 1268 2186 1377 α’φῆκέ
2234 1305 2326 1373 με
2380 1271 2587 1374 μόνον.

194 1392 303 1467 καὶ
365 1389 511 1493 γὰρ
569 1388 660 1491 ἧν
716 1389 941 1476 ὅντως
1004 1391 1396 1497 ἀμήχανον,
1457 1391 1556 1491 μὴ
1628 1394 1786 1497 οὐχὶ
1846 1392 2133 1477 πάντως
2199 1393 2382 1497 ἔχειν
2440 1399 2586 1499 μετ’

194 1513 478 1615 ἐμαυτοῦ
515 1514 647 1596 τὸν
683 1517 770 1623 ἐξ
804 1516 887 1595 οῦ
922 1517 1353 1619 γεγέννημαι
1389 1515 1582 1596 Θεὸν
1619 1520 1737 1597 καὶ
1779 1518 2094 1620 Πατέρα.
2612 1548 2647 1591 0

102 1657 170 1698 ¹0
301 1639 537 1718 Καὶ”
504 1675 684 1725 ισως
739 1644 882 1740 ἐρεῖ
933 1676 1037 1726 τις
1101 1649 1216 1721 καὶ
1278 1638 1697 1744 διερωτήσει
1758 1642 2388 1747 φιλομαθέστερον
2443 1641 2590 1721 Διὰ

193 1764 399 1842 ποίαν
454 1765 693 1845 αἰτίαν
746 1763 958 1849 αὐτὸς
1022 1765 1115 1845 τὰ
1177 1762 1469 1846 τοιαῦτα
1530 1772 1766 1873 φησιν
1822 1769 1862 1846 5
1925 1764 2203 1869 Σωτὴρ,
2259 1762 2305 1866 ἢ
2372 1767 2447 1845 τί
2505 1764 2589 1845 τὸ

194 1888 517 1973 πεπεικὸς
567 1891 686 1969 ἐπὶ
734 1886 1002 1990 ταύτην
1039 1888 1257 1969 αὑτὸν
1294 1891 1467 1970 ἱέναι
1512 1887 1646 1989 τὴν
1683 1888 2075 1996 ἐξήγησιν·
2058 1952 2078 1983 ,

302 2009 502 2114 Πρὸς
541 2012 634 2111 δὴ
671 2013 762 2092 τὰ
800 2023 1092 2094 τοιαῦτα
1129 2018 1244 2093 καὶ
1292 2013 1489 2113 ἡμεῖς
1538 2012 2178 2115 ἀπολογησόμεθα,
2218 2017 2592 2118 χρησίμως

197 2138 305 2213 καὶ
357 2139 771 2239 ἀναγκαίως
830 2137 1334 2222 ἐπιδεικνύντες
1391 2136 1607 2219 αὐτὸν
1662 2145 1808 2223 τοῖς
1868 2138 2006 2240 ἤδη
2063 2140 2593 2242 προειρημένοις

108 2272 172 2333 ¹5
197 2260 592 2341 ἐπιτιθεντα
647 2297 762 2341 και
819 2270 1054 2342 τοῦτο.
1154 2260 1392 2361 ἐπειδὴ
1444 2260 1588 2364 γὰρ
1640 2296 1909 2364 ειρηκεν
1947 2297 2056 2342 οτι
2092 2263 2398 2347 “καθὼς
2446 2263 2584 2343 ἐδί-
2681 2263 2892 2379 {2523-

199 2393 239 2428 “
273 2385 452 2492 δαξέ
490 2420 589 2486 με
641 2387 681 2464 5
723 2385 979 2488 Πατὴρ
1032 2394 1260 2466 ταῦτα
1311 2389 1597 2483 λαλῶ,”
1639 2387 2042 2488 ἀναγκαίως
2092 2387 2228 2488 ἤδη
2278 2388 2594 2467 συνόντα

199 2542 269 2588 τε
303 2514 418 2590 καὶ
457 2511 852 2610 ὃμοούσιον
887 2513 1115 2618 εαυτῷ
1162 2512 1454 2592 δεικνύει
1499 2510 1629 2592 τὸν
1668 2512 2053 2615 Πατέρα,“
2023 2548 2136 2593 ινα
2168 2512 2596 2614 πιστεύηται

200 2633 449 2716 λοιπὸν
486 2635 586 2716 τὰ
630 2638 890 2716 ἐκείνου
935 2589 1190 2714 λαλιῶν
1227 2639 1324 2722 ὡς
1362 2635 1544 2721 Θεὸς
1597 2635 1690 2716 τά
1742 2639 1818 2715 ἐκ
1857 2642 2069 2734 Θεοῦ,
2108 2641 2224 2717 καὶ
2276 2635 2421 2718 ἀπό
2470 2642 2596 2737 τῆς
2621 2652 2666 2716 (1

203 2764 503 2863 φυσικῆς
564 2769 693 2840 τοῦ
748 2758 1231 2863 γεννήσαντος
1289 2759 1636 2861 ἰδιότητος
1694 2763 1810 2840 ἐπὶ
1865 2762 1949 2842 τὸ
2001 2760 2235 2863 λέγειν
2284 2761 2377 2840 τὰ
2426 2767 2591 2841 θεο-

114 2913 181 2953 20
199 2890 425 2985 πρεπῆ
473 2885 1063 2989 παρορμώμενος,
1102 2892 1555 2988 καθαπεροῦν
1603 2884 1698 2964 τὰ
1753 2884 2153 2988 ἀνθρώπων
2194 2885 2404 2965 τέκνα
2459 2885 2598 2984 μά-

203 3009 410 3107 θησίν
445 3045 612 3090 τινα
660 3009 861 3113 παρὰ
910 3014 1038 3108 τῆς
1091 3008 1383 3116 φύσεως
1433 3011 1812 3089 ἀδίδακτον
1849 3010 2126 3114 ἔχοντα,
2165 3009 2486 3113 καθάπερ
2524 3014 2600 3090 ἐν

202 3138 341 3215 τοῖς
376 3132 709 3237 ἀνωτέρω
756 3133 1298 3238 προειρήκαμεν,
1336 3131 1521 3214 οἶδεν
1559 3137 1850 3233 ἀληθῶς
1898 3132 1990 3213 τὰ
2037 3138 2163 3234 τῆς
2213 3135 2589 3238 ἀνθρωπό-
2688 3138 2894 3267 {2320-

204 3287 401 3354 τητος
473 3258 648 3339 ἴδια.
760 3260 844 3338 οὐ
918 3258 1499 3339 σκανδαλιστεόν
1563 3267 1975 3362 τοιγαροῦν,
2048 3258 2221 3339 ὅταν
2284 3294 2355 3340 τι
2419 3261 2600 3367 λε’γῃ

207 3387 440 3475 μαθεῖν
476 3381 682 3485 παρὰ
733 3391 860 3464 τοῦ
912 3381 1203 3486 Πατρὸς
1255 3384 1295 3462 5
1331 3385 1531 3468 Υἱός·
1600 3385 1685 3462 οὗ
1733 3382 1877 3485 γὰρ
1926 3382 2043 3463 διὰ
2090 3381 2357 3483 ταύτην
2394 3384 2600 3465 ἔσται

126 3524 187 3583 25
210 3502 328 3600 τὴν
392 3509 629 3587 αἰτίαν
704 3506 1028 3588 ἐλάττων
1092 3510 1331 3606 αὐτοῦ,
1398 3510 1565 3587 ἀλλ’
1639 3506 1798 3587 οὐδὲ
1874 3508 2190 3614 ἕκφυλός
2262 3544 2370 3594 τις
2445 3511 2596 3589 κατ’

210 3626 491 3714 ἐκείνους
534 3631 1022 3733 εὑρεθήσεται·
1086 3635 1205 3712 καὶ
1242 3636 1583 3740 λογισμῷ
1621 3636 1867 3740 τοιῷδε
1905 3631 1989 3712 τὸ
2026 3639 2333 3737 πρᾶγμα
2370 3668 2591 3714 κατα-

212 3753 673 3858 σκεψῶμεθα.
755 3756 838 3835 οὐ
876 3754 1021 3857 γὰρ
1058 3758 1133 3834 ε’ν
1169 3761 1274 3863 τῷ
1312 3754 1560 3836 εἰδέναι
1610 3791 1682 3835 τι
1734 3755 1975 3860 τυχὸν,
2014 3755 2058 3856 ἢ
2113 3756 2212 3857 μὴ
2263 3755 2512 3837 εἰδέναι
2563 3759 2602 3837 5
2625 3786 2660 3828 θ

213 3876 326 3972 τῆς
381 3879 634 3962 οὐσίας
691 3880 1134 3984 δοκιμάζεται
1192 3879 1438 3983 λόγος,
1480 3884 1649 3960 ἀλλ’
1690 3884 1765 3959 ἐν
1803 3887 1905 3989 τῷ
1955 3884 2029 3961 τί
2074 3882 2382 3961 ἕκαστον
2419 3881 2603 3961 κατὰ

215 3997 428 4100 φύσιν
503 4005 734 4082 ἐστίν·
834 4002 985 4083 οἷον
1061 4005 1234 4113 φέρε
1319 4009 1532 4084 εἰπεῖν
1609 4011 1910 4089 Παῦλος
1998 4006 2402 4086 ὑποκείσθω
2486 4010 2602 4085 καὶ

134 4130 198 4185 30
219 4124 625 4211 Σιλουανός·
733 4130 851 4208 καὶ
933 4132 973 4208 5
1056 4128 1187 4228 μὲν
1246 4135 1544 4214 Παῦλος
1630 4129 1814 4210 ἰ’στω
1898 4134 2013 4210 καὶ
2095 4129 2602 4211 πεπαιδεύσθω

218 4248 482 4335 τελείως
520 4251 605 4331 τὸ
643 4254 758 4332 ἐπὶ
797 4257 1104 4361 Χριστῷ
1149 4250 1577 4356 μυστήριον·
1640 4252 1952 4335 ἔλαττον
1990 4253 2075 4333 δέ
2116 4289 2269 4338 πως
2321 4252 2367 4353 ἢ
2422 4254 2602 4333 κατὰ

285 4483 331 4521 2.
348 4471 447 4559 ,καὶ
471 4490 579 4527 om.
607 4491 656 4528 a.
967 4494 1019 4541 4.
1056 4498 1121 4545 με
1146 4485 1486 4547 assumptum
1513 4494 1577 4530 ex
1604 4494 1653 4530 a.
1976 4494 2058 4533 11.
2094 4478 2248 4533 αυτὸς
2302 4480 2331 4529 ὁ
2355 4476 2508 4532 αὐτὸς
2537 4476 2602 4531 Β.

228 4536 301 4591 18.
335 4540 387 4594 ἐκ
413 4560 522 4598 om.
546 4562 593 4598 a.
954 4562 1040 4600 20.
1078 4548 1398 4617 καθαπεροῦν
1426 4547 1490 4602 Β.
1517 4548 1745 4618 καθάπερ
1774 4549 1954 4603 Holst.
1985 4548 2085 4602 Ed.
2217 4546 2306 4618 τα]
2342 4554 2398 4610 -1-
2429 4551 2531 4600 τῶν
2555 4564 2601 4600 a.

226 4621 302 4662 21.
332 4611 692 4671 αι’ντοδίδακτον
717 4634 766 4672 a.
795 4614 916 4672 Cat.
945 4616 1101 4671 Harl.
1317 4618 1401 4672 26.
1438 4620 1903 4691 παρασκεψώμεθα
1931 4619 2134 4690 Migne.

298 4710 433 4759 vol..
466 4716 540 4761 11.
1362 4720 1407 4764 H
