3238 5158
637 354 767 418 282
1239 349 1320 418 Β.
1367 351 1791 418 CYRILLI
1850 351 2426 418 ALEXANDR.
2689 347 2778 412 xi.
2804 344 2911 434 36,
2935 361 3044 430 37.

300 518 519 651 Ξρῗῗί
638 517 967 623 ἑωρακὼς
1021 517 1150 599 Τὸν
1205 521 1357 601 κατ’
1415 522 1602 601 ἰδίαν
1666 519 1903 602 εἰκόνα
1966 518 2318 622 γεγονότα
2377 518 2763 622 ἄνθρωπον
2824 545 3037 593 κατε-

298 660 478 768 ,ἳῇᾟ
641 645 1075 752 φθαρμένον,
1111 644 1229 725 ἵνα
1261 644 1348 726 τὸ
1384 646 1586 746 ἡμῶν
1623 646 2044 751 περιστείλῃ
2080 641 2409 747 δάκρυον.
2495 641 2613 723 διὰ
2648 638 2792 744 γὰρ
2825 646 3042 721 τοῦτο

297 801 346 851 Ρ·
375 756 534 848 234⁶*-
641 771 759 850 καὶ
795 769 1169 867 ἀπέθανεν,
1206 770 1324 850 ἵνα
1360 771 1477 849 καὶ
1513 767 1711 871 ἡμεῖς
1759 773 2308 872 ἀπαλλαγῶμεν
2341 766 2680 850 θανάτου.
2755 762 3043 866 δακρύει

639 892 717 974 δὲ
753 890 1000 993 μόνον,
1045 898 1161 974 καὶ
1198 893 1401 979 εὐθὺς
1437 894 1670 1001 ἐπέχει
1707 892 1793 975 τὸ
1830 892 2156 997 δάκρυον,
2193 894 2311 974 ἵνα
2348 890 2448 992 μὴ
2485 890 2667 999 δόξῃ
2702 925 2809 974 τις
2845 888 3043 989 ὠμὸς

636 1021 754 1098 καὶ
789 1016 1268 1123 ἀπάνθρωπος
1305 1016 1502 1118 εἶναι,
1536 1021 1657 1099 καὶ
1692 1020 1880 1120 ἡμᾶς
1920 1022 2036 1100 ἐπὶ
2079 1026 2229 1103 τοῖς
2273 1018 2511 1101 αὐτοῖς
2546 1013 2902 1097 παιδεύων
2934 1012 3039 1115 μὴ
3071 1042 3112 1104 5

635 1145 750 1224 ἐπὶ
803 1142 1001 1224 πολὺ
1053 1143 1440 1227 ἐκλύεσθαι
1489 1146 1605 1225 ἐπὶ
1653 1152 1803 1232 τοῖς
1841 1141 2244 1245 τεθνηκόσι.
2320 1141 2406 1223 τὸ
2455 1142 2588 1240 μὲν
2629 1140 2801 1245 γὰρ,
2848 1174 3041 1238 συμ-

633 1268 932 1353 παθείας
968 1267 1333 1375 ἐχόμενον·
1392 1266 1480 1350 τὸ
1520 1267 1596 1349 δὲ
1632 1266 2042 1372 γυναικικὸν
2075 1272 2192 1349 καὶ
2229 1268 2605 1370 ἄνανδρον.
2673 1264 2793 1346 διὰ
2824 1272 3042 1346 τοῦτο

565 1399 610 1467 b
638 1393 763 1473 οὖν
806 1394 1277 1500 συνεχώρησε
1331 1399 1423 1500 τῇ
1481 1392 1622 1501 ἰδίᾳ
1679 1397 1899 1496 σαρκὶ
1949 1402 2265 1475 κλαῦσαι
2318 1393 2597 1495 ὀλίγον,
2636 1390 2887 1493 καίπερ
2936 1386 3041 1468 ὧν

635 1524 727 1624 τῇ
778 1516 1000 1625 φύσει
1043 1518 1358 1623 ἄδακρυς
1407 1525 1522 1599 καὶ
1573 1516 1867 1618 ἁπάσης
1922 1520 2369 1601 ἀνεπίδεκτος
2424 1516 2684 1616 λύπης,
2722 1513 2905 1595 ὅσον
2938 1519 3042 1597 εἷς

636 1644 822 1724 ὶδίαν
886 1641 1140 1749 φύσιν.
1235 1643 1680 1748 θαυμάζουσι
1738 1642 1814 1723 δὲ
1872 1646 1993 1724 καὶ
2056 1644 2256 1723 αὐτοὶ
2317 1647 2385 1723 οἶ
2447 1648 2850 1740 μισοῦντες,
2908 1646 3040 1718 τοῦ
3078 1674 3157 1716 ιο

642 1770 912 1871 Κυρίου
959 1765 1047 1849 τὸ
1096 1766 1423 1872 δάκρυον.
1496 1774 1562 1849 οἱ
1598 1767 1744 1874 γὰρ
1782 1774 1877 1854 εἰς
1914 1767 2137 1871 ἄκρον
2173 1773 2758 1876 φιλοσοφοῦντες
2804 1766 2924 1843 καὶ
2973 1769 3044 1844 οἱ

633 1894 711 1972 ἐν
766 1891 1136 1998 ὑπολήψει
1190 1896 1500 2000 λαμπρᾷ
1552 1894 2100 1999 δυσχερέστατα
2155 1891 2609 1998 δακρύουσιν,
2666 1893 2764 1973 ὡς
2820 1922 3043 1968 κατα-

635 2014 1142 2112 νεανιευόμενοι
1189 2014 1438 2119 πάσης
1486 2024 1903 2126 συμφορᾶς.
1982 2016 2299 2121 ἐνόμιῷν
2335 2015 2410 2097 δὲ
2459 2021 2527 2097 οἱ
2561 2014 2891 2095 Ἰουδαῖοι
2927 2012 3043 2092 ὅτι

636 2139 755 2221 διὰ
816 2137 944 2222 τὸν
998 2140 1309 2222 θάνατον
1363 2139 1713 2245 ἐδάκρυσε
1769 2143 2123 2247 Λαζάρου,
2177 2138 2389 2226 αὐτὸς
2455 2139 2532 2221 δὲ
2599 2146 2852 2222 πᾶσαν
2903 2137 3042 2239 τὴν

572 2292 612 2340 ο
637 2265 1091 2368 ἀνθρωπίνην
1145 2265 1375 2371 φύσιν
1426 2273 1787 2349 κατελεῶν
1838 2266 2246 2371 ἐδάκρυσεν,
2298 2266 2382 2346 οὐ
2437 2266 2660 2364 μόνον
2703 2263 3039 2368 Λάζαρον
3071 2295 3151 2357 15

637 2392 930 2488 κλαίων,
986 2388 1189 2470 ἀλλὰ
1250 2386 1335 2471 τὸ
1397 2398 1587 2472 πᾶσι
1647 2389 2113 2493 συμβεβηκὸς
2179 2393 2471 2489 ἐννοῶν,
2533 2389 2642 2470 ὅτι
2707 2396 2916 2470 πᾶσα
2989 2389 3037 2490 ἦ

637 2512 1105 2622 ἀνθρωπότης
1153 2513 1449 2619 γέγονεν
1494 2514 1634 2598 ὑπὸ
1684 2514 2015 2615 θάνατον,
2055 2516 2337 2602 δικαίως
2385 2520 2490 2624 τῷ
2540 2511 2837 2622 τοιούτῳ
2884 2514 3039 2594 ε’πι-

631 2640 842 2750 τιμίῳ
899 2641 1398 2722 ὖποπεσοῦσα.
1497 2640 1721 2721 ἄλλοι
1776 2641 1853 2723 δὲ
1908 2641 2047 2724 ὑπὸ
2105 2651 2235 2723 τοῦ
2296 2639 2571 2749 φθόνου
2626 2638 3035 2743 τρωθέντες,

631 2765 836 2846 οὐδὲν
891 2763 1148 2870 ἔλεγον
1204 2762 1502 2868 ἀγαθόν’
1571 2767 1657 2847 οὐ
1710 2765 1856 2870 γὰρ
1913 2764 2094 2850 κατὰ
2149 2766 2491 2868 ἀλήθειαν
2548 2764 2850 2873 ᾐτιόντο
2901 2762 3036 2846 τὸν

634 2891 928 2996 Κύριον,
967 2894 1065 2974 ὡς
1103 2889 1594 2995 ἐπιτρέψαντα
1632 2891 2018 2973 ἀποθανεῖν
2052 2892 2182 2973 τὸν
2220 2889 2574 2995 Λάζαρον·
2632 2898 2848 2972 τοῦτο
2883 2888 3035 2993 γὰρ
3066 2925 3149 2968 20

627 3013 719 3117 ἦν
780 3013 1275 3097 πιστευόντων
1337 3014 1446 3096 ὅτι
1506 3017 1814 3116 ἠδύνατο
1871 3015 2000 3097 τὸν
2060 3015 2372 3099 θάνατον
2427 3021 2727 3117 στῆσαι·
2827 3015 3036 3096 ἀλλὰ

625 3142 1014 3246 μονονουχὶ
1063 3137 1275 3221 τοῦτό
1332 3147 1567 3247 φασιν
1604 3145 1767 3221 Ποῦ
1816 3140 1861 3242 ἦ
1913 3141 2127 3247 ἰσχύς
2175 3175 2317 3222 σου
2365 3137 2424 3221 ὦ
2473 3140 3027 3245 θαυματουργέ;

561 3274 605 3339 d
631 3262 787 3345 ἰδοῦ
822 3263 968 3367 γὰρ
1004 3266 1121 3344 καὶ
1158 3262 1259 3364 μὴ
1295 3265 1747 3366 βουλομένου
1781 3299 1943 3363 σου,
1966 3264 2299 3365 τέθνηκεν
2335 3267 2377 3346 ὁ
2415 3263 2554 3347 ὑπὸ
2589 3274 2731 3345 σοῦ
2764 3263 3030 3370 φιλού-

629 3423 859 3489 μενος.
936 3388 1046 3469 ὅτι
1080 3386 1226 3492 γὰρ
1264 3388 1572 3491 ἠγάπας,
1608 3392 1838 3489 δῆλον
1871 3390 1961 3497 ἐξ
1991 3390 2075 3470 οὗ
2111 3389 2450 3496 δακρύεις.
2523 3396 2583 3471 εἰ
2619 3391 2744 3471 οὖν
2779 3388 2871 3491 ἦν
2904 3393 3039 3490 τῆς

629 3517 772 3615 σῆς
807 3512 1063 3621 ἰσχύος
1099 3510 1184 3594 τὸ
1227 3521 1356 3594 τοῦ
1403 3520 1693 3621 τυφλοῦ
1744 3514 1977 3620 ἔργον,
2014 3515 2337 3617 ἡδύνασο
2385 3520 2504 3597 καὶ
2550 3513 2680 3597 τὸν
2720 3512 3037 3597 θάνατον
3067 3542 3151 3604 25

707 3798 754 3837 1.
792 3778 952 3854 ἷδίαν]
986 3787 1045 3846 -1-
1073 3780 1233 3836 αὔτοῦ
1255 3798 1331 3836 m.
1518 3797 1569 3838 2.
1606 3781 1689 3838 ἵνα
1741 3785 1825 3840 καὶ
1847 3783 2054 3855 δακρύει
2076 3783 2161 3841 ἵνα
2183 3804 2257 3841 m.
2436 3805 2489 3854 4.
2524 3783 2605 3842 ἵνα
2657 3784 2721 3842 ἵν’
2745 3786 2852 3855 ἅμα
2873 3808 2932 3841 τε
2956 3804 3037 3843 m.

625 3852 756 3924 δόξῃ
780 3875 859 3911 τις
882 3850 1045 3924 ὦμὸς]
1073 3852 1210 3921 ὠμὸς
1232 3852 1360 3922 δόξῃ
1383 3869 1459 3908 m.
1690 3868 1741 3923 5.
1777 3855 2120 3927 ὢτάνθρωπος
2142 3876 2215 3913 m.
2239 3857 2549 3928 ἀσυμπαθὴς
2628 3858 2702 3914 ik.
2729 3857 2835 3913 Ed.
2860 3857 3040 3930 pergit

625 3948 754 4007 εἶναι
777 3951 881 4020 ἅμα
904 3950 962 4005 δὲ
986 3950 1070 4005 καὶ
1094 3948 1223 4020 ἡμᾶς
1244 3937 1446 4006 armac&
1465 3949 1536 4019 μὴ
1561 3949 1647 4005 ἐπὶ
1667 3952 1806 4008 πολὺ
1828 3970 1904 4008 m.
2182 3953 2234 4009 6.
2269 3954 2543 4023 τεθνηκόσι
2566 3954 2700 4009 k.m.
2728 3953 2848 4009 Cat.
2876 3954 3038 4012 Harl.

626 4023 730 4079 Ed.
755 4025 1147 4090 τετελευτηκόσι
1169 4040 1218 4077 a.
1312 4016 1399 4093 τὸ]
1426 4025 1519 4075 τοῦ
1543 4022 1690 4080 Aub.
1856 4038 1906 4096 7.
1939 4027 2230 4097 γυναικικὸν
2252 4026 2336 4080 καὶ
2360 4025 2612 4096 ἄνανδρον
2634 4034 2688 4080 et
2709 4026 3040 4095 συμπαθείας

624 4094 875 4165 ἐχόμενον
897 4094 1037 4147 inter
1060 4110 1117 4147 se
1140 4101 1502 4164 transponunt
1524 4093 1709 4149 αλια).
1902 4096 1956 4151 8.
1992 4093 2108 4167 οὖν]
2134 4100 2262 4168 γοῦν
2283 4114 2359 4152 m.
2556 4114 2612 4168 9.
2646 4095 2780 4153 ὅσον
2800 4097 2874 4153 εἷς
2897 4097 3040 4153 ἰδίαν

623 4162 818 4236 φύσιν]
846 4164 914 4221 ὥς
939 4166 1072 4221 Θεός
1094 4182 1170 4220 m.
1330 4170 1413 4219 Ῑὸ.
1449 4161 1567 4235 τοῦ]
1596 4167 1658 4250 τὸ
1682 4165 1828 4221 Aah.
1852 4166 1945 4222 τὸν
1969 4164 2159 4236 Κύριον
2182 4166 2464 4238 δακρύοντα
2488 4185 2563 4225 m.
2726 4183 2810 4224 11.
2843 4166 3033 4242 ἄκρου]

623 4262 756 4333 ἄγαν
777 4278 853 4315 m.
1019 4276 1103 4315 ια.
1140 4251 1943 4333 δυσχερέστατοιωδακρῦουσιν
1967 4262 2091 4333 (sic)
2121 4262 2240 4318 Cat.
2270 4262 2423 4318 Harl.
2590 4279 2672 4334 13.
2707 4265 2760 4317 οἱ
2783 4282 2891 4318 om.
2918 4267 3034 4323 mk.

631 4331 713 4387 16.
750 4334 883 4386 πᾶσι
918 4331 1102 4387 adnm.
1139 4333 1301 4387 πάλαι
1328 4331 1447 4387 Cat.
1489 4331 1645 4388 Harl.⁸
1678 4331 1781 4387 Ed.
1818 4331 1888 4389 cf.
1921 4350 2083 4403 supra
2113 4333 2219 4405 653
2244 4333 2299 4398 d,
2325 4333 2421 4389 ubi
2453 4334 2613 4389 πάλιν
2643 4351 2740 4405 pro
2770 4337 2936 4390 πᾶσιν
2963 4355 3037 4392 ex

624 4402 809 4461 eadem
845 4400 964 4457 Cat.
991 4401 1146 4457 Harl.
1171 4402 1472 4458 emendavit
1496 4403 1643 4460 Aub.
1877 4418 1959 4475 17.
1996 4403 2212 4478 τοιούτῳ
2235 4422 2344 4460 om.
2368 4422 2445 4460 m.
2687 4422 2768 4531 13.
2802 4406 3032 4482 ἀγαθόν]

624 4473 799 4545 pergit
821 4473 941 4528 ἀλλ’
967 4475 1149 4545 ὅσπερ
1174 4473 1619 4544 ἐπικερτομοῦντες
1643 4475 1920 4547 μονονουχὶ
1944 4473 2062 4546 (22)
2089 4494 2164 4531 m.
2351 4492 2438 4544 24.
2474 4473 2649 4547 ἦγόπα
2812 4476 2925 4547 ρύει
2951 4497 3034 4536 m.

622 4544 710 4617 οὗ]
739 4546 809 4599 ὧν
833 4545 1013 4601 a.k.m.
1124 4543 1186 4614 ἦν
1209 4562 1319 4600 om.
1344 4563 1469 4600 a.m.
1494 4544 1657 4601 habet
1679 4546 1736 4600 k,
2059 4560 2146 4618 25.
2182 4544 2309 4639 σῆς]
2336 4547 2494 4602 αὐτοῦ
2517 4565 2593 4602 m.
2697 4549 2758 4603 τὸ
2783 4549 2912 4604 κατὰ
2937 4552 3038 4607 τὸν

622 4617 828 4690 τυφλὸν
851 4613 929 4687 ἦν,
954 4613 1171 4688 ἠδύνατο
1193 4613 1258 4673 ἂν
1280 4616 1364 4672 καὶ
1387 4615 1479 4673 τὸν
1499 4618 1593 4672 τοῦ
1615 4617 1782 4691 φίλου
1805 4618 2002 4688 στῆσαι
2024 4617 2244 4675 θάνατον
2266 4641 2336 4676 ως
2361 4618 2509 4690 (283,
2540 4618 2593 4691 1)
2621 4636 2696 4676 m.
