3238 5158
233 366 372 411 vm
401 366 503 433 23.
592 348 710 412 IN
769 348 835 414 S.
886 344 1395 414 JOANNEM.
1487 343 1679 409 LIB.
1713 342 1797 408 V.
1888 342 2094 408 CAP.
2143 341 2276 406 111.
2590 342 2634 404 9

234 512 824 616 ὑστεροβουλίας,
884 515 1020 618 οὐχ
1082 513 1444 617 εὑρήσετε·
1533 513 1611 591 τί
1668 509 1757 610 δὴ
1822 509 1908 591 τὸ
1977 513 2297 591 ἐντεῦθεν
2361 508 2634 616 ἐξέστω

234 643 559 717 σκοπεῖν.
653 639 1129 718 ἀποθανεῖσθε
1183 635 1328 738 γὰρ
1385 633 1673 718 πάντως
1734 635 1810 715 ἐν
1866 634 2258 737 ἁμαρτίαις,
2314 634 2433 713 καὶ
2486 637 2633 714 τοῖς
2657 656 2694 699 ⁸
2735 645 2872 700 602
2888 641 2967 698 Δ·

236 761 506 840 ἑαυτῶν
546 760 1130 861 πλημμελήμασι
1180 757 1718 863 καταχθόμενοι,
1756 759 2061 859 στυγνοὶ
2110 756 2635 861 κατοιχήσεσθε

239 883 501 965 λοιπὸν
546 891 640 970 εἰς
693 884 778 966 τὸ
829 894 957 966 τοῦ
1006 882 1320 966 θανάτου
1374 881 1886 984 δεσμωτήριον,
1923 881 2122 966 δίκας
2170 880 2638 965 ἀποτίσοντες

168 1022 210 1081 5
239 1009 385 1088 ἐκεῖ
425 1012 553 1107 τῆς
598 1010 782 1089 οὕτω
814 1015 1090 1111 μακρᾶς
1127 1007 1502 1090 ἀπειθείας.
1568 1003 1843 1106 ἀγαθὸς
1876 1013 2258 1109 τοιγαροῦν
2295 1002 2641 1108 ὑπάρχων

239 1134 359 1211 καὶ
413 1133 711 1235 σφόδρα
765 1132 1283 1239 φιλάνθρωπος
1339 1133 1380 1210 ὃ
1440 1126 1718 1229 Σωτὴρ,
1773 1130 2193 1210 συνελαύνει
2256 1134 2360 1236 τῷ
2423 1129 2636 1234 φόβῳ

238 1252 405 1339 τοὺς
439 1256 825 1340 Ἰουδαίους
860 1262 1004 1335 τῶν
1043 1254 1405 1353 ἐσομένων
1443 1255 1680 1331 κακῶν
1716 1252 1834 1329 καὶ
1870 1253 2004 1357 οὐχ
2052 1250 2340 1337 ἑκόντας
2387 1253 2503 1332 ἐπὶ
2552 1249 2637 1330 τὸ

240 1377 631 1481 σώζεσθαι.

343 1623 464 1689 Καὶ
514 1623 737 1699 ἕλει-εν
791 1620 1010 1691 αὐτοῖς
1053 1619 1277 1702 Ὑμεῖς
1327 1626 1403 1690 ἐκ
1455 1625 1589 1692 τῶν
1647 1627 1829 1692 κάτω
1877 1624 2049 1704 ἐστὲ,
2102 1623 2233 1698 ferd)
2286 1624 2360 1688 ὲκ
2415 1623 2545 1689 τῶν
2669 1636 2741 1692 23

143 1749 225 1792 ¹0
1268 1751 1410 1817 ἅνω
1462 1749 1611 1829 εἰμί.
2663 1746 2705 1810 b

362 1910 610 1994 Πάλιν
654 1915 802 2016 ἐρεῖ
845 1949 951 1999 τις
1005 1911 1225 2020 τυχὸν
1271 1922 1417 1994 τῶν
1460 1914 2094 2022 φιλομαθεστέραν
2130 1911 2442 2019 ἐχόντων
2478 1914 2633 1995 διά-

248 2069 466 2134 νοιαν,
501 2040 618 2116 καὶ
660 2037 1090 2144 λεπτότερον
1123 2044 1271 2120 τῶν
1309 2040 1515 2120 θείων
1552 2038 2032 2143 θεωρημάτων
2065 2042 2375 2120 ἐπαινεῖν
2411 2072 2642 2118 κατει-

246 2160 631 2260 θισμένων,
657 2163 733 2241 τί
763 2161 846 2242 τὸ
882 2166 1282 2245 ἀναπεῖσαν
1312 2160 1440 2243 τὸν
1466 2151 1756 2268 Κύριον.
1774 2164 1974 2263 ἡμῶν
1996 2165 2288 2262 Ἰησοῦν
2310 2164 2642 2265 Χριστὸν

246 2283 412 2387 ἄρτι
482 2292 631 2370 τοῖς
693 2286 1056 2372 Ἰουδαίοις
1130 2293 1715 2391 προσφωνοῦντα
1788 2287 1902 2366 καὶ
1976 2286 2287 2387 λε’γοντα
2363 2297 2404 2333 “
2442 2286 2641 2389 Ἐγὼ
2731 2281 2941 2397 ,3321-

134 2417 214 2480 15
248 2417 291 2455 ‘⁶
331 2406 604 2510 ὑπάγω,
670 2411 790 2489 καὶ
862 2408 1211 2513 ζητήσετέ
1260 2410 1412 2509 με,”
1481 2406 1806 2512 καθάπερ
1875 2444 1946 2488 τι
2019 2416 2165 2489 τῶν
2237 2412 2643 2511 ἀναγκαίων

244 2532 641 2634 ἐπενεγκεῖν
676 2532 904 2640 ’Ὑμεῖς
960 2535 1041 2616 ἐκ
1098 2533 1218 2615 τῶν
1279 2531 1470 2615 κάτω
1526 2531 1699 2631 ἐστὲ,
1758 2530 1894 2636 ἐγὼ
1952 2534 2032 2614 ἐκ
2094 2532 2214 2614 τῶν
2275 2531 2408 2615 ἱίνω
2476 2538 2635 2643 εἰμί.

249 2657 448 2736 δοκεῖ
489 2655 624 2757 μέν
670 2655 814 2760 γάρ
862 2692 1016 2742 πως
1067 2659 1152 2737 οὑ
1202 2655 1502 2763 σφόδρα
1549 2663 1696 2739 τοῖς
1749 2655 1895 2736 ἅνω
1955 2665 2505 2739 κατακολουθεῖν
2552 2657 2645 2738 τὰ
2667 2692 2702 2734 ο

248 2787 564 2878 τοιαῦτα,
613 2779 815 2879 πλὴν
864 2780 1092 2859 ὠδίνει
1146 2779 1307 2858 τινὰ
1359 2777 1844 2880 κεκρυμμένην
1896 2782 2325 2876 οἰκονομίαν.
2409 2782 2646 2882 ἐπειδὴ

248 2900 395 3005 γάρ
459 2905 619 2983 ἐστι
679 2901 869 2988 Θεὸς
928 2903 1176 3007 χρείαν
1231 2904 1359 2981 οὑκ
1425 2901 1629 3005 ἔχων,
1687 2903 1784 2984 ὡς
1839 2898 2048 2984 αὑτός
2112 2933 2257 2981 που
2323 2906 2553 3007 φησὶν
2609 2906 2649 2982 ὁ

136 3046 221 3087 20
249 3026 639 3112 θεσπέσιος
678 3023 1233 3128 Εὑαγγελιστὴς
1267 3022 1621 3124 Ἰωάννης,
1662 3033 1706 3071 “
1731 3023 1848 3103 ἵνα
1882 3057 1989 3107 τις
2021 3024 2452 3130 μαρτυρήσῃ
2488 3031 2650 3130 περὶ
2737 3038 2899 3150 {upra
2918 3038 2970 3086 ii-

250 3161 296 3198 ‘⁴
331 3159 460 3230 τοῦ
495 3150 899 3256 ἀνθρώπου·
954 3145 1164 3233 αὑτός
1200 3146 1345 3251 γὰρ
1382 3146 1725 3250 ἐγίνωσκε
1758 3149 1836 3227 τί
1864 3146 1955 3249 ἦν
1980 3150 2056 3228 ἐν
2088 3153 2190 3257 τῷ
2228 3147 2644 3259 ἀνθρώπῳ,”
2771 3114 2819 3165 ⁵·

252 3276 613 3354 διικνεῖται
652 3274 797 3379 γὰρ
826 3284 869 3322 “
889 3273 1103 3380 μέχρι
1134 3279 1491 3378 μερισμοῦ
1527 3275 1775 3378 ψυχῆς
1808 3275 1926 3353 καὶ
1961 3272 2361 3371 πνεύματος
2397 3275 2648 3378 ἁρμῶν
2735 3289 2870 3339 Heb.
2894 3290 2960 3340 iv.

250 3406 298 3446 “
334 3431 413 3477 τε
461 3400 580 3478 καὶ
627 3405 930 3502 μυελῶν,
967 3402 1085 3477 καὶ
1130 3396 1435 3499 κριτικός
1479 3399 1681 3477 ἐστιν
1715 3398 2174 3498 ἐνθυμήσεων
2209 3401 2326 3477 καὶ
2362 3401 2647 3479 ἐννοιῶν
2741 3369 2816 3406 η’

252 3535 298 3573 “
333 3523 695 3626 καρδίας·”
773 3525 901 3602 οὑκ
948 3521 1265 3625 ἠγνόησε
1311 3519 1537 3602 πάλιν
1583 3520 1712 3605 τὰς
1760 3528 1905 3602 τῶν
1947 3523 2311 3602 Ἰουδαίων
2354 3525 2650 3620 ἀμαθεῖς

142 3668 222 3728 25
254 3649 612 3745 ὑπονοίας,
649 3646 717 3728 οἳ
753 3645 1035 3751 ἐπείπερ
1069 3646 1305 3729 αὐτοῖς
1339 3642 1576 3749 παχύς
1611 3679 1720 3729 τις
1766 3647 1880 3725 καὶ
1930 3644 2237 3748 ἀδρανὴς
2275 3646 2651 3753 ἐνῴκισται

255 3780 440 3870 νοῦς,
478 3771 562 3851 τό
614 3769 923 3872 ’Υπάγω
977 3769 1176 3872 παρὰ
1229 3776 1357 3849 τοῦ
1415 3772 1749 3871 Σωτῆρος
1805 3769 2265 3861 ἀκούσαντες,
2308 3769 2651 3877 ᾠήθησαν
2672 3791 2718 3856 d

253 3895 618 3979 ἀσυνέτως
666 3891 713 3995 ἢ
764 3894 872 3975 ὅτι
924 3892 1271 4001 φεύξεταί
1314 3926 1440 3973 ποι
1488 3890 1621 3992 τὴν
1653 3891 2004 3972 Ἰουδαίαν
2040 3895 2264 3999 ἀφεὶς,
2303 3890 2349 3991 ἢ
2387 3898 2502 3972 καὶ
2540 3892 2651 3973 ὅτι

251 4018 575 4100 τοιοῦτόν
611 4052 679 4098 τι
719 4017 950 4124 φησίν
974 4014 1171 4101 Ἕως
1209 4014 1327 4095 ὅτε
1361 4016 1665 4120 περίειμι
1709 4018 1825 4094 καὶ
1871 4014 1995 4118 ζῶ,
2037 4018 2509 4114 πιστεύσατε,
2548 4016 2650 4116 μὴ

251 4143 394 4247 ἄρα
455 4178 612 4229 πως
672 4144 791 4222 καὶ
854 4140 1183 4221 τεθνάναι
1248 4144 1528 4245 συμβῇ.
1637 4135 1723 4218 τὸ
1795 4136 1937 4242 γάρ
2000 4138 2331 4241 ’Υποίγω,
2403 4147 2650 4224 κοινῶς

333 4381 380 4419 1.
418 4363 481 4433 δὴ
506 4371 847 4433 assumptum
871 4379 936 4416 ex
963 4360 1082 4416 B.a.
1399 4374 1449 4432 7.
1486 4363 1589 4415 τῶν
1612 4359 1851 4415 ἷουδαὶων
1878 4360 1942 4415 Β.
1970 4359 2152 4417 Holst.
2177 4361 2481 4417 emendavit
2504 4359 2649 4415 Aub.

262 4452 344 4490 12.
381 4438 712 4505 λεπτοτερων
735 4433 803 4487 Β.
827 4431 1129 4487 emendavit
1155 4431 1254 4486 Ht.
1403 4448 1486 4502 13.
1524 4430 1799 4487 ἀναπεῖσαι
1825 4431 1890 4486 Β.
1920 4431 2018 4486 Ht.
2042 4431 2327 4487 ἀναπεῖσαν
2351 4430 2653 4486 emendavit

256 4505 404 4633 233.
698 4519 782 4576 23.
821 4502 1149 4574 ἐνθυμήσεων
1170 4524 1228 4557 τε
1251 4501 1534 4575 ἀνθρώπων
1556 4501 1764 4556 ἐννοιῶν
1786 4503 1869 4556 καὶ
1895 4501 2105 4571 καρδίας
2129 4502 2197 4557 Β.
2228 4501 2326 4557 Ht.
2351 4500 2654 4557 emendavit

343 4678 487 4724 VOL.
522 4678 597 4723 11.
1447 4675 1484 4718 C
