3238 5158
236 354 318 418 ix.
350 377 407 419 1.
808 360 922 425 IN
983 361 1049 426 S.
1097 361 1613 427 JOANNEM.
1707 362 1903 429 LIB.
1935 362 2058 427 VI.
2505 358 2629 424 135

236 520 608 617 ἐπιβλέπει
642 523 916 629 τυφλὶν,
955 531 1258 625 σημεῖον
1292 522 1543 628 ὥσπερ
1593 528 1713 604 καὶ
1758 533 1971 606 τοῦτο
2005 527 2296 624 τίθησιν
2332 522 2626 626 ἐναργέ-

235 677 529 742 στατον,
568 644 679 726 ὅτι
713 650 840 746 τῆς
875 647 1006 748 μὲν
1036 648 1402 729 Ἰουδαίων
1440 646 2023 749 ἐπαναστήσεται
2069 649 2478 752 βδελυρίας,
2516 649 2636 726 καὶ

233 766 364 867 τὴν
429 767 805 875 θεομάχων
867 773 1291 879 καταλείψει
1363 768 1677 873 πληθὺν,
1736 771 2203 881 ἐπισκέψεται
2272 770 2348 852 δὲ
2408 768 2635 852 πάλιν

232 896 523 987 μᾶλλον
570 890 664 972 τὰ
713 893 905 995 ἔθνη,
942 898 1059 976 καὶ
1111 901 1210 981 εἷς
1256 894 1441 976 αὐτὰ
1484 895 1978 1002 μεταστρέφει
2025 899 2154 996 τῆς
2200 891 2633 998 ἡμερότητος

174 1034 209 1094 5
233 1017 359 1113 τῆς
395 1016 614 1096 αὐτοῦ
661 1015 795 1117 τὴν
830 1020 1271 1125 φιλοτιμίαν,
1308 1018 1359 1099 ἃ
1408 1023 1524 1098 καὶ
1565 1025 1671 1126 τῷ
1723 1018 1802 1101 ἐκ
1837 1016 2101 1122 γενετῆς
2135 1016 2634 1122 παρεικάζεται

231 1144 506 1245 τυφλῷ,
546 1138 663 1219 δια
708 1141 795 1220 τὸ
847 1144 924 1222 ἐν
957 1142 1206 1248 πλανῃ
1257 1146 1696 1244 γεγενῆσθαι
1745 1144 1865 1223 καὶ
1910 1144 1990 1222 ἐκ
2038 1176 2329 1247 πρωτης
2376 1139 2632 1244 ὥσπερ

232 1262 512 1360 ἡλικίας
560 1263 790 1369 ἔρημα
843 1269 971 1365 τῆς
1025 1268 1343 1366 ἀληθοῦς
1392 1267 1837 1369 θεὸγνωσίας
1887 1262 2234 1371 ὑπάρχειν
2270 1263 2473 1361 αὐτὰ,
2512 1266 2631 1344 καὶ

231 1385 317 1465 τὸ
381 1393 542 1492 φῶς
605 1389 732 1469 οὐκ
797 1424 982 1494 εχειν
1036 1388 1121 1470 τὸ
1183 1387 1385 1493 παρὰ
1449 1395 1667 1487 Θεοῦ,
1724 1388 2073 1486 τουτέστι,
2129 1423 2256 1469 τον
2321 1385 2441 1468 δια
2502 1421 2627 1468 του
2594 1393 2700 1459 d

235 1508 659 1609 Πνεύματος
714 1512 1124 1620 φωτισμόν.
1207 1516 1637 1619 ἐπιτηρῆσαι
1691 1512 1768 1594 δὲ
1820 1510 2051 1595 πάλιν
2105 1511 2506 1592 ἀκόλουθον
2560 1512 2639 1590 τί

134 1656 207 1696 10
230 1632 321 1712 ἂν
394 1634 742 1730 βούλοιτο
816 1640 1086 1788 δηλοῦν
1155 1636 1242 1717 τὸ
1316 1639 1413 1720 ὡς
1485 1639 1563 1717 ἐν
1634 1640 2066 1741 παραδρομῇ
2148 1633 2276 1715 τὸν
2345 1632 2633 1739 τυφλὸν

230 1758 674 1864 ἐπεσκέφθαι
716 1758 915 1863 παρὰ
950 1765 1302 1863 Χριστοῦ.
1380 1762 1504 1841 καί
1545 1795 1670 1860 μοι
1716 1757 1946 1842 πάλιν
1980 1759 2215 1840 ἔπεισι
2265 1764 2480 1857 νοεῖν,
2523 1756 2636 1838 ὅτι

228 1881 489 1984 κυρίως
552 1882 683 1976 μὲν
737 1885 894 1988 οὐχὶ
959 1891 1108 1967 τοῖς
1172 1884 1454 1965 ἔθνεσιν
1507 1883 1959 1984 ἐπεδήμησεν
2014 1885 2056 1963 5
2110 1880 2460 1986 Χριστὸς,
2514 1881 2636 1964 διὰ

228 2002 457 2106 μόνον
511 2005 588 2087 δὲ
640 2005 769 2087 τὸν
821 2006 1155 2111 Ἰσραὴλ,
1211 2007 1401 2089 καθὰ
1461 2011 1579 2089 καὶ
1638 2009 1850 2094 αὑτός
1906 2042 2050 2090 που
2109 2008 2344 2114 φησίν
2398 2017 2443 2055 “
2472 2007 2633 2087 Οὐκ
2722 2004 2968 2139 {Mam

231 2139 277 2177 ‘⁶
313 2130 742 2230 ἀπεστάλην
796 2136 857 2210 εὶ
911 2128 1015 2232 μὴ
1071 2138 1169 2216 εἶς
1222 2131 1316 2213 τὰ
1372 2130 1713 2236 πρόβατα
1777 2131 1871 2213 τὰ
1934 2128 2376 2212 ἀπολωλότα
2441 2129 2635 2210 οἴκου

132 2275 205 2335 ¹5
231 2262 278 2300 “
312 2252 703 2356 Ἰσραήλ·”
759 2255 1200 2358 κατωρθῶθη
1238 2255 1315 2336 δὲ
1351 2263 1502 2340 τοῖς
1538 2256 1822 2337 ἔθνεσιν
1857 2256 1902 2356 ἡ
1947 2253 2363 2359 ἀνάβλεψις
2412 2257 2510 2338 ὦς
2558 2255 2636 2333 ἐν

228 2373 531 2485 παρόδῳ
567 2383 900 2478 Χριστοῦ
933 2379 1506 2484 μεθορμίσαντος
1540 2380 1651 2461 ἐπ’
1687 2378 1870 2460 αὐτὰ
1917 2375 2045 2459 τὸν
2078 2374 2305 2474 ἐ’λεον,
2345 2374 2462 2457 διὰ
2506 2374 2637 2476 τὴν

227 2509 363 2597 τοῦ
397 2499 709 2606 Ἰσραὴλ
752 2504 1146 2585 ἀπείθειαν.
1213 2506 1330 2586 καὶ
1381 2512 1593 2586 τοῦτο
1639 2500 1729 2604 ἦν
1774 2538 1917 2608 αρα
1964 2500 2049 2585 τὸ
2101 2499 2221 2583 διὰ
2259 2499 2634 2586 Μωυσέως
2659 2536 2696 2582 ο

227 2629 350 2707 καὶ
388 2626 619 2708 πάλιν
650 2626 1143 2734 προαδόμενον
1175 2637 1220 2676 “
1245 2628 1445 2730 Ἐγὼ
1490 2625 2004 2732 παραζηλώσω
2054 2624 2309 2710 αυτοῦς
2358 2626 2467 2705 ἐπ’
2506 2659 2636 2705 ουκ
2723 2629 2972 2747 Qu.

227 2750 590 2848 “ἔθνει,’
553 2752 660 2831 επ’
701 2751 883 2831 ἔθνει
918 2752 1245 2859 ἀσυνέτῳ
1281 2758 1656 2857 παροργιῶ
1693 2750 1996 2835 αὐτούςῖ
2084 2750 2290 2834 εθνος
2323 2784 2456 2849 μεν
2491 2748 2635 2854 γὰρ

121 2904 200 2947 20
225 2872 588 2955 ἀσύνετον
630 2871 720 2975 ἦν
762 2873 845 2955 τὸ
897 2878 1239 2956 δουλεῦον
1276 2881 1366 2981 τῇ
1417 2877 1647 2957 κτίσει
1694 2873 1896 2980 παρὰ
1942 2872 2068 2955 τὸν
2105 2873 2478 2972 κτίσαντα,
2517 2875 2636 2953 καὶ

224 3005 515 3098 κτηνῶν
546 3000 840 3101 ἀλόγων
876 3000 1079 3100 δίκην
1115 3005 1212 3083 εἶς
1249 3006 1502 3080 πᾶσαν
1537 3001 1794 3083 ἀπλῶς
1830 3000 2146 3098 ἀμαθίαν
2180 2995 2635 3093 καταβοσκό-

221 3156 471 3222 μενον,
510 3126 625 3202 καὶ
673 3119 918 3224 μόνοις
963 3123 1425 3228 προσανέχον
1469 3131 1619 3207 τοῖς
1673 3125 1790 3203 ἐπὶ
1842 3127 1971 3222 τῆς
2026 3126 2185 3224 γῆς.
2267 3120 2507 3221 ἐπειδὴ
2558 3119 2635 3201 δὲ

220 3279 696 3350 παρωργισεν
734 3248 775 3327 5
810 3245 1122 3349 Ἰσραὴλ
1173 3250 1215 3328 5
1268 3245 1508 3354 σοφὸς
1558 3244 1677 3326 διὰ
1725 3244 1855 3327 τὸν
1887 3244 2128 3346 νόμον,
2167 3248 2286 3326 καὶ
2334 3278 2634 3329 συνετος

223 3368 347 3450 διὰ
411 3367 498 3451 τὸ
560 3368 942 3477 προφήτας
1007 3370 1213 3476 ἔχειν,
1274 3371 1917 3475 ἀντιπαρωργίσθη
1986 3368 2186 3475 παρὰ
2246 3377 2378 3451 τοῦ
2439 3373 2633 3449 Θεοῦ

118 3526 194 3586 25
220 3496 860 3602 προσληφθέντων
901 3501 997 3580 εἷς
1050 3492 1179 3575 τὸν
1222 3495 1505 3579 ἐκείνοις
1558 3495 1928 3597 πρέποντα
1983 3494 2210 3576 τόπον
2252 3500 2399 3574 τῶν
2443 3496 2628 3572 ἀσυ-
2656 3525 2693 3567 a
2734 3513 2871 3570 588
2888 3513 2969 3569 Δ.

221 3621 451 3701 νέτων
487 3617 571 3699 τὸ
619 3622 812 3722 πρὶν,
849 3616 954 3702 οἷς
1009 3616 1126 3698 διὰ
1180 3622 1309 3719 τῆς
1361 3618 1679 3702 πίστεως
1733 3620 1852 3699 καὶ
1891 3628 1935 3666 “
1962 3620 2200 3727 σοφία
2251 3618 2547 3720 γέγονεν
2590 3617 2631 3696 5
2725 3611 2882 3739 ἔξω·
2901 3612 2936 3663 ¹·

220 3755 270 3792 “
306 3741 638 3847 Χριστὸς
674 3743 794 3821 καὶ
829 3740 1195 3843 ἁγιασμὸς
1231 3745 1348 3822 καὶ
1383 3740 1962 3846 ἀπολύτρωσις,”
1986 3741 2171 3823 κατὰ
2198 3740 2282 3822 τὸ
2319 3775 2635 3846 γεγραμ-

215 3867 461 3971 μένον,
501 3868 730 3965 δῆλον
764 3863 841 3944 δὲ
878 3864 987 3945 ὅτι
1025 3868 1141 3946 καὶ
1177 3872 1336 3973 φῶς
1373 3869 1492 3946 καὶ
1529 3863 1969 3972 ἀνάβλεψις.

218 4141 293 4197 Β.
214 4068 598 4283 Ιθεέμᾜσοῒ
608 4067 729 4195 1113tb
732 4066 1588 4205 ἔδεοώπάῐλῖιῖιεὲηἷιθόξιέωοέ
1573 4066 2151 4195 εἰξωάδὴΑτὲἓιαοιοο
2134 4139 2300 4231 ipsae,
2270 4066 2635 4195 3εἰῒὲμιξῶκιε

618 4227 733 4264 ram
760 4209 974 4282 scripeit
999 4208 1066 4266 B.
1472 4210 1566 4279 τὴν
1588 4210 1899 4292 φιλοτιμίαν
1920 4212 2010 4280 τῆς
2034 4212 2218 4265 ἑαυτοῦ
2241 4209 2557 4298 ἡμερότητος
2580 4227 2630 4266 8.

310 4228 627 4365 mox
650 4280 852 4336 habent
875 4298 923 4336 c.
951 4278 1117 4336 Cord.
1189 4224 1508 4352 Legenffum
1532 4288 1594 4334 ut
1616 4279 1728 4335 vid.
1750 4280 2112 4372 γεγεννῆσθαι.
2298 4280 2352 4335 8.
2388 4279 2633 4336 τουτέστι

215 4304 576 4444 unumpate
601 4350 723 4407 Cat.
752 4351 905 4408 Harl.
931 4359 993 4406 ut
1018 4350 1124 4407 vid.
1147 4350 1294 4406 Aub.
1513 4366 1598 4405 12.
1637 4350 1828 4421 οὗχὶα.
1856 4351 1918 4406 οὐ
1943 4351 2048 4407 Ed.
2268 4367 2352 4422 13.
2389 4350 2631 4408 καθὼς8.

222 4441 312 4498 19.
350 4422 463 4495 ἐκ]
491 4422 652 4478 ‘’n-28.
679 4421 848 4493 (ANV
873 4420 997 4493 διο.)
1159 4437 1248 4477 22.
1282 4421 2055 4494 προσωίχονιπροσανεχων
2080 4420 2200 4477 Cat.
2227 4420 2635 4491 Η8τ1.ἃνέχον

216 4519 290 4575 Β.
315 4517 510 4591 ἀνέχον
533 4516 639 4573 Ed.
800 4535 957 4574 c-om
983 4534 1033 4574 8.
1289 4533 1376 4584 24.
1412 4505 1904 4642 ἀντιπαροργισθεὶς
1927 4517 1995 4573 Β.
2016 4519 2170 4574 dnm·
2337 4515 2505 4574 ισθεὶς
2530 4516 2632 4573 Ht.

215 4588 687 4662 ἆντιπαρωργίσθη
710 4540 885 4646 :got-
914 4586 1069 4644 Harl.
1094 4596 1157 4644 ut
1179 4586 1290 4645 vid·
1314 4587 1461 4644 Aub.
1712 4587 1976 4660 6.σοφιά
1999 4606 2049 4644 8.
2075 4539 2401 4660 ‹respuat--
