3238 5158
585 343 712 412 148
1186 313 1734 417 BJCYRILLI
1794 348 2376 416 ALEXANDR.
2813 343 2990 426 iat-3·

583 510 767 591 κατὰ
819 519 1011 595 Θεοῦ
1066 516 1499 613 δυσσεβείας
1564 517 1649 595 οὐ
1713 512 2247 621 καταλήξαντα,
2303 512 2672 619 κε’χριοται
2727 506 2993 589 λοιπὸν

584 637 699 715 ἐπὶ
764 635 892 717 τὸν
946 638 1257 743 Ἰσραὴλ
1322 645 1420 723 εἰς
1486 640 1808 736 βασιλεά
1863 636 2245 744 Ἰωσαφὰτ
2308 634 2454 721 υἱὸς
2521 636 2848 733 Ναμεσὶ,
2911 629 2994 716 ὃς

586 760 863 862 ἀναιρεῖ
916 762 1049 862 μέν
1111 763 1239 843 τὸν
1299 764 1669 869 Ὀχοζίαν,
1736 766 1853 843 καὶ
1922 759 2066 843 σῦν
2130 763 2370 869 ἐκείνῳ
2435 758 2569 860 τὴν
2631 756 2987 859 Ἰεζάβελ»

586 885 865 987 ἀναιρεῖ
912 885 988 966 δὲ
1043 892 1146 993 τῷ
1198 887 1494 992 Ἀχαὰβ
1549 890 1666 967 καὶ
1723 888 2000 990 ἑτέρους
2057 885 2247 972 υἱοὺς
2302 882 2817 983 ἑβδομήκοντα,
2862 879 2998 979 τὴν

589 1008 784 1088 θείαν
839 1009 1090 1114 ὥσπερ
1147 1010 1500 1118 διεξάγων
1556 1019 1652 1097 εἷς
1707 1012 1927 1113 πέρας
1982 1009 2231 1114 ὀργὴν,
2288 1013 2385 1093 ὡς
2441 1012 2556 1089 καὶ
2612 1009 2819 1106 τιμῆς
2874 1008 2996 1084 καὶ
3024 1036 3061 1096 5

521 1141 565 1204 b
589 1129 880 1236 χάριτος
918 1137 1031 1214 ἐπὶ
1069 1133 1301 1243 τούτῳ
1335 1143 1596 1241 τυχεῖν.
1680 1136 1758 1216 τί
1785 1134 1929 1239 γάρ
1968 1142 2158 1243 φησι
2199 1133 2383 1238 πρὸς
2420 1131 2637 1212 αὑτὸν
2673 1133 2714 1211 ὁ
2752 1127 2990 1226 Θεόςς

253 1243 430 1371 {03⁸⁸
453 1258 501 1292 ¹·
591 1268 635 1305 “
667 1256 876 1338 Ἀνθ’
916 1255 1017 1338 ὧν
1064 1258 1428 1359 ἠγάθυνας
1482 1263 1787 1359 ποιῆσαι
1843 1257 1928 1339 τὸ
1986 1257 2178 1343 εὐθές
2233 1261 2309 1338 ἐν
2353 1259 2764 1365 ὀφθαλμοῖς
2815 1287 2991 1352 μου,

591 1392 632 1428 “
670 1385 784 1462 καὶ
849 1381 1089 1463 πάντα
1163 1384 1308 1463 ὅσα
1383 1385 1459 1463 ἐν
1521 1389 1612 1488 τῇ
1689 1384 1944 1491 καρδίᾳ
2015 1418 2158 1481 μου
2230 1383 2576 1482 ἐποίησας
2647 1384 2751 1486 τῷ
2822 1377 2998 1483 οἴκῳ

590 1516 632 1554 “
657 1506 972 1613 Ἀχαὰβ,
1004 1509 1138 1588 υἱοὶ
1175 1506 1499 1609 τέταρτοι
1536 1506 1985 1606 καθήσονταί
2015 1540 2139 1586 σοι
2176 1508 2291 1587 ἐπὶ
2325 1513 2456 1586 τοῦ
2492 1503 2750 1607 θρόνου
2787 1498 2996 1583 σου.”

589 1633 760 1739 ὁρᾷς
816 1633 942 1711 οὖν
988 1632 1182 1717 ὅπως
1238 1631 1404 1716 τοὺς
1459 1632 1592 1732 μὲν
1641 1630 2000 1734 πονηροὺς
2055 1633 2133 1710 ἐκ
2188 1635 2524 1734 πονηρῶν
2568 1632 2645 1707 ἐν
2691 1625 3001 1733 τετάρτῃ
3031 1663 3113 1706 ιο

587 1754 801 1856 μόλις
853 1755 1165 1836 ἐκόλασε
1212 1761 1445 1863 γενεᾷ,
1490 1762 1595 1862 τῷ
1646 1756 1722 1836 δὲ
1778 1755 2162 1854 τιμήσαντι
2219 1758 2337 1835 καὶ
2390 1752 2600 1858 με’χρι
2654 1748 3002 1853 τετάρτης

592 1885 840 1979 γενεᾶς
897 1879 1179 1958 ἐκτείνει
1234 1876 1362 1958 τὸν
1411 1878 1645 1961 ἔλεον.
1722 1888 2002 1960 παῦσαι
2058 1881 2296 1959 τοίνυν
2329 1881 2623 1959 ’Ῑουδαῖε
2683 1879 2815 1974 τῆς
2869 1883 3002 1955 τοῦ

593 2008 786 2082 Θεοῦ
834 2000 1288 2102 δικαιοσύνης
1334 2010 1782 2106 κατηγορῶν·
1849 2009 1947 2086 εἷς
1988 2005 2341 2106 ἐγκωμίου
2391 1999 2532 2104 γὰρ
2583 1999 2792 2108 τάξιν
2826 1995 2999 2101 παρ’

594 2126 762 2224 ἡμῖν
797 2125 1229 2229 δεχθήσεται
1268 2123 1353 2205 τό
1396 2124 1828 2211 Ἀποδιδοῦς
1866 2126 2216 2230 ἁμαρτίας
2251 2124 2582 2231 πατέρων
2618 2124 2734 2205 ἐπὶ
2782 2124 3002 2203 τέκνα

536 2276 572 2318 0
595 2251 708 2329 ἐπὶ
745 2250 990 2351 τρίτην
1026 2253 1144 2329 καὶ
1176 2251 1526 2355 τετάρτην
1560 2249 1833 2353 γενεάν.
3034 2282 3110 2342 15

846 2490 1018 2556 Ἀλλ’
1085 2489 1192 2557 ἵνα
1247 2498 1605 2583 φανερωθῇ
1664 2492 1744 2559 τὰ
1801 2493 1959 2584 &prot
2012 2497 2127 2559 τοῦ
2184 2492 2352 2558 Θεοῦ
2408 2492 2479 2558 ἑν
2534 2491 2736 2577 αὐτῷ.

711 2658 1237 2766 Δυσεξὴγητον
1274 2660 1403 2757 μέν
1440 2694 1595 2744 πως
1636 2661 1842 2740 ἔσται
1879 2663 1996 2740 καὶ
2034 2659 2338 2764 ἀπορίας
2371 2659 2545 2740 εἵσω
2582 2663 2871 2757 πολλῆς
2919 2658 3006 2739 τὸ

596 2784 1081 2888 προκείμενον,
1128 2785 1245 2864 καὶ
1300 2782 1390 2885 ἦν
1432 2784 1565 2883 μὲν
1613 2785 1792 2868 ἴσως
1848 2786 1978 2864 οὐκ
2036 2784 2304 2883 ἀμαθὲς
2360 2785 2475 2864 καὶ
2529 2782 3008 2888 παρατρέχειν

598 2907 792 3008 αὐτὸ,
860 2913 977 2990 καὶ
1044 2909 1161 2990 διὰ
1224 2907 1308 2991 τὸ
1376 2908 1674 3016 σφόδρα
1741 2907 2171 3015 δυσέφικτον
2235 2911 2380 2988 ε’ἂν.
2482 2908 2654 2987 ἀλλ’
2721 2907 2838 2986 ἵνα
2902 2905 3006 3007 μὴ

599 3035 1014 3134 λελυμένων
1071 3033 1456 3137 δογμάτων
1509 3036 1941 3131 Ἰουδαϊκῶν,
2003 3032 2241 3136 ἕτερόν
2294 3066 2365 3112 τι
2419 3031 2766 3135 συγγενὲς
2821 3034 2998 3112 ἐκεί·
3039 3071 3121 3112 20

603 3194 746 3242 νοις
799 3159 1123 3260 καθάπερ
1164 3171 1206 3207 “
1235 3193 1342 3244 τις
1383 3157 1543 3264 ῥίζα
1587 3159 1874 3260 πικρίας
1924 3157 2072 3238 ἅνω
2124 3158 2418 3263 φύουσα
2453 3156 2783 3260 ἐνοχλῇ,”
2826 3157 3013 3236 κατὰ

535 3301 580 3365 d
604 3281 732 3380 τὴν
780 3291 908 3361 τοῦ
962 3283 1269 3363 Παύλου
1323 3282 1602 3391 φωνήν·
1684 3280 1866 3366 εἰκὸς
1922 3279 2066 3385 γὰρ
2122 3280 2588 3381 ὑποτοπῆσαί
2636 3313 2834 3364 τινας
2891 3279 3015 3360 διὰ

602 3412 814 3482 τοῦτο
858 3439 1040 3506 προς
1088 3406 1288 3505 πάθη
1341 3406 1432 3485 τὰ
1482 3413 1627 3487 τῶν
1663 3407 2064 3510 ἀνθρωπων
2103 3411 2486 3485 καλεῖσθαι
2524 3438 2858 3504 σωματα,
2898 3439 3016 3484 ινα

603 3532 678 3605 ἐν
714 3528 951 3609 αὐτοῖς
991 3534 1377 3635 φανερωθῇ
1427 3529 1520 3609 τὰ
1556 3566 1734 3634 εργα
1771 3539 1898 3611 τοῦ
1937 3537 2149 3611 Θεοῦ·
2220 3531 2600 3635 χρησίμως
2637 3564 2733 3614 ως
2767 3563 2853 3632 γε
2887 3562 3016 3629 μοι

607 3652 937 3756 φαίνεται
1005 3687 1120 3731 και
1184 3686 1368 3755 προς
1424 3662 1637 3734 τοῦτο
1702 3658 1919 3736 εἰπεῖν
1976 3655 2195 3758 ὀλιγα
2252 3656 2435 3735 ἅττα
2497 3688 2679 3758 προς
2744 3688 2830 3733 το
2894 3656 3014 3733 καὶ
3047 3683 3126 3743 25

607 3777 926 3855 ἐντεῦθεν
983 3776 1584 3879 ἀποκρούσασθαι
1649 3779 1926 3881 βλάβη,
1983 3814 2100 3859 και
2167 3787 2314 3863 τοῖς
2377 3779 2467 3886 ἐξ
2526 3777 2804 3877 ἀπάτης
2871 3787 3005 3857 λο-

271 3916 437 3979 snpra
610 3905 904 4000 γισμοῖς
953 3900 1302 3999 μηδεμίαν
1340 3900 1523 4005 ἔχειν
1565 3903 1945 4009 ἐπιτρέψω
1986 3904 2485 4004 παρείσδυσιν.
2562 3901 2671 3982 ὅτι
2718 3901 2849 4002 μὲν
2887 3901 3019 3981 οὖν

275 3994 388 4047 59⁴·
612 4023 771 4100 οὔτε
847 4019 975 4104 τὰς
1048 4017 1315 4124 γονέων
1389 4026 1744 4128 ἁμαρτίας
1816 4027 2063 4127 ἐπάγει
2136 4026 2401 4112 τέκνοις
2477 4024 2665 4109 Θεὸς
2746 4030 2803 4105 εἶ
2887 4029 3020 4126 τῆς

608 4145 888 4225 ἐκείνων
934 4148 1372 4247 δυστροπίας
1426 4144 1562 4229 εἷεν
1619 4145 1962 4254 ἀμέτοχα,
2000 4156 2117 4230 καὶ
2171 4150 2280 4231 ὅτι
2328 4150 2512 4254 πρὸς
2561 4148 2836 4232 τούτοις
2888 4151 3022 4230 οὐκ

263 3155 400 3206 Heb.
422 3156 506 3216 xii.

271 3234 291 3269 ι
301 3232 346 3282 5.

274 4148 438 4211 Supra
458 4159 518 4211 73

273 4229 381 4279 ‘qq-

684 4313 731 4350 ι.
767 4294 1009 4366 κέχρηται
1037 4296 1102 4352 Β.
1130 4296 1469 4355 Holsteuius.
1494 4299 1804 4356 emendavit
1835 4318 1865 4356 e
1899 4300 2020 4358 Cat.
2053 4302 2205 4359 Harl.
2229 4313 2291 4359 ut
2318 4302 2430 4360 vid.
2454 4302 2751 4366 Aubertue,
2770 4311 2824 4357 et
2858 4303 2937 4357 ita
2970 4320 3023 4358 8.

609 4406 660 4444 2.
694 4388 964 4460 Ἰωσαφὰτ
985 4390 1149 4446 habet
1171 4401 1224 4447 et
1247 4411 1295 4449 8.
1492 4413 1574 4467 13.
1614 4381 1839 4464 ταξινΒ
1844 4397 2031 4464 ,τάξιν
2053 4398 2215 4452 habet
2236 4416 2286 4454 8.
2394 4400 2473 4454 δει
2513 4397 2728 4467 θήσεται
2750 4396 2873 4470 παρ’
2897 4397 3024 4468 ἡμῖν

607 4460 822 4515 inverso
845 4460 1033 4517 ordine
1056 4478 1105 4517 8.
1402 4467 1651 4548 ι7.δστὶ
1674 4485 1722 4522 8.
1844 4466 1971 4523 εἵσω
1995 4468 2246 4524 emendat
2275 4470 2471 4541 Heyse.
2559 4492 2640 4524 συ
2668 4469 2731 4523 Β.
2757 4468 2889 4526 ἴσως
2919 4469 3021 4525 Ht.

610 4529 726 4672 ξιέο
743 4530 939 4657 (λεῖξαι
961 4531 1124 4588 verba
1148 4543 1379 4605 quatuor
1401 4536 1456 4590 in
1482 4553 1530 4591 8.
1734 4550 1820 4608 27.
1859 4538 2135 4611 ἐπιτρίψαι
2163 4540 2227 4595 Β.
2259 4541 2356 4596 Ht.
2384 4540 2688 4597 emendavit
2709 4549 2774 4596 ut
2794 4538 3024 4597 adnotat
