3238 5158
230 324 361 387 viii.
386 342 489 412 53.
802 332 918 397 IN
980 333 1044 397 S.
1094 333 1603 398 JOANNEM.
1698 334 1889 399 LIB.
1923 334 2045 399 VI.
2439 376 2446 385 -
2499 335 2623 397 119

232 491 734 598 ὑπερτερήσειν
809 495 1222 594 ὑπολαβὸν,
1287 503 1443 581 πῶς
1514 497 1644 577 οὐκ
1714 494 2185 598 ἀπόπληκτος
2257 498 2618 600 ἐναργῶς;

228 612 495 693 οἴονται
554 614 698 720 γὰρ
762 618 841 697 ἐκ
906 622 1198 718 πολλῆς
1260 620 1589 718 ἀμαθίας,
1644 617 1868 719 μόνον
1921 618 2050 700 τὸν
2103 629 2231 700 τοῦ
2285 620 2625 720 σώματος
2646 632 2692 699 b

225 733 541 818 θάνατον
600 745 1070 845 παραδηλοῦν
1141 746 1217 822 ἐν
1289 742 1567 827 τούτοις
1633 741 1762 824 τὸν
1823 742 2114 848 Κύρων,
2178 746 2296 824 καὶ
2368 743 2452 823 τὸ
2522 743 2625 843 μὴ

222 858 560 941 τεθνάναι
608 868 829 967 σαρκὶ
880 872 1028 949 τοῖς
1082 865 1277 973 αὐτῷ
1326 865 1768 964 πειθομένοις
1823 866 2515 970 κατεπαγγὲλεσθαι,
2565 872 2626 946 εἱ

165 1006 199 1067 5
225 986 344 1063 καὶ
421 983 534 1064 ὅτι
604 985 936 1085 μάλιστα
1008 984 1418 1094 σωφρόνων
1481 986 1573 1088 ἦν
1637 988 1854 1092 ἔργον
1916 990 2175 1071 ἐννοεῖν
2249 993 2346 1076 ὡς
2421 987 2628 1070 οὐδὲν

223 1108 674 1208 ἀποθνήσκει
728 1118 829 1219 τῷ
882 1118 1068 1221 Θεῷ,
1125 1109 1258 1191 κᾶν
1311 1110 1641 1218 ἀποθάνῃ
1691 1113 2275 1213 ζωοποιούμενον.
2364 1119 2425 1193 εἲ
2480 1111 2625 1217 γὰρ

223 1230 303 1310 ἐκ
356 1240 489 1311 τοῦ
536 1230 641 1333 μῆ
689 1233 893 1319 ὄντος
945 1241 1042 1320 εἷς
1090 1234 1175 1315 τὸ
1227 1232 1403 1315 εἷναι
1451 1236 1892 1341 παρηνέχθη,
1927 1244 2081 1322 πῶς
2129 1238 2287 1342 οὐχὶ
2335 1243 2626 1337 μᾶλλον

222 1355 676 1459 ἑτοιμότερόν
709 1363 937 1438 τεκαὶ
972 1358 1478 1462 εὐπετέα-τερον
1513 1356 1598 1439 τὸ
1637 1360 1773 1460 ἤδη
1810 1359 2245 1464 παρενεχθὲν
2280 1364 2352 1444 ἐς
2387 1359 2472 1441 τὸ
2508 1364 2625 1441 καὶ

220 1484 550 1565 εἰσαῦθις
595 1478 768 1561 εἶναι
803 1480 1266 1583 κληθήσεται,
1301 1481 1436 1563 κᾶν
1471 1482 1716 1587 βραχύ
1748 1517 1819 1563 τι
1856 1492 2108 1563 νοοῦσι
2145 1482 2628 1564 κατευνασθὲν

125 1634 197 1675 10
220 1605 309 1683 δι’
340 1606 786 1703 οἶκονομίαν;
827 1607 956 1686 οὐκ
991 1605 1251 1690 εἰδότες
1287 1613 1673 1709 τοιγαροῦν
1697 1614 1825 1686 τοῦ
1866 1611 2200 1711 Σωτῆρος·
2236 1605 2369 1706 τὴν
2406 1606 2629 1713 δόξαν
2652 1633 2689 1678 0

216 1727 559 1808 Ἰουδαῖοι
591 1727 1303 1832 κατασοβαρεύονταί
1339 1763 1494 1813 πως
1538 1735 1686 1809 τῶν
1719 1730 1890 1833 παρ’
1930 1730 2151 1811 αὐτοῦ
2190 1727 2469 1832 λόγων,
2512 1734 2630 1809 καὶ

218 1854 679 1947 δαιμονῶντα
742 1862 1115 1951 καλοῦσιν,
1172 1855 1269 1937 ὡς
1335 1855 1451 1932 καὶ
1515 1849 1617 1932 ὧν
1673 1854 1824 1933 οὐκ’
1857 1852 2236 1955 εἰργαστω
2293 1853 2484 1939 Θεὸς
2538 1851 2632 1933 τὰ

218 1972 441 2077 μείζω
487 1983 710 2055 ποιεῖν
749 1975 1344 2080 ὑπισχνούμενον,
1386 1979 1504 2056 καὶ
1551 1974 1735 2080 πρὸς
1784 1975 2149 2084 ἀπόδειξιν
2185 1981 2313 2078 τῆς
2360 1978 2632 2057 ἑαυτῶν

220 2099 731 2203 συκοφαντίας
780 2097 906 2181 τόν
940 2135 1016 2181 τε
1070 2108 1200 2180 τοῦ
1231 2098 1579 2203 Ἀβραὰμ
1626 2103 1743 2180 καὶ
1790 2106 1938 2180 τῶν
1975 2101 2199 2201 ἁγίων
2231 2105 2632 2207 προφητῶν

124 2244 197 2306 15
219 2221 803 2326 παρακομίζουσι
853 2221 1183 2321 θάνατον,
1221 2221 1340 2304 διά
1375 2257 1485 2303 τοι
1532 2224 1790 2303 τούτου
1839 2223 2164 2327 ἐλέγχειν
2200 2222 2468 2304 οἴονται
2503 2222 2633 2304 τὸν

220 2342 566 2445 Χριστὸν
612 2347 707 2429 ὡς
757 2345 1078 2446 ματαίοις
1124 2344 1256 2445 μὲν
1290 2345 1863 2450 ἐπικομπάζοντα
1915 2346 2185 2450 λόγοις,
2224 2351 2505 2449 διηνεκῆ
2555 2345 2633 2427 δὲ

219 2465 366 2566 τὴν
400 2464 587 2568 ζωὴν
619 2475 767 2552 τοῖς
814 2467 1269 2573 φυλάττουσι
1318 2467 1448 2549 τὸν
1491 2469 1721 2573 λόγον
1766 2471 1988 2550 αὐτοῦ
2038 2472 2301 2551 δώσειν
2349 2473 2621 2575 ὑπισχ-

222 2590 598 2689 νούμενον,
634 2594 1104 2695 παραλύοντα
1157 2594 1243 2673 δέ
1287 2628 1439 2677 πως
1464 2596 1611 2674 ’καὶ
1656 2591 1790 2693 τὴν
1835 2604 1963 2676 τοῦ
2014 2599 2209 2676 Θεοῦ
2258 2594 2503 2702 δόξαν,
2538 2594 2623 2673 δι’
2654 2600 2699 2665 d

225 2710 469 2795 ‹gv-r&
503 2716 713 2819 μείζω
751 2716 1011 2797 δώσειν
1048 2719 1284 2803 αὐτοῖς
1321 2719 1684 2820 ὁμολογεῖ.

127 2971 203 3012 20
261 2954 383 3021 Μιὶ
444 2955 518 3023 σὺ
572 2955 805 3048 μείζων
860 2951 921 3023 εἶ
970 2963 1085 3025 τοῦ
1139 2957 1390 3049 πατρὸς
1445 2957 1633 3036 ἡμῶν
1676 2957 1999 3047 Ἀβραὰμ,
2047 2957 2224 3026 ὅστις
2277 2955 2606 3038 ἀπέθανες
2661 2974 2740 3037 53

926 3084 1032 3149 καὶ
1085 3081 1146 3150 οἶ
1200 3091 1535 3175 προφῆται
1589 3082 1944 3149 ἀπέθανον.

347 3253 970 3353 Ἐπεσκιασμένος
1025 3258 1160 3336 κάν
1214 3253 1443 3363 τούτῳ
1500 3260 1647 3335 τῶν
1700 3251 2066 3334 Ἰουδαίων
2121 3253 2163 3333 ὃ
2217 3250 2461 3356 λόγος,
2519 3254 2637 3331 καὶ

228 3382 538 3474 βαθεῖαν
582 3378 812 3483 ἑαυτῷ
866 3376 1000 3478 τὴν
1048 3377 1364 3459 διάνοιαν
1408 3378 1681 3458 ὠδίνων
1734 3380 2007 3481 ὁρᾶται.
2089 3378 2166 3458 τί
2213 3375 2358 3481 γὰρ
2409 3375 2638 3458 πάλιν

234 3505 317 3581 ἐν
373 3498 605 3607 τούτῳ
668 3503 902 3605 φασὶν
966 3504 1545 3604 ἀνθρωποπρεπῆ
1610 3498 1744 3599 μὲν
1799 3502 2223 3599 ἐννοοῦντες,
2275 3497 2499 3602 πικρὰ
2561 3497 2630 3579 δ’

135 3645 209 3705 ²5
233 3625 366 3704 οὖν
408 3623 604 3724 ὅμως
649 3622 834 3703 κατά
880 3657 965 3726 γε
1013 3623 1143 3703 τὸν
1190 3626 1265 3704 ἐν
1318 3627 1591 3709 ἑαυτοῖς
1647 3622 1822 3704 ὄντα
1867 3624 2153 3706 σκοπόν
2184 3657 2206 3723 3
2289 3622 2439 3705 ἰδοῦ
2493 3621 2638 3727 γὰρ

235 3749 469 3828 καίτοι
573 3750 765 3854 φασὶ
868 3746 998 3828 τὸν
1088 3753 1282 3828 θεῖον
1370 3745 1819 3852 τηρήσαντες
1908 3745 2161 3850 λόγον,
2252 3745 2640 3827 τεθνάασιν
2666 3783 2705 3829 ο

234 3870 584 3975 Ἀβραάμ
638 3904 716 3950 τε
772 3873 889 3951 καὶ
944 3876 1012 3951 οὶ
1064 3874 1456 3977 προφῆται,
1501 3871 1673 3950 ἀλλ’
1720 3870 2132 3970 ἠκούσαμεν
2185 3870 2444 3974 ἀρτίως
2499 3903 2641 3949 σου

233 3991 332 4074 τὰ
404 3993 618 4098 μείζω
685 3997 880 4074 τισὶν
945 3993 1596 4096 ἐπαγγελλομένου.
1704 3993 1792 4073 δι’
1849 3989 1951 4073 ὧν
2016 3991 2162 4097 γὰρ
2229 3994 2381 4073 οὐδ’
2452 3992 2643 4077 ὅλως

314 4222 361 4261 1.
400 4205 533 4277 ὑπὲρ
556 4203 777 4276 τήρησιν
802 4204 870 4260 Β.
897 4204 1079 4263 Holst.
1101 4167 1419 4261 οωοηᾱιινιῖ
1429 4204 1577 4259 Aub.
1723 4222 1775 4270 4.
1810 4202 1949 4276 αὐτῷ
1977 4202 2227 4258 emendat
2253 4203 2455 4275 Heyse.
2475 4202 2645 4258 αὐτῶν

239 4276 309 4332 Β.
332 4276 491 4331 αὐτὸν
510 4275 612 4330 Ht.
629 4275 702 4333 εἷς
724 4277 881 4332 αὐτὸν
905 4276 1051 4331 Aub.
1135 4294 1189 4347 9.
1214 4276 1447 4331 τίνουσιν
1469 4274 1536 4329 Β.
1561 4273 1662 4328 Ht.
1687 4295 1738 4328 τι
1763 4278 1945 4330 νοοῦσι
1969 4273 2275 4329 emendavit
2290 4275 2378 4343 (ut
2401 4272 2644 4344 adnotat)

236 4346 519 4403 Aubertus
556 4345 703 4419 quod
738 4347 936 4401 retinui
971 4364 1138 4419 quum
1177 4346 1368 4401 melius
1404 4343 1691 4400 emendare
1725 4360 1836 4398 non
1873 4362 2117 4415 possum.
2149 4366 2201 4399 n
2237 4343 2394 4413 νεύσῃ
2432 4344 2646 4398 con‘icit

238 4417 329 4473 He
365 4435 444 4473 fle.
649 4433 733 4485 14.
768 4420 1054 4488 προφητῶν
1076 4435 1186 4472 om.
1211 4416 1356 4472 Aub.
1557 4414 1645 4470 26.
1682 4415 1961 4470 τεθνάιισιν
1986 4413 2053 4470 Β.
2078 4413 2386 4483 τεθνήκασιν
2411 4414 2512 4468 Ht.
2590 4414 2645 4469 d.

234 4498 307 4614 ‘cita
341 4507 390 4614 qt
398 4486 590 4614 {me
821 4499 908 4557 27.
946 4486 1565 4560 οἶν-ἐπαγγελλομένους
1592 4485 1659 4540 Β.
1688 4483 1788 4540 Ht.
1813 4484 2442 4557 σου-ἐπαγγελλομένου
2464 4501 2647 4538 emen-

306 4577 362 4613 ιη
466 4577 507 4614 u
549 4598 564 4613 .
