3238 5158
655 335 786 399 680
1259 338 1338 401 Β.
1385 337 1808 402 CYRILLI
1870 337 2445 404 ALEXANDR.
2721 328 2862 395 xvii.
2883 326 3009 391 6—8.

657 499 841 598 ἡμᾶς
877 501 1217 602 συνήθεια
1252 502 1512 607 λέγειν.
1593 505 1710 583 καὶ
1747 511 1926 605 γοῦν
1965 506 2006 583 5
2040 502 2472 610 σοφώτατος
2506 501 2778 605 ἔγραψε
2811 500 3011 576 Σολο-

317 610 511 726 ἓξ,
656 623 816 721 μών
858 634 903 672 “
925 623 1228 728 Αἱρετὸν
1282 626 1509 726 ὄνομα
1564 626 1793 707 καλὸν
1846 624 1894 728 ἢ
1950 634 2269 712 πλοῦτος
2321 625 2610 723 πολὺς,”
2657 653 3011 708 ‘rom-emm,

657 746 963 847 ἀμείνων
997 747 1368 856 ὑπόληψις
1415 748 1657 900 ἀγαθὴ
1708 754 1827 831 καὶ
1876 750 2059 905 δόξα
2106 754 2235 850 τῆς
2282 752 2363 830 ἐν
2403 746 2698 856 πλούτῳ
2744 742 3008 852 φαιδρό·

588 886 634 952 d
659 904 869 971 τητος
905 874 1021 953 καὶ
1060 873 1593 981 περιφανείας’
1557 876 1743 953 εστί.
1821 877 1939 955 καὶ
1975 872 2189 960 αὐτὸς
2224 872 2313 954 δέ
2346 907 2490 954 που
2524 870 2816 979 φησὶν
2787 905 2825 949 ο
2858 863 3016 948 Θεὸς

317 988 566 1105 ΞκΜζῗδ
658 991 774 1074 διὰ
847 1000 1096 1102 φωνῆς
1155 995 1476 1078 Ησαΐου
1538 1005 1689 1081 τοῖς
1753 998 2261 1102 εὐνουχίσασιν
2319 1007 2364 1046 “
2398 994 2686 1081 ἑαυτους
2744 991 2854 1073 διὰ
2907 991 3062 1089 τὴν5

319 1119 517 1249 ξξὸΜ·
657 1128 702 1166 “
735 1120 1123 1215 βασιλείαν
1159 1129 1305 1202 τῶν
1339 1122 1708 1225 οὖρανῶν”
1748 1131 1793 1169 “
1819 1122 1953 1222 Μὴ
1990 1123 2261 1225 λεγέτω
2310 1124 2351 1202 5
2400 1122 2731 1224 εὐνοῦχος
2768 1116 2869 1197 ὅτι
2899 1112 3017 1216 ἐγῶ

657 1250 880 1343 “ειμι
918 1243 1148 1351 ξύλον
1183 1244 1431 1353 ξηρόν·
1492 1244 1663 1326 τάδε
1699 1246 1897 1349 λεγει
1936 1242 2203 1350 Κύριος
2249 1253 2398 1331 τοῖς
2446 1244 2800 1348 εὐνούχοις
2821 1238 3016 1320 Οσοι

657 1376 703 1414 “
739 1364 831 1448 ἂν
886 1368 1358 1477 φυλάξωνται
1419 1366 1512 1450 τὰ
1576 1368 2117 1472 προστάγματά
2172 1404 2314 1469 μου
2370 1371 2488 1450 καὶ
2547 1366 2942 1465 ποιήσωσιν
2980 1355 3020 1439 ἃ

659 1492 881 1596 “ε’γὼ
931 1492 1144 1590 θέλω,
1183 1494 1402 1574 δώσω
1458 1494 1698 1579 αὐτοῖς
1749 1496 1825 1574 ἐν
1863 1499 1965 1602 τῷ
2014 1492 2182 1604 οἴκῳ
2228 1528 2371 1591 μου
2418 1495 2536 1573 καὶ
2585 1494 2661 1572 ἐν
2698 1496 2799 1597 τῷ
2843 1519 3021 1591 τειχει

659 1625 705 1664 “
740 1650 882 1715 μου
915 1614 1141 1698 τόπον
1176 1615 1605 1716 ὀνομαστὸν,
1647 1625 1993 1721 κρεῖσσον
2030 1622 2198 1699 υἱῶν
2235 1621 2353 1699 καὶ
2389 1616 2800 1720 θυγατέρων
2831 1614 3023 1710 ὄνομα
3045 1637 3098 1679 10

660 1751 705 1789 ‘⁴
737 1740 1020 1821 αἰώνιον
1055 1741 1273 1822 δώσω
1322 1741 1628 1826 αὑτοῖς.”
1689 1744 1805 1822 καὶ
1841 1742 1927 1821 οὐ
1964 1740 2052 1842 δή
2089 1776 2196 1827 τις
2232 1740 2573 1841 οἰήσεται,
2614 1738 2797 1819 κατά
2841 1771 2915 1839 γε
2955 1734 3023 1814 τὸ

660 1862 861 1963 εἰκὸς,
906 1864 974 1944 εἴ
1020 1899 1103 1968 γε
1158 1865 1600 1970 σωφρονοίη,
1655 1869 1784 1965 τῆς
1838 1867 1916 1946 ἐκ
1972 1870 2164 1946 Θεοῦ
2219 1864 2636 1973 φιλοτιμίας
2691 1861 2821 1962 τὴν
2864 1858 3026 1940 ἀντί-

659 1993 871 2069 δοσιν
930 1990 1007 2068 ἐν
1047 1994 1308 2144 ψιλαῖς
1364 1986 1735 2086 ὀνομάτων
1789 1988 2470 2090 ἀπονεμηθήσεσθαι
2535 1989 2850 2088 κλήσεσι
2904 1989 3026 2064 τοῖς

655 2111 747 2218 ἐξ
794 2113 1072 2213 ἀγαθοῦ
1125 2116 1245 2191 καὶ
1299 2113 1693 2219 φιλαρέτου
1749 2111 2230 2219 φρονήματος,
2282 2110 2573 2213 ἁπάσης
2630 2109 2761 2209 μὲν
2805 2112 2922 2208 τῆς
2967 2108 3027 2185 ἐν

319 2256 564 2322 Οοιὶὶιε,
659 2231 916 2344 κόσμω
971 2233 1532 2335 καταθλήσασιν
1586 2236 1867 2336 ἡδονῆς,
1919 2270 2331 2340 νεκρωσασι
2386 2234 2552 2317 δὲ“
2571 2270 2670 2316 τα
2725 2231 2908 2334 μέλη
2953 2227 3028 2308 τὰ
3052 2249 3102 2308 ¹5

661 2360 856 2439 “ε’πὶ
926 2363 1055 2459 τῆς
1122 2360 1319 2462 γῆς,”
1378 2362 1495 2441 καὶ
1555 2357 1745 2459 μόνα
1808 2360 2222 2461 τετιμηκόσι
2284 2359 2378 2441 τὰ
2443 2367 2593 2444 τοῖς
2660 2360 2868 2442 θείοις·
2923 2355 3028 2435 οὐκ

657 2477 1030 2592 ἀπᾴδοντα
1068 2482 1330 2583 νόμοις.
1409 2483 1581 2564 ἄλλ
1618 2482 1847 2586 ὄνομα
1885 2482 2117 2567 πάλιν
2149 2487 2307 2565 ἀντὶ
2355 2488 2484 2586 τῆς
2530 2484 2753 2593 δόξης
2801 2479 3026 2593 φησίν·

325 2616 452 2673 961
468 2615 546 2671 Α·
600 2630 638 2671 ⁸
659 2607 962 2712 ζηλωτοι
1014 2605 1158 2713 γὰρ
1213 2608 1500 2690 ἔσονται
1554 2613 1673 2691 καὶ
1729 2606 2181 2707 ἀπόβλεπτοι
2235 2609 2903 2711 συμβασιλεύοντες
2947 2606 3031 2711 τῷ

660 2737 991 2840 Χριστῷ.

774 2856 1367 2962 Πεφανερωκεναι
1415 2865 1799 2961 τοιγαροῦν
1835 2854 1908 2940 re?
1951 2893 2160 2964 ονομα
2208 2866 2337 2938 τοῦ
2374 2862 2566 2938 Θεοῦ
2614 2890 2738 2936 και
2775 2849 3034 2955 Harpax
3054 2870 3108 2913 ²⁰

662 2980 705 3060 5
763 2978 1021 3083 Σωτὴρ
1085 2980 1163 3060 εὖ
1227 2978 1432 3080 μάλα
1476 2981 2018 3134 διισχυρίζεται,
2072 3014 2424 3078 τουτεστι,
2482 2976 3036 3086 διαφανεστᾶτην

662 3110 810 3189 τοῖς
883 3101 1022 3185 ἀνὰ
1093 3110 1348 3186 πᾶσαν
1418 3100 1551 3205 τὴν
1624 3103 2038 3205 οἰκουμένην
2110 3109 2569 3206 καταστῆσαι
2641 3104 2783 3205 τὴν
2843 3101 3037 3209 δόξαν

663 3228 908 3308 αὐτοῦ.
1005 3234 1161 3313 πῶς
1215 3225 1261 3328 ἢ
1316 3229 1476 3309 τίνα
1528 3226 1843 3332 τρόπον·
1822 3290 1845 3327 ,
1919 3227 2170 3310 ἑαυτὸν
2227 3227 2305 3310 δὲ
2359 3227 2696 3331 δηλονότι
2753 3225 2869 3309 διὰ
2917 3231 3037 3308 τῶν

665 3352 842 3456 ὑπὲρ
896 3351 1124 3456 λόγον
1177 3353 1754 3457 κατορθωμάτων
1803 3354 2148 3457 παραθεὶς
2204 3359 2301 3438 εἶς
2360 3352 2754 3460 ἀπόδειξιν.
2839 3347 3032 3458 δοξά-

664 3475 851 3580 ζεται
900 3477 1045 3581 γὰρ
1100 3478 1141 3557 5
1179 3476 1439 3581 Πατὴρ
1488 3479 1564 3557 ἐν
1599 3482 1703 3585 τῷ
1735 3480 1913 3584 Υἱῷ,
1950 3476 2273 3580 καθάπερ
2320 3477 2397 3557 έν
2434 3475 2644 3557 εἰκόνι
2667 3530 2676 3535 „
2699 3481 2820 3558 καὶ
2864 3475 3037 3580 τύπῳ
3056 3482 3110 3545 ¹⁵

664 3603 792 3700 τῆς
845 3600 1024 3685 ἰδίας
1079 3604 1390 3707 μορφῆς·
1451 3599 1597 3682 ἀπὸ
1652 3597 1798 3705 γὰρ
1852 3609 1983 3681 τοῦ
2031 3604 2480 3705 χαρακτῆρος
2529 3599 2615 3682 τὸ
2663 3607 2816 3681 τῶν
2856 3601 3039 3703 ἀρχε-

665 3724 910 3805 τύπων
946 3726 1054 3804 ἀεὶ
1083 3723 1525 3830 διαφαίνεται
1564 3723 1864 3808 κάλλος.
1929 3723 2429 3832 πεφανέρωται
2464 3723 2703 3805 τοίνυν
2741 3726 2784 3805 5
2811 3729 3034 3804 Μονο-

667 3845 896 3949 γενὴς,
934 3849 1300 3931 οὐσιωδῶς
1338 3847 1680 3953 ὑπάρχων
1715 3849 1949 3955 σοφία
1983 3851 2102 3928 καὶ
2139 3846 2303 3951 ζωὴ,
2328 3851 2649 3954 τεχνίτης
2687 3855 2838 3929 τῶν
2872 3846 3041 3927 ὅλων

600 3987 645 4054 b
668 3974 785 4052 καὶ
830 3968 1276 4076 δημιουργὸς,
1315 3971 1628 4053 θανάτου
1676 3973 2014 4075 κρείττων
2049 3975 2166 4053 καὶ
2214 3978 2515 4080 φθορᾶς,
2552 3971 2759 4057 ὅσιος
2807 3972 3042 4051 ἄκακος

670 4094 1049 4198 οἰκτίρμων
1110 4092 1310 4199 ἅγιος
1374 4096 1666 4198 ἀγαθός.
1757 4097 2092 4200 ἐγνώσθη
2151 4105 2377 4178 ταῦτα
2440 4097 2783 4202 ὑπάρχων
2844 4093 2956 4175 καὶ
3007 4089 3112 4167 53⁰

667 4219 1022 4322 γεννήσας
1076 4217 1316 4300 αὐτόν·
1394 4221 1479 4300 οὐ
1533 4218 1679 4324 γὰρ
1731 4220 1822 4301 ἂν
1876 4220 2129 4324 ἑτέρως
2194 4220 2343 4325 ε”χοι
2402 4218 2585 4302 κατὰ
2648 4218 2784 4320 τὴν
2839 4215 3042 4325 φύσιν

666 4342 867 4448 παρὰ
908 4343 1036 4424 τὸν
1069 4344 1159 4452 ἐξ
1205 4345 1421 4424 αὐτοῦ
1471 4351 1822 4452 φυσικῶς.
1903 4343 2268 4452 διέλαμψε
2314 4350 2572 4444 τοίνυν,
2609 4347 2704 4429 ὡς
2739 4346 2819 4425 ἐν
2854 4335 3043 4422 εἰκόνι

1324 4588 1412 4643 3²·
1449 4574 1539 4628 τὸν
1564 4572 1693 4629 E.F.
1720 4571 1884 4628 Cord.
1911 4572 2015 4628 Ed.
2040 4590 2152 4646 mg.
2177 4577 2280 4629 τῶν
2305 4572 2405 4628 Ed.
