3238 5158
222 341 462 429 viii.38.
581 343 697 408 IN
759 346 827 409 S.
876 344 1397 410 JOANNEM.
1488 344 1680 411 LIB.
1714 345 1798 409 V.
1890 344 2095 410 CAP.
2130 344 2214 409 V.
2523 346 2603 409 75

218 505 417 592 καίως
467 508 713 613 ἐπάγει
769 514 888 592 καὶ
952 519 1203 604 ταῦτα,
1263 516 1382 593 καὶ
1445 509 1563 592 διὰ
1626 512 1841 593 ποίαν
1895 513 2149 609 αἰτίαν,
2206 510 2605 610 ἐκθήσομαι

215 627 448 712 πάλιν.
511 635 595 714 οὐ
632 632 779 738 γὰρ
815 634 1198 738 ἠγνόησεν,
1238 640 1334 720 ὡς
1370 633 1576 734 εἰκὸς,
1616 638 1712 720 ὡς
1750 632 2422 734 ἀνταναοτήσονται
2460 641 2606 714 τῶν

212 755 562 837 Ἰουδαίων
597 758 783 842 τινὲς
833 766 982 844 τοῖς
1029 763 1198 863 παρ’
1241 762 1459 841 αὐτοῦ
1507 759 2017 865 διαμαχόμενοι
2054 756 2322 863 λόγοις,
2359 760 2476 839 καὶ
2511 758 2605 839 τὰ
2629 786 2665 825 a
2708 771 2840 827 546
2860 771 2945 828 A·

211 879 283 958 ἐκ
347 883 471 980 τῆς
495 906 508 911 “
530 882 834 983 ἐνούσης
897 885 1137 968 αὐτοῖς
1204 887 1786 991 φρενοβλαβείας
1850 882 2316 988 ἐρευγόμενοι,
2375 883 2603 965 πάλιν

155 1021 187 1081 5
211 1002 483 1104 ἐροῦσιν
543 1006 661 1085 Ού
734 1005 991 1107 μάτην,
1059 1010 1157 1092 ὡς
1230 1006 1399 1114 φῂς,
1473 1009 1590 1090 ἐπὶ
1665 1011 1790 1089 σοὶ
1864 1010 2160 1114 φονῶσί
2225 1042 2429 1106 τινες,
2494 1009 2600 1088 ἐπ’

209 1125 525 1230 εὐλόγοις·
582 1137 679 1216 εἷς
732 1138 946 1211 τοῦτο
999 1133 1523 1236 παρώρμηνται
1582 1140 1739 1216 ταῖς
1798 1133 2073 1232 αἰτίαις,
2128 1129 2465 1239 θεοφιλὲς
2529 1134 2606 1211 ἐν

207 1252 437 1337 αὐτοῖς
495 1253 579 1335 τὸ
639 1256 920 1357 κίνημα,
986 1259 1102 1337 καὶ
1169 1257 1395 1361 ζῆλος
1456 1259 1585 1338 οὐκ
1654 1257 1839 1362 ἔχων
1899 1257 1984 1338 τὸ
2050 1263 2606 1362 κατηγορεῖσθαι

206 1378 507 1461 δικαίως·
565 1378 939 1485 ἀχῶρητος
973 1380 1118 1485 γὰρ
1153 1383 1230 1461 ἐν
1266 1382 1503 1466 αὐτοῖς
1551 1384 1592 1461 ὃ
1644 1380 1781 1466 σός
1832 1384 1991 1462 ἐστι
2041 1381 2285 1483 λόγος,
2320 1383 2604 1484 ἐπείπερ

206 1501 414 1580 αὑτὸν
465 1503 756 1612 ἀπῳδὸν
805 1502 1129 1605 ἐποιήσω
1187 1510 1291 1614 τῷ
1344 1512 1529 1614 Θεῷ,
1571 1509 1826 1613 φησὶν,
1865 1504 2108 1609 ἑτέραν
2154 1507 2339 1606 ἡμᾶς
2395 1508 2594 1586 διδά-

113 1649 182 1693 10
204 1657 395 1710 σκεις
430 1627 826 1728 πλάνησιν,
864 1633 979 1709 καὶ
1032 1634 1160 1731 τῆς
1212 1629 1344 1728 μὲν
1380 1630 1565 1711 κατὰ
1612 1629 1742 1710 τὸν
1779 1627 1999 1728 νόμον
2035 1628 2348 1737 ἐξέλκεις
2396 1631 2596 1728 ὁδοῦ,

202 1750 691 1856 μεταβιβάζεις
747 1754 840 1834 δέ
878 1788 1037 1838 πως
1090 1757 1205 1835 ἐπὶ
1258 1753 1343 1835 τό
1398 1789 1523 1835 σοι
1579 1758 1700 1834 καὶ
1758 1751 1955 1863 μόνῳ
2014 1758 2298 1835 δοκοῦν.
2376 1763 2604 1834 ταῦτα

203 1871 427 1974 δήπου
510 1875 800 1962 πάντως
887 1876 1531 1986 διαψιθυριζόντων
1610 1878 1795 1959 κατὰ
1886 1879 1971 1959 τὸ
2062 1877 2378 1981 λεληθὸς
2457 1885 2603 1960 τῶν
2626 1891 2670 1956 b

201 1997 579 2100 Ἰουδαίων,
623 1999 669 2103 ἢ
729 2004 846 2082 καὶ
902 2002 1072 2082 καθ’
1114 2000 1405 2086 ἑαυτοὺς
1462 2003 2069 2102 διενθυμουμένων
2122 2008 2605 2110 προσυπαντᾷ

201 2119 420 2203 πάλιν
460 2124 501 2202 ὁ
553 2125 840 2229 Κύριος,
878 2125 1078 2211 εἰδὼς
1127 2126 1218 2207 τὰ
1266 2130 1344 2206 ἐν
1387 2128 1623 2211 αὐτοῖς
1676 2133 1819 2207 τῶν
1863 2130 2363 2230 διαλογισμῶν
2398 2126 2599 2226 κινή-

110 2267 177 2327 ¹5
202 2276 413 2345 ματα·
474 2247 661 2334 Θεὸς
698 2247 842 2354 γάρ
878 2253 1080 2331 ἐστιν
1114 2248 1481 2351 ἀληθινός·
1533 2255 1646 2331 καὶ
1690 2249 1806 2331 διὰ
1850 2259 2061 2332 τοῦτο
2099 2250 2295 2354 λε’γει
2328 2250 2518 2352 Ἐγὼ
2555 2246 2608 2331 οἳ

205 2369 472 2479 ἑώρακα
509 2371 708 2482 παραὶ
745 2383 841 2484 τῷ
877 2382 1094 2483 Have-p}
1134 2374 1367 2472 λαλεῖ,
1393 2371 1960 2480 κατεσκεψοῖμην
1986 2374 2118 2476 τὴν
2146 2383 2274 2456 τοῦ
2312 2374 2606 2479 Πατρὸς

199 2504 324 2574 τοῦ
368 2499 546 2597 ἐμοῦ
597 2496 848 2605 φύσιν,
887 2494 1075 2579 εἶδον
1129 2499 1219 2607 ἐξ
1268 2500 1574 2599 ἐμαυτοῦ
1625 2498 1986 2586 πολλάκις
2037 2503 2154 2579 καὶ
2204 2503 2279 2582 ἐν
2319 2501 2606 2609 ἐμαυτῷ

196 2616 321 2699 τὸν
356 2621 832 2724 γεννήσαντα,
870 2627 987 2703 καὶ
1022 2630 1167 2704 τῶν
1203 2625 1281 2704 ἐν
1318 2626 1510 2733 αὐτῷ
1550 2622 1978 2725 θελημᾶτων
2012 2625 2278 2727 γέγονα
2316 2623 2600 2728 θεωρός.

199 2738 379 2825 εἶδον
448 2748 533 2826 δι’
602 2747 925 2854 ἐμφύτου
986 2745 1320 2848 δηλονότι
1393 2749 1756 2845 γνώσεως,
1820 2750 2047 2828 ποίων
2109 2748 2338 2851 ἔργων
2401 2752 2601 2828 ἐστὶν
2625 2778 2662 2821 e

105 2898 177 2939 20
198 2867 528 2969 ἐραστὴς,
564 2871 791 2950 ταῦτά
843 2905 922 2951 τε
973 2893 1184 2952 λαλω
1232 2906 1415 2975 προς
1465 2874 1668 2970 ὑμᾶς,
1708 2870 1910 2951 οὐδὲν
1947 2872 2022 2951 δέ
2078 2871 2269 2956 ολως
2323 2874 2601 2979 ἀπᾷδον

198 2989 488 3095 εἱρηκως
524 2994 933 3094 ἁλώσομαι,
962 2994 1123 3076 οὐδὲ
1159 2992 1541 3101 διατέταχά
1575 3029 1647 3075 τι
1681 2994 1883 3097 παρὰ
1916 2994 2001 3074 τὸ
2037 2995 2276 3103 ἐκείνω
2314 3000 2593 3075 δοκοῦν.

197 3115 301 3194 ἐπ’
341 3119 571 3198 ἐκεῖνα
616 3125 860 3199 καλεῖν
895 3119 1313 3200 ἐσπούδακα
1356 3117 1523 3205 τοῦς
1559 3118 2075 3222 ἀκροωμένους,
2112 3120 2196 3199 ού
2231 3126 2378 3199 τῶν
2413 3121 2602 3218 ἐμῶν

196 3238 537 3344 ἀφιστας·
604 3245 682 3323 ἐν
728 3245 884 3343 ἐμοὶ
938 3243 1083 3348 γὰρ
1137 3243 1229 3324 τὰ
1283 3242 1578 3341 ἐκείνου,
1612 3246 1730 3323 καὶ
1784 3242 1878 3322 τὰ
1926 3241 2062 3343 ἐμὰ
2112 3241 2339 3324 πάλιν
2385 3243 2475 3323 αὖ
2524 3245 2600 3323 ἐν

195 3366 410 3475 αὐτῷ·
473 3368 646 3448 ἀλλ’
687 3373 747 3449 εἷ
792 3372 910 3449 καὶ
953 3371 1176 3453 οὕτως
1215 3368 1402 3474 ἔχων
1437 3374 1528 3473 τῇ
1566 3368 1811 3477 φύσει,
1850 3371 1966 3448 καὶ
2004 3365 2486 3467 συνεθελητὴς
2523 3370 2599 3446 ἐν

104 3500 171 3561 ²5
195 3485 473 3571 ἅπασιν
529 3492 871 3597 ὑπάρχων
925 3499 1029 3600 τῷ
1087 3497 1253 3601 Θεῷ
1310 3496 1428 3572 καὶ
1481 3495 1743 3595 Πατρῖ,
1796 3496 1983 3572 δοκῶ
2037 3525 2145 3575 τις
2199 3489 2373 3571 εἶναι
2426 3492 2595 3590 παρ’

194 3614 391 3709 ὑμῶν
451 3616 583 3695 οὐκ
647 3614 945 3716 ἀληθὴς,
1008 3618 1126 3696 καὶ
1192 3611 1618 3716 νενόμισμαι
1685 3621 1833 3695 τῶν
1892 3616 2100 3695 θείων
2163 3617 2345 3713 ὑμᾶς
2406 3618 2591 3696 ἀπο-

192 3745 485 3818 πλανᾶν
549 3737 1074 3840 παιδευμάτων,
1137 3739 1484 3820 λελύσθω
1557 3774 1643 3819 το
1719 3739 2073 3842 ἔγκλημα,
2130 3739 2394 3845 ῥίψατε
2464 3735 2598 3838 τὴν

193 3860 558 3943 ὑπόνοιαν·
630 3860 685 3945 οἳ
738 3863 1067 3959 ἠκούσατε
1124 3899 1326 3972 παρα
1380 3867 1491 3944 τοῦ
1549 3868 1812 3969 Πατρος
1870 3899 2137 3961 wotene,
2194 3861 2596 3962 λελάληκεν
2619 3874 2664 3940 d

192 3985 353 4085 ὑμῖν
411 3985 531 4066 διὰ
589 3987 987 4086 Μωυσεως,
1041 3985 1407 4092 περάσατε
1475 3986 1607 4088 τὴν
1663 3983 1985 4086 ἐντολὴν,
2042 3986 2398 4085 ἠκούσατε
2462 3985 2587 4066 λε’-

99 4128 170 4187 30
192 4143 449 4211 γοντος
516 4121 559 4159 “
586 4112 871 4219 Ἀθῷον
944 4145 1064 4192 και
1134 4112 1403 4192 δίκαιον
1477 4113 1607 4192 οὐκ
1681 4112 2150 4194 εἴτι-οκτενσεΐς.υ
2244 4116 2399 4195 πῶς
2470 4111 2597 4189 οὖν
2685 4114 2846 4193 ¹339?-

2694 1502 2782 1555 Es.
2803 1519 2925 1553 xxx.

2699 1581 2777 1621 10.

2686 4196 2831 4231 xxm.
2863 4193 2910 4244 7.

263 4336 347 4375 12.
385 4320 641 4393 λεληθὸς]
676 4329 731 4384 -4-
764 4322 880 4378 ἐστι
906 4322 971 4378 Β.
1210 4340 1293 4395 13.
1329 4344 1402 4393 πρ
1405 4344 1549 4379 offan·
1648 4323 1847 4380 ‘'Aub.
2083 4321 2165 4377 16.
2197 4324 2348 4376 λαλῶ
2378 4321 2485 4385 Β.,
2512 4321 2598 4376 καὶ

192 4388 379 4446 Holst.
406 4343 522 4447 Ed.
660 4405 772 4484 ⁸17.
810 4390 948 4449 σῶον
970 4411 1019 4450 a.
1044 4393 1168 4449 ἰδὼν
1193 4394 1258 4450 Β.
1413 4411 1496 4466 19.
1534 4395 1590 4450 δε
1672 4396 1814 4450 ..Ht
1841 4391 1907 4449 δι’
1933 4392 2238 4448 emendavit
2261 4393 2397 4446 forte
2421 4410 2451 4446 e
2477 4391 2596 4447 Cat.

191 4461 338 4517 Aub.
477 4478 564 4518 20.
587 4465 752 4518 ταῦτά
774 4462 858 4536 τε]
885 4467 969 4519 καὶ
991 4468 1154 4521 ταῦτα
1177 4482 1225 4520 a.
1361 4483 1446 4521 21.
1470 4465 1685 4536 εἰρηκὼς
1707 4462 2010 4519 emendavit
2035 4463 2243 4536 Migne.
2268 4463 2468 4551 εἲρηκὸς
2493 4462 2597 4518 Ed.

189 4534 329 4602 παρὰ
355 4534 420 4588 τὸ
445 4532 578 4591 εἰκὸς
599 4536 741 4606 παρὰ
764 4537 826 4590 τὸ
832 4535 1024 4626 ἐκείνῳ
1047 4553 1147 4606 pro
1171 4553 1318 4591 more
1345 4536 1411 4591 B.
1437 4535 1743 4591 emendavit
1770 4535 1868 4591 Ht.
2149 4534 2236 4589 28.
2271 4532 2524 4602 ποιήσατε
2548 4550 2597 4588 a.

193 4619 278 4674 29.
312 4604 576 4675 πιράσαπ
604 4604 670 4662 Β.
693 4607 979 4677 πειράσατσ
1003 4605 1308 4663 emendavit
1334 4606 1433 4662 Ht.
1457 4607 1722 4676 περάσατε
1748 4605 1852 4662 Ed.

1343 4709 1450 4758 122
