3238 5158
606 325 739 391 2⁷4
1214 328 1293 393 Β.
1340 327 1760 393 CYRILLI
1820 328 2402 395 ALEXANDR.
2662 329 2756 394 xis
2776 328 3021 415 25-27.

611 498 656 536 “
688 487 1096 596 πράξαντες
1166 497 1265 576 εἰς
1334 490 1748 574 ἀνάστασιν
1824 494 2198 597 κρίσεως.”
2295 493 2555 595 ὁμοίως
2626 492 2704 573 δὲ
2778 496 2898 573 καὶ
2974 493 3022 572 ὁ

275 611 417 727 ᾗῇ
605 611 929 698 Ἡσαΐας
976 615 1052 695 ἐν
1092 615 1461 718 Πνεύματι
1512 614 1706 699 εἶπεν
1742 628 1787 667 “
1823 615 2417 718 Ἀναοτήσονται
2470 622 2541 699 οἱ
2595 620 2853 721 νεκροὶ,
2894 619 3023 696 καὶ

277 754 359 810 ¹9·
543 739 587 805 b
613 745 657 783 ‘⁶
691 737 1206 841 ἐγερθήσονται
1261 746 1328 821 οἱ
1382 742 1459 821 ἐν
1512 749 1664 829 τοῖς
1716 742 2150 844 μνημείοις.”
2225 743 2311 823 οὐ
2361 740 2509 847 γὰρ
2563 743 2853 822 ἀπιστῶ
2906 745 3025 849 τῷ

607 863 736 959 τῆς
771 862 1245 948 ἀναστάσεως
1280 864 1514 974 λόγῳ,
1556 869 1655 952 ὡς
1692 871 1759 947 οἶ
1796 869 2289 947 Σαδδουκαῖοι.

510 1138 585 1198 ²5
617 1132 814 1207 Εἶπεν
877 1142 1044 1233 αὐτῇ
1106 1143 1144 1211 ὁ
1202 1143 1454 1211 ἸΗσοΰο
1505 1143 1690 1221 ἘΙ-ὠ
1747 1142 1877 1223 εἰμι
1939 1146 1978 1210 ἡ
2041 1145 2397 1213 ἀνάστασις
2457 1141 2567 1209 καί
2626 1142 2668 1209 ὦ
2731 1141 2883 1233 ζωή.
2974 1140 3097 1220 65

511 1273 585 1329 26
711 1270 1034 1336 πιστεύων
1089 1267 1183 1335 εἷο
1238 1270 1357 1349 ἐμὲ
1420 1270 1541 1338 κᾶν
1593 1272 1899 1363 ἀποθάνῃ
1959 1273 2234 1361 ζήσεται,
2289 1268 2391 1337 καὶ
2445 1273 2577 1338 πᾶο
2630 1270 2669 1337 ὃ
2725 1268 2851 1358 ζῶν
2904 1268 3019 1333 καί

709 1396 1035 1462 πιστεύων
1089 1394 1186 1462 εἰσ
1244 1396 1363 1475 ἐμὲ
1424 1398 1499 1463 ού
1554 1397 1644 1475 μι-ἰ
1700 1399 2003 1489 ἀποθάνῃ
2057 1395 2154 1464 εἷο
2203 1398 2317 1465 τὸν
2372 1394 2602 1466 αἰῶνα.
2685 1394 3019 1461 πιστεύεις

506 1526 579 1592 27
707 1524 905 1588 τοῦτο
924 1551 944 1606 3
1015 1524 1189 1599 λέπει
1243 1524 1423 1609 αύτῷ
1480 1523 1602 1588 Ναὶ
1660 1523 1867 1613 Κύριε·
1937 1524 2072 1599 ὲΓὼ
2123 1521 2521 1590 πεπίστευκα
2574 1523 2677 1589 ὅτι
2730 1520 2806 1587 σύ
2861 1513 2925 1585 εἷ
2974 1519 3015 1585 ὃ

707 1648 984 1737 Χριστόο
1035 1649 1074 1717 ὁ
1125 1646 1278 1717 Υἶόε
1332 1654 1446 1717 τοῦ
1495 1651 1665 1717 Θεοῦ
1714 1651 1753 1719 ὁ
1807 1647 1901 1717 εἰε
1956 1651 2073 1718 τὸν
2127 1651 2370 1729 κόσμον
2421 1650 2800 1739 ἐρχόμενος.

724 1818 1027 1923 Καρπὸς
1086 1821 1316 1925 γεμὴν
1381 1826 1499 1904 καὶ
1564 1824 1736 1925 τιμὴ
1801 1828 1932 1923 τῆς
1976 1830 2103 1935 ,εἰς
2166 1820 2501 1927 Χριστὸν
2563 1822 2902 1917 πίστεως,
2967 1819 3145 1920 ἡιο

606 1945 886 2032 αἰώνιος
950 1945 1114 2051 ζωὴ,
1186 1951 1306 2029 καὶ
1371 1949 1496 2030 οὐκ
1560 1950 1816 2035 ἄλλως
1890 1955 2363 2055 προσγίνεται
2430 1935 2646 2032 τοῦτο
2719 1954 2810 2055 τῇ
2882 1956 3015 2029 τοῦ

606 2071 994 2173 ἀνθρώπου
1042 2076 1274 2179 ψυχῇ.
1361 2079 1420 2154 εἰ
1471 2072 1617 2177 γὰρ
1670 2073 1789 2155 διὰ
1844 2074 2176 2179 Χριστὸν
2224 2074 2487 2160 πάντες
2541 2070 3015 2171 ἀνιστάμεθα,

606 2193 807 2273 ἀλλὰ
858 2194 1000 2299 ζωὴ
1054 2198 1237 2297 αὕτη
1287 2200 1488 2279 ἐστὶν
1526 2197 1826 2300 ἀληθὴς,
1864 2198 1950 2279 τὸ
2001 2200 2486 2301 ἀτελευτήτως
2536 2201 2613 2279 ἐν
2654 2195 3008 2299 μακαριό·

547 2334 585 2379 ⁰
606 2352 767 2419 τητι
841 2317 1003 2422 ζῆν·
1089 2321 1294 2403 οὐδὲν
1364 2322 1509 2426 γὰρ
1585 2323 1902 2430 διαφέρει
1973 2323 2311 2423 θανάτου,
2367 2322 2454 2405 τὸ
2526 2329 2623 2408 εἰς
2696 2321 3013 2401 κόλασιν

604 2445 997 2538 ἀναβιῶναι
1032 2445 1278 2547 μόνον.
1345 2452 1405 2528 εἰ
1442 2448 1568 2528 οὖν
1605 2450 1743 2556 ὁρᾷ
1777 2483 1885 2533 τις
1922 2451 2037 2529 καὶ
2075 2446 2240 2535 τοὺς
2278 2449 2522 2552 ἁγίους
2554 2446 3011 2548 θνήσκοντας
3042 2481 3073 2523 1
3088 2479 3135 2539 5

601 2565 771 2652 τοὺς
834 2569 1204 2665 λαβόντας
1268 2571 1705 2679 ὑποσχέσεις
1770 2569 1971 2676 ζωῆς,
2029 2569 2232 2653 οὐδὲν
2285 2579 2519 2671 τοῦτο,
2575 2571 2799 2671 μόνον
2861 2571 3011 2676 γὰρ

605 2691 788 2775 ὅσον
825 2701 921 2781 εἰς
958 2694 1043 2777 τὸ
1080 2701 1454 2798 συμβῆναι
1489 2700 1788 2800 γίνεται.
1868 2704 2089 2806 καιρῷ
2139 2697 2216 2779 δὲ
2266 2703 2369 2806 τῷ
2416 2695 2761 2801 πρέποντι
2796 2696 3007 2798 τετή-

600 2853 811 2922 ρηται
867 2820 912 2921 ἡ
967 2825 1097 2921 τῆς
1160 2819 1452 2927 χάριτος
1516 2820 1892 2929 ἀνάδειξις,
1948 2823 2034 2902 ού
2090 2820 2274 2902 κατὰ
2336 2822 2549 2926 μέρος
2619 2823 3013 2927 ἰσχύουσα,

601 2946 771 3026 ἀλλ’
811 2946 888 3025 ἐν
920 2951 1108 3027 πᾶσι
1158 2950 1490 3047 διηνεκῶς
1542 2948 1663 3025 καὶ
1711 2954 1862 3029 τοῖς
1911 2945 2051 3048 ἤδη
2101 2953 2739 3049 προαποθανοῦσιν
2775 2946 3013 3046 ἁγίοις

597 3067 783 3175 πρὸς
821 3071 1076 3175 ὀλίγον
1110 3070 1580 3174 γευσαμένοις
1624 3078 1756 3152 τοῦ
1806 3069 2142 3170 θανάτου,
2180 3071 2311 3155 ἕως
2358 3074 2488 3171 τῆς
2537 3073 2775 3170 κοινῆς
2824 3072 3004 3150 ἀνα·
3040 3108 3133 3149 20

600 3192 961 3278 στάσεως.
1064 3191 1226 3275 τότε
1290 3193 1436 3299 γὰρ
1503 3200 1708 3302 κοινῇ
1774 3193 2039 3280 πάντες
2100 3201 2247 3275 τῶν
2310 3195 2607 3296 ἀγαθῶν
2669 3194 3003 3275 ἀπολαύ-

585 3351 891 3398 σουσιν.
984 3317 1201 3400 εἰπὼν
1256 3317 1333 3398 δὲ
1389 3321 1429 3399 ὃ
1487 3317 1745 3422 Σωτὴρ
1801 3318 1911 3399 ὅτι
1965 3315 2124 3400 Ἐἆν
2181 3315 2472 3435 ἀποθάνῃ
2528 3318 2822 3423 ζήσεται,
2878 3320 3012 3400 οὐκ

537 3437 580 3502 d
604 3442 885 3520 ἀνεῖλεν
916 3443 993 3520 ἐν
1028 3447 1133 3550 τῷ
1169 3450 1296 3523 νῦν
1332 3448 1534 3523 αἰῶνι
1579 3441 1709 3523 τὸν
1746 3440 2083 3524 θάνατον·
2146 3441 2350 3522 ἀλλὰ
2395 3451 2751 3523 τοσοῦτον
2786 3440 3012 3522 αὐτὸν

604 3564 860 3643 δίδωσι
923 3563 1106 3645 κατὰ
1170 3571 1316 3645 τῶν
1378 3573 1668 3646 πιστῶν
1726 3565 2028 3671 ἰσχύειν,
2086 3566 2268 3647 ὅσον
2327 3572 2425 3652 εἰς
2484 3565 2570 3646 τὸ
2635 3569 3011 3666 συμβῆναι

601 3686 847 3788 μόνον,
895 3694 1117 3798 καιρῷ
1171 3686 1318 3793 γὰρ
1374 3695 1478 3798 τῷ
1527 3690 1874 3794 πρέποντι
1929 3688 2267 3792 τετήρηκε
2316 3687 2448 3790 τὴν
2496 3694 2626 3790 τῆς
2675 3688 3002 3771 ἀναστά-
3038 3721 3127 3782 ²5

602 3846 791 3895 σεως
853 3810 1091 3919 χάριν.
1201 3816 1391 3920 φησί
1452 3822 1652 3919 γοῦν,
1707 3814 1817 3895 ὅτι
1883 3815 2011 3895 οὐκ
2067 3816 2362 3918 ἄμοιρος
2422 3815 2628 3895 ἕσται
2686 3822 2815 3895 τοῦ
2878 3817 3010 3913 τῆς

603 3935 879 4040 σαρκὸς
957 3935 1268 4019 θανάτου
1352 3939 1468 4019 διὰ
1552 3936 1687 4040 τὴν
1759 3940 2218 4043 ἀνθρωπίνην
2290 3937 2520 4046 φύσιν
2591 3949 2622 4020 ὁ
2705 3946 2797 4025 εἰς
2886 3937 3010 4044 ἐμὲ

681 4191 728 4230 1.
763 4175 1052 4246 πράξαντες
1086 4194 1195 4233 om.
1221 4177 1329 4233 &k-
1354 4176 1556 4233 habent
1590 4195 1667 4235 m.
1694 4176 1817 4232 Cat.
1841 4177 1997 4232 Harl.
2105 4174 2354 4250 κρίσεως]
2380 4176 2554 4249 pergit
2577 4174 2659 4231 καὶ
2682 4177 2775 4231 οὐκ
2797 4177 3009 4234 ἀπιστὸ

604 4245 686 4315 (3)
712 4263 786 4301 m.
930 4250 960 4301 ὁ
984 4265 1091 4304 om.
1116 4266 1167 4304 a.
1606 4264 1658 4304 2.
1695 4249 1779 4302 καὶ
1803 4246 2171 4321 ἐγερθήσονται
2195 4250 2246 4303 οί
2269 4249 2324 4303 ἐν
2346 4250 2455 4304 τοῖς
2575 4248 2736 4317 μείοις
2757 4265 2868 4302 om.
2896 4250 3009 4304 ak.

601 4331 725 4385 5-9.
764 4319 794 4370 ὁ
815 4317 1422 4391 πιστεύων-ἐρχόμενος
1444 4317 1629 4374 addidi
1651 4337 1681 4374 e
1704 4320 1759 4374 k.
1776 4319 1986 4373 favente
2008 4337 2057 4374 a.
2085 4320 2169 4374 καὶ
2191 4320 2255 4374 τὰ
2279 4319 2400 4389 ἑξῆς
2418 4270 2574 4374 Exn
2664 4334 2744 4373 12.
2768 4324 3009 4388 Χριστοῦ

602 4385 753 4478 (ει-ι’.)
780 4387 925 4442 Aub.
951 4389 1256 4445 emendavit
1282 4390 1489 4461 Migne.
1730 4406 1814 4461 13.
1851 4390 2056 4460 ἀληθῶς
2080 4390 2187 4445 mk.
2420 4388 2503 4444 16.
2539 4387 2887 4462 ὑποσχέσεις]
2914 4393 3011 4448 τὰς

597 4458 919 4532 υποσχίσεις
942 4459 999 4515 k.
1021 4460 1115 4531 τὴν
1136 4461 1433 4534 ὑπόσχεσιν
1455 4478 1506 4515 a.
1604 4458 1801 4516 Statim
1823 4463 1913 4532 τῆς
1936 4460 2146 4516 addunt
2169 4460 2278 4516 mk.
2411 4476 2498 4515 21.
2522 4463 2663 4531 κοινῇ
2689 4460 2798 4516 αλκ.
2826 4467 3009 4519 κοινῶς

600 4579 719 4636 Cat.
748 4579 900 4636 Harl.
929 4579 1032 4636 Ed.
1129 4580 1500 4652 ἀπολαύσομεν
1521 4582 1628 4637 αλκ.
1814 4598 1899 4652 23.
1937 4581 1993 4637 ἐν
2015 4582 2199 4639 omisit
2222 4582 2369 4637 Aub.
2463 4545 2620 4637 αύτῖν
2644 4579 2764 4637 Cat.
2794 4579 2955 4639 Harl.
