<?xml version="1.0" encoding="UTF-8"?>
<!DOCTYPE html PUBLIC "-//W3C//DTD XHTML 1.0 Transitional//EN"
    "http://www.w3.org/TR/xhtml1/DTD/xhtml1-transitional.dtd">
<html xmlns="http://www.w3.org/1999/xhtml" xml:lang="en" lang="en">
 <head>
  <title>
</title>
<meta http-equiv="Content-Type" content="text/html;charset=utf-8" />
  <meta name='ocr-system' content='tesseract 3.04.00' />
  <meta name='ocr-capabilities' content='ocr_page ocr_carea ocr_par ocr_line ocrx_word'/>
</head>
<body>
  <div class='ocr_page' id='page_1' title='image "./sanctipatrisnos03pusegoog_0235.png"; bbox 0 0 3238 5158; ppageno 0'>
   <div class='ocr_carea' id='block_1_1' title="bbox 189 345 2607 430">
    <p class='ocr_par' dir='ltr' id='par_1_1' title="bbox 189 345 2607 430">
     <span class='ocr_line' id='line_1_1' title="bbox 189 345 2607 430; baseline 0.006 -30"><span class='ocrx_word' id='word_1_1' title='bbox 189 359 259 402; x_wconf 89' lang='lat' dir='ltr'>x.</span> <span class='ocrx_word' id='word_1_2' title='bbox 296 362 529 430; x_wconf 86' lang='lat'>11-13.</span> <span class='ocrx_word' id='word_1_3' title='bbox 621 345 737 411; x_wconf 94' lang='lat' dir='ltr'>IN</span> <span class='ocrx_word' id='word_1_4' title='bbox 799 347 866 411; x_wconf 89' lang='lat' dir='ltr'>S.</span> <span class='ocrx_word' id='word_1_5' title='bbox 914 345 1426 413; x_wconf 83' lang='lat' dir='ltr'><strong>JOANNEM.</strong></span> <span class='ocrx_word' id='word_1_6' title='bbox 1517 347 1709 413; x_wconf 87' lang='lat' dir='ltr'><strong>LIB.</strong></span> <span class='ocrx_word' id='word_1_7' title='bbox 1743 346 1864 413; x_wconf 89' lang='lat' dir='ltr'>VI.</span> <span class='ocrx_word' id='word_1_8' title='bbox 1955 347 2160 414; x_wconf 87' lang='lat' dir='ltr'>CAP.</span> <span class='ocrx_word' id='word_1_9' title='bbox 2206 347 2263 412; x_wconf 92' lang='grc' dir='ltr'>Ι.</span> <span class='ocrx_word' id='word_1_10' title='bbox 2478 349 2607 414; x_wconf 81' lang='grc'>228</span> 
     </span>
    </p>
   </div>
   <div class='ocr_carea' id='block_1_2' title="bbox 132 561 2709 1162">
    <p class='ocr_par' dir='ltr' id='par_1_2' title="bbox 183 561 2709 1036">
     <span class='ocr_line' id='line_1_2' title="bbox 183 561 2675 677; baseline 0.002 -50"><span class='ocrx_word' id='word_1_11' title='bbox 183 561 278 627; x_wconf 84' lang='lat' dir='ltr'>‘O</span> <span class='ocrx_word' id='word_1_12' title='bbox 317 564 565 641; x_wconf 62' lang='grc' dir='ltr'>ποιμὴν</span> <span class='ocrx_word' id='word_1_13' title='bbox 599 565 637 630; x_wconf 83' lang='grc' dir='ltr'><strong>ὁ</strong></span> <span class='ocrx_word' id='word_1_14' title='bbox 687 565 886 632; x_wconf 81' lang='grc' dir='ltr'>κάλόε</span> <span class='ocrx_word' id='word_1_15' title='bbox 933 565 1052 632; x_wconf 64' lang='grc' dir='ltr'>τήν</span> <span class='ocrx_word' id='word_1_16' title='bbox 1088 569 1300 655; x_wconf 66' lang='grc' dir='ltr'>ψυχὴν</span> <span class='ocrx_word' id='word_1_17' title='bbox 1337 568 1536 633; x_wconf 81' lang='grc' dir='ltr'>αὐτοῦ</span> <span class='ocrx_word' id='word_1_18' title='bbox 1574 566 1823 635; x_wconf 70' lang='grc' dir='ltr'>τίθησιν</span> <span class='ocrx_word' id='word_1_19' title='bbox 1862 568 2026 658; x_wconf 82' lang='grc' dir='ltr'>ὑπὲρ</span> <span class='ocrx_word' id='word_1_20' title='bbox 2062 568 2195 635; x_wconf 79' lang='grc' dir='ltr'>τῶν</span> <span class='ocrx_word' id='word_1_21' title='bbox 2233 569 2602 657; x_wconf 84' lang='grc' dir='ltr'>προβάτων·</span> <span class='ocrx_word' id='word_1_22' title='bbox 2633 613 2675 677; x_wconf 78' lang='lat' dir='ltr'>b</span> 
     </span>
     <span class='ocr_line' id='line_1_3' title="bbox 304 686 2709 784; baseline 0.003 -30"><span class='ocrx_word' id='word_1_23' title='bbox 304 688 332 754; x_wconf 70' lang='grc' dir='ltr'><em>ὃ</em></span> <span class='ocrx_word' id='word_1_24' title='bbox 400 686 472 752; x_wconf 82' lang='grc' dir='ltr'>δὲ</span> <span class='ocrx_word' id='word_1_25' title='bbox 525 690 853 766; x_wconf 71' lang='grc' dir='ltr'>μισθωτὸς</span> <span class='ocrx_word' id='word_1_26' title='bbox 908 691 1015 757; x_wconf 77' lang='grc' dir='ltr'>καὶ</span> <span class='ocrx_word' id='word_1_27' title='bbox 1064 691 1182 756; x_wconf 86' lang='grc' dir='ltr'>οὐκ</span> <span class='ocrx_word' id='word_1_28' title='bbox 1230 691 1326 757; x_wconf 83' lang='grc' dir='ltr'>ὢν</span> <span class='ocrx_word' id='word_1_29' title='bbox 1370 693 1635 774; x_wconf 62' lang='grc' dir='ltr'>ποιμὴν,</span> <span class='ocrx_word' id='word_1_30' title='bbox 1680 690 1754 759; x_wconf 86' lang='grc' dir='ltr'>οὗ</span> <span class='ocrx_word' id='word_1_31' title='bbox 1809 694 1928 759; x_wconf 86' lang='grc' dir='ltr'>οὐκ</span> <span class='ocrx_word' id='word_1_32' title='bbox 1980 693 2119 761; x_wconf 81' lang='grc' dir='ltr'>ἔστι</span> <span class='ocrx_word' id='word_1_33' title='bbox 2171 695 2251 760; x_wconf 88' lang='grc' dir='ltr'>τά</span> <span class='ocrx_word' id='word_1_34' title='bbox 2307 695 2604 784; x_wconf 85' lang='grc' dir='ltr'>πρόβατα</span> <span class='ocrx_word' id='word_1_35' title='bbox 2638 721 2709 762; x_wconf 82' lang='lat'>12</span> 
     </span>
     <span class='ocr_line' id='line_1_4' title="bbox 308 808 2606 908; baseline 0.003 -31"><span class='ocrx_word' id='word_1_36' title='bbox 308 808 465 893; x_wconf 80' lang='grc' dir='ltr'>ἴδια,</span> <span class='ocrx_word' id='word_1_37' title='bbox 505 815 744 905; x_wconf 84' lang='grc' dir='ltr'>θεωρεῖ</span> <span class='ocrx_word' id='word_1_38' title='bbox 787 817 900 884; x_wconf 87' lang='grc' dir='ltr'>τὸν</span> <span class='ocrx_word' id='word_1_39' title='bbox 942 818 1136 883; x_wconf 88' lang='grc' dir='ltr'>λύκον</span> <span class='ocrx_word' id='word_1_40' title='bbox 1180 818 1531 908; x_wconf 79' lang='grc' dir='ltr'>ἐρχόμενον</span> <span class='ocrx_word' id='word_1_41' title='bbox 1571 818 1678 883; x_wconf 83' lang='grc' dir='ltr'>καὶ</span> <span class='ocrx_word' id='word_1_42' title='bbox 1731 818 1963 906; x_wconf 68' lang='grc' dir='ltr'>άφίιισι</span> <span class='ocrx_word' id='word_1_43' title='bbox 2015 817 2094 885; x_wconf 90' lang='grc' dir='ltr'>τά</span> <span class='ocrx_word' id='word_1_44' title='bbox 2149 820 2442 908; x_wconf 86' lang='grc' dir='ltr'>πρόβατα</span> <span class='ocrx_word' id='word_1_45' title='bbox 2499 818 2606 884; x_wconf 80' lang='grc' dir='ltr'>καὶ</span> 
     </span>
     <span class='ocr_line' id='line_1_5' title="bbox 309 941 2709 1036; baseline 0.005 -34"><span class='ocrx_word' id='word_1_46' title='bbox 309 941 554 1027; x_wconf 78' lang='grc' dir='ltr'>φεύι-ει·</span> <span class='ocrx_word' id='word_1_47' title='bbox 612 942 719 1007; x_wconf 83' lang='grc' dir='ltr'><strong>καί</strong></span> <span class='ocrx_word' id='word_1_48' title='bbox 753 942 790 1009; x_wconf 83' lang='grc' dir='ltr'><em>ὃ</em></span> <span class='ocrx_word' id='word_1_49' title='bbox 827 945 1024 1009; x_wconf 80' lang='grc' dir='ltr'>λύκοε</span> <span class='ocrx_word' id='word_1_50' title='bbox 1068 945 1339 1035; x_wconf 70' lang='grc' dir='ltr'>ἁρπάζει</span> <span class='ocrx_word' id='word_1_51' title='bbox 1388 943 1552 1010; x_wconf 86' lang='grc' dir='ltr'>αὐτά</span> <span class='ocrx_word' id='word_1_52' title='bbox 1603 944 1711 1010; x_wconf 76' lang='grc' dir='ltr'>καὶ</span> <span class='ocrx_word' id='word_1_53' title='bbox 1748 945 2089 1036; x_wconf 68' lang='grc' dir='ltr'>σκορπίζει·</span> <span class='ocrx_word' id='word_1_54' title='bbox 2137 947 2240 1013; x_wconf 87' lang='grc' dir='ltr'>ὅτι</span> <span class='ocrx_word' id='word_1_55' title='bbox 2275 947 2603 1024; x_wconf 68' lang='grc' dir='ltr'>μισθωτός</span> <span class='ocrx_word' id='word_1_56' title='bbox 2637 974 2709 1031; x_wconf 84' lang='lat'>13</span> 
     </span>
    </p>

    <p class='ocr_par' dir='ltr' id='par_1_3' title="bbox 132 1065 2027 1162">
     <span class='ocr_line' id='line_1_6' title="bbox 132 1065 2027 1162; baseline 0.004 -33"><span class='ocrx_word' id='word_1_57' title='bbox 132 1068 172 1129; x_wconf 83' lang='lat'>5</span> <span class='ocrx_word' id='word_1_58' title='bbox 306 1065 448 1132; x_wconf 78' lang='grc' dir='ltr'>ἐστι</span> <span class='ocrx_word' id='word_1_59' title='bbox 504 1067 611 1132; x_wconf 83' lang='grc' dir='ltr'>καὶ</span> <span class='ocrx_word' id='word_1_60' title='bbox 663 1070 738 1134; x_wconf 85' lang='grc' dir='ltr'>οὐ</span> <span class='ocrx_word' id='word_1_61' title='bbox 791 1071 977 1147; x_wconf 86' lang='grc' dir='ltr'>μὲλει</span> <span class='ocrx_word' id='word_1_62' title='bbox 1031 1071 1210 1155; x_wconf 83' lang='grc' dir='ltr'>αὐτῷ</span> <span class='ocrx_word' id='word_1_63' title='bbox 1263 1072 1413 1162; x_wconf 78' lang='grc' dir='ltr'>περὶ</span> <span class='ocrx_word' id='word_1_64' title='bbox 1465 1072 1600 1138; x_wconf 82' lang='grc' dir='ltr'>τῶν·</span> <span class='ocrx_word' id='word_1_65' title='bbox 1655 1074 2027 1162; x_wconf 86' lang='grc' dir='ltr'>προβάτων.</span> 
     </span>
    </p>
   </div>
   <div class='ocr_carea' id='block_1_3' title="bbox 108 1240 2678 2960">
    <p class='ocr_par' dir='ltr' id='par_1_4' title="bbox 203 1240 2668 1718">
     <span class='ocr_line' id='line_1_7' title="bbox 318 1240 2607 1349; baseline 0.002 -29"><span class='ocrx_word' id='word_1_66' title='bbox 318 1240 862 1346; x_wconf 81' lang='grc' dir='ltr'>Ἀντιπαραθεὶς</span> <span class='ocrx_word' id='word_1_67' title='bbox 934 1244 1274 1349; x_wconf 84' lang='grc' dir='ltr'>ἐντέχνως</span> <span class='ocrx_word' id='word_1_68' title='bbox 1300 1316 1316 1330; x_wconf 75' lang='grc'>,</span> <span class='ocrx_word' id='word_1_69' title='bbox 1346 1252 1500 1329; x_wconf 91' lang='grc' dir='ltr'>ταῖς</span> <span class='ocrx_word' id='word_1_70' title='bbox 1573 1250 1788 1324; x_wconf 79' lang='grc' dir='ltr'>τινῶν</span> <span class='ocrx_word' id='word_1_71' title='bbox 1853 1246 2416 1347; x_wconf 87' lang='grc' dir='ltr'>γλωσσαλγίαις</span> <span class='ocrx_word' id='word_1_72' title='bbox 2490 1249 2607 1325; x_wconf 77' lang='grc' dir='ltr'>καὶ</span> 
     </span>
     <span class='ocr_line' id='line_1_8' title="bbox 203 1365 2603 1474; baseline 0.001 -29"><span class='ocrx_word' id='word_1_73' title='bbox 203 1365 553 1462; x_wconf 76' lang='grc' dir='ltr'>ἀθέσμοις</span> <span class='ocrx_word' id='word_1_74' title='bbox 607 1365 1027 1466; x_wconf 84' lang='grc' dir='ltr'>τολμήμασι</span> <span class='ocrx_word' id='word_1_75' title='bbox 1083 1366 1215 1468; x_wconf 83' lang='grc' dir='ltr'>τὴν</span> <span class='ocrx_word' id='word_1_76' title='bbox 1269 1371 1346 1448; x_wconf 83' lang='grc' dir='ltr'>ἐκ</span> <span class='ocrx_word' id='word_1_77' title='bbox 1401 1374 1547 1447; x_wconf 78' lang='grc' dir='ltr'>τῶν</span> <span class='ocrx_word' id='word_1_78' title='bbox 1602 1369 1800 1447; x_wconf 77' lang='grc' dir='ltr'>ἰδίων</span> <span class='ocrx_word' id='word_1_79' title='bbox 1854 1368 2083 1472; x_wconf 78' lang='grc' dir='ltr'>ἔργων</span> <span class='ocrx_word' id='word_1_80' title='bbox 2134 1365 2603 1474; x_wconf 84' lang='grc' dir='ltr'>φαιδρότητα,</span> 
     </span>
     <span class='ocr_line' id='line_1_9' title="bbox 204 1488 2608 1595; baseline 0.003 -28"><span class='ocrx_word' id='word_1_81' title='bbox 204 1491 326 1568; x_wconf 79' lang='grc' dir='ltr'>καὶ</span> <span class='ocrx_word' id='word_1_82' title='bbox 398 1488 682 1595; x_wconf 79' lang='grc' dir='ltr'>λῃστὰς</span> <span class='ocrx_word' id='word_1_83' title='bbox 742 1489 873 1590; x_wconf 78' lang='grc' dir='ltr'>μὲν</span> <span class='ocrx_word' id='word_1_84' title='bbox 934 1493 1235 1576; x_wconf 79' lang='grc' dir='ltr'>ἐκείνους</span> <span class='ocrx_word' id='word_1_85' title='bbox 1300 1497 1416 1571; x_wconf 84' lang='grc' dir='ltr'>καὶ</span> <span class='ocrx_word' id='word_1_86' title='bbox 1478 1490 1797 1576; x_wconf 75' lang='grc' dir='ltr'>κλέπτας</span> <span class='ocrx_word' id='word_1_87' title='bbox 1861 1494 1980 1572; x_wconf 84' lang='grc' dir='ltr'>καὶ</span> <span class='ocrx_word' id='word_1_88' title='bbox 2051 1496 2608 1591; x_wconf 82' lang='grc' dir='ltr'>καταπηδῶντας</span> 
     </span>
     <span class='ocr_line' id='line_1_10' title="bbox 205 1610 2668 1718; baseline 0.001 -27"><span class='ocrx_word' id='word_1_89' title='bbox 205 1610 629 1718; x_wconf 79' lang='grc' dir='ltr'>ἀλλαχόθεν</span> <span class='ocrx_word' id='word_1_90' title='bbox 665 1619 762 1698; x_wconf 85' lang='grc' dir='ltr'>εἶς</span> <span class='ocrx_word' id='word_1_91' title='bbox 806 1614 936 1716; x_wconf 80' lang='grc' dir='ltr'>τὴν</span> <span class='ocrx_word' id='word_1_92' title='bbox 971 1621 1117 1696; x_wconf 74' lang='grc' dir='ltr'>τῶν</span> <span class='ocrx_word' id='word_1_93' title='bbox 1150 1614 1543 1718; x_wconf 79' lang='grc' dir='ltr'>προβάτων</span> <span class='ocrx_word' id='word_1_94' title='bbox 1589 1613 1842 1716; x_wconf 84' lang='grc' dir='ltr'>αὐλὴν,</span> <span class='ocrx_word' id='word_1_95' title='bbox 1879 1614 2129 1695; x_wconf 84' lang='grc' dir='ltr'>ἑαυτὸν</span> <span class='ocrx_word' id='word_1_96' title='bbox 2175 1614 2252 1694; x_wconf 80' lang='grc' dir='ltr'>δὲ</span> <span class='ocrx_word' id='word_1_97' title='bbox 2306 1614 2607 1712; x_wconf 85' lang='grc' dir='ltr'>ποιμένα</span> <span class='ocrx_word' id='word_1_98' title='bbox 2631 1642 2668 1686; x_wconf 76' lang='lat'><strong>0</strong></span> 
     </span>
    </p>

    <p class='ocr_par' dir='ltr' id='par_1_5' title="bbox 108 1735 2610 2344">
     <span class='ocr_line' id='line_1_11' title="bbox 108 1735 2607 1845; baseline 0.005 -34"><span class='ocrx_word' id='word_1_99' title='bbox 108 1773 130 1811; x_wconf 90' lang='lat'>1</span> <span class='ocrx_word' id='word_1_100' title='bbox 146 1771 188 1811; x_wconf 87' lang='lat'>0</span> <span class='ocrx_word' id='word_1_101' title='bbox 208 1735 341 1818; x_wconf 79' lang='grc' dir='ltr'>τὸν</span> <span class='ocrx_word' id='word_1_102' title='bbox 386 1735 610 1822; x_wconf 79' lang='grc' dir='ltr'>ὅντως</span> <span class='ocrx_word' id='word_1_103' title='bbox 663 1738 965 1841; x_wconf 83' lang='grc' dir='ltr'>ἀγαθὸν,</span> <span class='ocrx_word' id='word_1_104' title='bbox 1006 1737 1386 1845; x_wconf 72' lang='grc' dir='ltr'>ἀποφήνας</span> <span class='ocrx_word' id='word_1_105' title='bbox 1441 1774 1520 1820; x_wconf 91' lang='grc' dir='ltr'>τε</span> <span class='ocrx_word' id='word_1_106' title='bbox 1575 1742 1693 1819; x_wconf 80' lang='grc' dir='ltr'>καὶ</span> <span class='ocrx_word' id='word_1_107' title='bbox 1750 1736 2149 1839; x_wconf 78' lang='grc' dir='ltr'>ὀνομάσας,</span> <span class='ocrx_word' id='word_1_108' title='bbox 2190 1736 2298 1820; x_wconf 85' lang='grc' dir='ltr'>ἐπ’</span> <span class='ocrx_word' id='word_1_109' title='bbox 2355 1737 2607 1824; x_wconf 76' lang='grc' dir='ltr'>αὐτοὺς</span> 
     </span>
     <span class='ocr_line' id='line_1_12' title="bbox 208 1860 2610 1968; baseline -0 -27"><span class='ocrx_word' id='word_1_110' title='bbox 208 1860 351 1961; x_wconf 82' lang='grc' dir='ltr'>ἤδη</span> <span class='ocrx_word' id='word_1_111' title='bbox 406 1869 808 1968; x_wconf 84' lang='grc' dir='ltr'>μεταχωρεῖ</span> <span class='ocrx_word' id='word_1_112' title='bbox 846 1860 1012 1947; x_wconf 74' lang='grc' dir='ltr'>τοὺς</span> <span class='ocrx_word' id='word_1_113' title='bbox 1057 1870 1203 1943; x_wconf 81' lang='grc' dir='ltr'>τῶν</span> <span class='ocrx_word' id='word_1_114' title='bbox 1236 1863 1600 1944; x_wconf 85' lang='grc' dir='ltr'>Ἰουδαίων</span> <span class='ocrx_word' id='word_1_115' title='bbox 1646 1861 2083 1966; x_wconf 76' lang='grc' dir='ltr'>καθηγητὰς,</span> <span class='ocrx_word' id='word_1_116' title='bbox 2123 1869 2242 1943; x_wconf 88' lang='grc' dir='ltr'>καὶ</span> <span class='ocrx_word' id='word_1_117' title='bbox 2287 1866 2417 1959; x_wconf 80' lang='grc' dir='ltr'>τῆς</span> <span class='ocrx_word' id='word_1_118' title='bbox 2463 1867 2610 1941; x_wconf 81' lang='grc' dir='ltr'>τῶν</span> 
     </span>
     <span class='ocr_line' id='line_1_13' title="bbox 213 1986 2609 2090; baseline 0.001 -25"><span class='ocrx_word' id='word_1_119' title='bbox 213 1986 638 2090; x_wconf 84' lang='grc' dir='ltr'>Φαρισαίων</span> <span class='ocrx_word' id='word_1_120' title='bbox 687 1987 1065 2089; x_wconf 86' lang='grc' dir='ltr'>ἡγεμονίας</span> <span class='ocrx_word' id='word_1_121' title='bbox 1119 1988 1380 2087; x_wconf 79' lang='grc' dir='ltr'>ἀμείνω</span> <span class='ocrx_word' id='word_1_122' title='bbox 1438 1987 1729 2067; x_wconf 80' lang='grc' dir='ltr'>δεικνύει</span> <span class='ocrx_word' id='word_1_123' title='bbox 1784 1987 1916 2087; x_wconf 79' lang='grc' dir='ltr'>τὴν</span> <span class='ocrx_word' id='word_1_124' title='bbox 1957 1990 2231 2069; x_wconf 80' lang='grc' dir='ltr'>ἑαυτοῦ.</span> <span class='ocrx_word' id='word_1_125' title='bbox 2307 1995 2609 2068; x_wconf 84' lang='grc' dir='ltr'>ποιεῖταὶ</span> 
     </span>
     <span class='ocr_line' id='line_1_14' title="bbox 212 2109 2602 2216; baseline 0.002 -27"><span class='ocrx_word' id='word_1_126' title='bbox 212 2109 290 2190; x_wconf 80' lang='grc' dir='ltr'>δὲ</span> <span class='ocrx_word' id='word_1_127' title='bbox 347 2109 575 2190; x_wconf 84' lang='grc' dir='ltr'>πάλιν</span> <span class='ocrx_word' id='word_1_128' title='bbox 629 2109 774 2191; x_wconf 78' lang='grc' dir='ltr'>ἀπὸ</span> <span class='ocrx_word' id='word_1_129' title='bbox 833 2112 1287 2214; x_wconf 84' lang='grc' dir='ltr'>συγκρίσεως</span> <span class='ocrx_word' id='word_1_130' title='bbox 1353 2110 1866 2216; x_wconf 81' lang='grc' dir='ltr'>φανερωτάτην</span> <span class='ocrx_word' id='word_1_131' title='bbox 1924 2114 2161 2196; x_wconf 85' lang='grc' dir='ltr'>αὐτοῖς</span> <span class='ocrx_word' id='word_1_132' title='bbox 2225 2110 2358 2213; x_wconf 84' lang='grc' dir='ltr'>τὴν</span> <span class='ocrx_word' id='word_1_133' title='bbox 2415 2110 2602 2193; x_wconf 88' lang='grc' dir='ltr'>ἀπό·</span> 
     </span>
     <span class='ocr_line' id='line_1_15' title="bbox 213 2233 2606 2344; baseline 0.003 -31"><span class='ocrx_word' id='word_1_134' title='bbox 213 2235 456 2341; x_wconf 84' lang='grc' dir='ltr'>δειξιν.</span> <span class='ocrx_word' id='word_1_135' title='bbox 521 2234 1067 2341; x_wconf 81' lang='grc' dir='ltr'>ἀντιπαρεξάγει</span> <span class='ocrx_word' id='word_1_136' title='bbox 1103 2233 1246 2338; x_wconf 79' lang='grc' dir='ltr'>γὰρ</span> <span class='ocrx_word' id='word_1_137' title='bbox 1280 2233 1532 2338; x_wconf 80' lang='grc' dir='ltr'>ὥσπερ</span> <span class='ocrx_word' id='word_1_138' title='bbox 1565 2241 1722 2318; x_wconf 88' lang='grc' dir='ltr'>ταῖς</span> <span class='ocrx_word' id='word_1_139' title='bbox 1757 2236 1923 2338; x_wconf 85' lang='grc' dir='ltr'>παρ’</span> <span class='ocrx_word' id='word_1_140' title='bbox 1965 2237 2199 2316; x_wconf 79' lang='grc' dir='ltr'>αὐτῶν</span> <span class='ocrx_word' id='word_1_141' title='bbox 2234 2238 2606 2344; x_wconf 76' lang='grc' dir='ltr'>ῥᾳθυμίαις</span> 
     </span>
    </p>

    <p class='ocr_par' dir='ltr' id='par_1_6' title="bbox 113 2355 2678 2960">
     <span class='ocr_line' id='line_1_16' title="bbox 113 2355 2609 2466; baseline 0.002 -29"><span class='ocrx_word' id='word_1_142' title='bbox 113 2384 188 2445; x_wconf 86' lang='lat'>15</span> <span class='ocrx_word' id='word_1_143' title='bbox 212 2356 623 2461; x_wconf 86' lang='grc' dir='ltr'>γρήγορσίν</span> <span class='ocrx_word' id='word_1_144' title='bbox 657 2392 734 2437; x_wconf 90' lang='grc' dir='ltr'>τε</span> <span class='ocrx_word' id='word_1_145' title='bbox 780 2364 896 2438; x_wconf 82' lang='grc' dir='ltr'>καὶ</span> <span class='ocrx_word' id='word_1_146' title='bbox 948 2358 1239 2460; x_wconf 83' lang='grc' dir='ltr'>ἀγάπην</span> <span class='ocrx_word' id='word_1_147' title='bbox 1275 2355 1409 2458; x_wconf 85' lang='grc' dir='ltr'>τὴν</span> <span class='ocrx_word' id='word_1_148' title='bbox 1442 2357 1532 2466; x_wconf 81' lang='grc' dir='ltr'>ἐξ</span> <span class='ocrx_word' id='word_1_149' title='bbox 1575 2360 1852 2456; x_wconf 83' lang='grc' dir='ltr'>ἑαυτοῦ,</span> <span class='ocrx_word' id='word_1_150' title='bbox 1889 2363 2007 2439; x_wconf 81' lang='grc' dir='ltr'>καὶ</span> <span class='ocrx_word' id='word_1_151' title='bbox 2040 2357 2609 2463; x_wconf 84' lang='grc' dir='ltr'>πεφροντικότας</span> 
     </span>
     <span class='ocr_line' id='line_1_17' title="bbox 212 2479 2609 2630; baseline 0.002 -71"><span class='ocrx_word' id='word_1_152' title='bbox 212 2481 345 2579; x_wconf 74' lang='grc' dir='ltr'>μὲν</span> <span class='ocrx_word' id='word_1_153' title='bbox 397 2487 524 2583; x_wconf 83' lang='grc' dir='ltr'>τῆς</span> <span class='ocrx_word' id='word_1_154' title='bbox 578 2479 846 2585; x_wconf 87' lang='grc' dir='ltr'>ἀγέλης</span> <span class='ocrx_word' id='word_1_155' title='bbox 901 2481 1102 2563; x_wconf 80' lang='grc' dir='ltr'>οὐδὲν</span> <span class='ocrx_word' id='word_1_156' title='bbox 1124 2483 1516 2630; x_wconf 80' lang='grc' dir='ltr'>ἐξελέγχει</span> <span class='ocrx_word' id='word_1_157' title='bbox 1570 2480 1817 2582; x_wconf 88' lang='grc' dir='ltr'>πάλιν,</span> <span class='ocrx_word' id='word_1_158' title='bbox 1863 2486 2090 2592; x_wconf 75' lang='grc' dir='ltr'>ἑαυτῷ</span> <span class='ocrx_word' id='word_1_159' title='bbox 2144 2481 2372 2586; x_wconf 87' lang='grc' dir='ltr'>γεμὴν</span> <span class='ocrx_word' id='word_1_160' title='bbox 2415 2483 2609 2584; x_wconf 84' lang='grc' dir='ltr'>ἥκειν</span> 
     </span>
     <span class='ocr_line' id='line_1_18' title="bbox 213 2605 2610 2715; baseline 0.002 -30"><span class='ocrx_word' id='word_1_161' title='bbox 213 2611 313 2692; x_wconf 81' lang='grc' dir='ltr'>εἰς</span> <span class='ocrx_word' id='word_1_162' title='bbox 349 2615 563 2688; x_wconf 86' lang='grc' dir='ltr'>τοῦτο</span> <span class='ocrx_word' id='word_1_163' title='bbox 597 2605 729 2708; x_wconf 83' lang='grc' dir='ltr'>τὴν</span> <span class='ocrx_word' id='word_1_164' title='bbox 766 2607 942 2711; x_wconf 80' lang='grc' dir='ltr'>ὑπὲρ</span> <span class='ocrx_word' id='word_1_165' title='bbox 980 2609 1197 2707; x_wconf 78' lang='grc' dir='ltr'>αὐτῆς</span> <span class='ocrx_word' id='word_1_166' title='bbox 1234 2609 1582 2713; x_wconf 83' lang='grc' dir='ltr'>φροντίδα</span> <span class='ocrx_word' id='word_1_167' title='bbox 1635 2614 1887 2715; x_wconf 80' lang='grc' dir='ltr'>φησὶν,</span> <span class='ocrx_word' id='word_1_168' title='bbox 1924 2613 2022 2694; x_wconf 85' lang='grc' dir='ltr'>ὡς</span> <span class='ocrx_word' id='word_1_169' title='bbox 2056 2611 2173 2689; x_wconf 77' lang='grc' dir='ltr'>καὶ</span> <span class='ocrx_word' id='word_1_170' title='bbox 2209 2614 2337 2709; x_wconf 84' lang='grc' dir='ltr'>τῆς</span> <span class='ocrx_word' id='word_1_171' title='bbox 2372 2605 2610 2689; x_wconf 80' lang='grc' dir='ltr'>ἅπασι</span> 
     </span>
     <span class='ocr_line' id='line_1_19' title="bbox 215 2729 2678 2839; baseline 0.002 -26"><span class='ocrx_word' id='word_1_172' title='bbox 215 2731 648 2838; x_wconf 87' lang='grc' dir='ltr'>φιλαιτάτης</span> <span class='ocrx_word' id='word_1_173' title='bbox 685 2735 1223 2839; x_wconf 85' lang='grc' dir='ltr'>ὑπερφρονῆσαι</span> <span class='ocrx_word' id='word_1_174' title='bbox 1254 2735 1519 2838; x_wconf 79' lang='grc' dir='ltr'>ψυχῆς.</span> <span class='ocrx_word' id='word_1_175' title='bbox 1588 2730 1797 2835; x_wconf 78' lang='grc' dir='ltr'>ὁρίζει</span> <span class='ocrx_word' id='word_1_176' title='bbox 1834 2729 2005 2812; x_wconf 76' lang='grc' dir='ltr'>δε”</span> <span class='ocrx_word' id='word_1_177' title='bbox 1945 2766 2197 2836; x_wconf 89' lang='grc' dir='ltr'>ωσπερ</span> <span class='ocrx_word' id='word_1_178' title='bbox 2233 2731 2417 2813; x_wconf 79' lang='grc' dir='ltr'>κατὰ</span> <span class='ocrx_word' id='word_1_179' title='bbox 2451 2736 2609 2814; x_wconf 90' lang='grc' dir='ltr'>τίνα</span> <span class='ocrx_word' id='word_1_180' title='bbox 2634 2754 2678 2819; x_wconf 93' lang='lat' dir='ltr'><strong>d</strong></span> 
     </span>
     <span class='ocr_line' id='line_1_20' title="bbox 213 2853 2610 2960; baseline -0.001 -21"><span class='ocrx_word' id='word_1_181' title='bbox 213 2856 723 2960; x_wconf 78' lang='grc' dir='ltr'>δοκιμάζεσθαι</span> <span class='ocrx_word' id='word_1_182' title='bbox 795 2856 1153 2959; x_wconf 85' lang='grc' dir='ltr'>προσήκοι</span> <span class='ocrx_word' id='word_1_183' title='bbox 1223 2855 1491 2959; x_wconf 86' lang='grc' dir='ltr'>τρόπον</span> <span class='ocrx_word' id='word_1_184' title='bbox 1562 2855 1866 2955; x_wconf 89' lang='grc' dir='ltr'>ποιμένα</span> <span class='ocrx_word' id='word_1_185' title='bbox 1936 2854 2065 2937; x_wconf 84' lang='grc' dir='ltr'>τὸν</span> <span class='ocrx_word' id='word_1_186' title='bbox 2128 2853 2425 2958; x_wconf 83' lang='grc' dir='ltr'>ἀγαθὸν,</span> <span class='ocrx_word' id='word_1_187' title='bbox 2495 2861 2610 2937; x_wconf 83' lang='grc' dir='ltr'>καὶ</span> 
     </span>
    </p>
   </div>
   <div class='ocr_carea' id='block_1_4' title="bbox 113 2977 2669 4076">
    <p class='ocr_par' dir='ltr' id='par_1_7' title="bbox 114 2977 2615 3586">
     <span class='ocr_line' id='line_1_21' title="bbox 114 2977 2606 3086; baseline 0 -29"><span class='ocrx_word' id='word_1_188' title='bbox 114 3016 192 3057; x_wconf 78' lang='lat'>20</span> <span class='ocrx_word' id='word_1_189' title='bbox 214 2980 440 3080; x_wconf 80' lang='grc' dir='ltr'>αὐτὴν</span> <span class='ocrx_word' id='word_1_190' title='bbox 474 2980 621 3084; x_wconf 82' lang='grc' dir='ltr'>γὰρ</span> <span class='ocrx_word' id='word_1_191' title='bbox 670 2984 926 3084; x_wconf 86' lang='grc' dir='ltr'>χρῆναι</span> <span class='ocrx_word' id='word_1_192' title='bbox 973 2980 1074 3080; x_wconf 88' lang='grc' dir='ltr'>μὴ</span> <span class='ocrx_word' id='word_1_193' title='bbox 1125 2987 1489 3060; x_wconf 87' lang='grc' dir='ltr'>κατοκνεῖν</span> <span class='ocrx_word' id='word_1_194' title='bbox 1532 2979 1887 3084; x_wconf 79' lang='grc' dir='ltr'>προέσθαι</span> <span class='ocrx_word' id='word_1_195' title='bbox 1932 2977 2065 3079; x_wconf 86' lang='grc' dir='ltr'>τὴν</span> <span class='ocrx_word' id='word_1_196' title='bbox 2101 2977 2351 3086; x_wconf 80' lang='grc' dir='ltr'>ψυχὴν</span> <span class='ocrx_word' id='word_1_197' title='bbox 2388 2980 2606 3082; x_wconf 82' lang='grc' dir='ltr'>διορί·</span> 
     </span>
     <span class='ocr_line' id='line_1_22' title="bbox 212 3101 2612 3257; baseline -0.002 -70"><span class='ocrx_word' id='word_1_198' title='bbox 212 3106 402 3210; x_wconf 80' lang='grc' dir='ltr'>ζεται</span> <span class='ocrx_word' id='word_1_199' title='bbox 452 3109 580 3204; x_wconf 82' lang='grc' dir='ltr'>τῆς</span> <span class='ocrx_word' id='word_1_200' title='bbox 629 3109 774 3184; x_wconf 83' lang='grc' dir='ltr'>τῶν</span> <span class='ocrx_word' id='word_1_201' title='bbox 819 3103 1165 3203; x_wconf 88' lang='grc' dir='ltr'>ποιμνίων</span> <span class='ocrx_word' id='word_1_202' title='bbox 1209 3105 1572 3207; x_wconf 88' lang='grc' dir='ltr'>σωτηρίας</span> <span class='ocrx_word' id='word_1_203' title='bbox 1622 3104 2228 3257; x_wconf 81' lang='grc' dir='ltr'>ὑπερμαχόμενον,</span> <span class='ocrx_word' id='word_1_204' title='bbox 2267 3139 2308 3184; x_wconf 94' lang='grc' dir='ltr'>ο</span> <span class='ocrx_word' id='word_1_205' title='bbox 2357 3101 2445 3203; x_wconf 85' lang='grc' dir='ltr'>δὴ</span> <span class='ocrx_word' id='word_1_206' title='bbox 2493 3104 2612 3182; x_wconf 83' lang='grc' dir='ltr'>καὶ</span> 
     </span>
     <span class='ocr_line' id='line_1_23' title="bbox 210 3225 2615 3331; baseline -0.001 -22"><span class='ocrx_word' id='word_1_207' title='bbox 210 3229 631 3311; x_wconf 87' lang='grc' dir='ltr'>τετελεσται</span> <span class='ocrx_word' id='word_1_208' title='bbox 686 3225 804 3307; x_wconf 79' lang='grc' dir='ltr'>διὰ</span> <span class='ocrx_word' id='word_1_209' title='bbox 859 3231 1211 3330; x_wconf 84' lang='grc' dir='ltr'>Χριστοῦ.</span> <span class='ocrx_word' id='word_1_210' title='bbox 1315 3230 1806 3330; x_wconf 86' lang='grc' dir='ltr'>ἀπεσκίρτησε</span> <span class='ocrx_word' id='word_1_211' title='bbox 1864 3263 1995 3328; x_wconf 88' lang='grc' dir='ltr'>μεν</span> <span class='ocrx_word' id='word_1_212' title='bbox 2049 3227 2193 3330; x_wconf 79' lang='grc' dir='ltr'>γὰρ</span> <span class='ocrx_word' id='word_1_213' title='bbox 2247 3232 2375 3327; x_wconf 85' lang='grc' dir='ltr'>τῆς</span> <span class='ocrx_word' id='word_1_214' title='bbox 2431 3226 2615 3331; x_wconf 81' lang='grc' dir='ltr'>πρὸς</span> 
     </span>
     <span class='ocr_line' id='line_1_24' title="bbox 212 3349 2614 3461; baseline -0.002 -26"><span class='ocrx_word' id='word_1_215' title='bbox 212 3353 406 3435; x_wconf 85' lang='grc' dir='ltr'>Θεον</span> <span class='ocrx_word' id='word_1_216' title='bbox 442 3349 730 3455; x_wconf 78' lang='grc' dir='ltr'>ἀγάπης</span> <span class='ocrx_word' id='word_1_217' title='bbox 764 3351 805 3430; x_wconf 87' lang='grc' dir='ltr'><strong>ὁ</strong></span> <span class='ocrx_word' id='word_1_218' title='bbox 843 3350 1316 3455; x_wconf 80' lang='grc' dir='ltr'>ἄνθρωπος,’</span> <span class='ocrx_word' id='word_1_219' title='bbox 1274 3349 1680 3436; x_wconf 76' lang='grc' dir='ltr'>ἀπονεύσας</span> <span class='ocrx_word' id='word_1_220' title='bbox 1715 3358 1813 3436; x_wconf 79' lang='grc' dir='ltr'>εἰς</span> <span class='ocrx_word' id='word_1_221' title='bbox 1849 3351 2224 3456; x_wconf 79' lang='grc' dir='ltr'>ἁμαρτίαν,</span> <span class='ocrx_word' id='word_1_222' title='bbox 2253 3351 2614 3461; x_wconf 80' lang='grc' dir='ltr'>ἐξωκίσθη</span> 
     </span>
     <span class='ocr_line' id='line_1_25' title="bbox 209 3475 2612 3586; baseline 0 -29"><span class='ocrx_word' id='word_1_223' title='bbox 209 3477 328 3558; x_wconf 84' lang='grc' dir='ltr'>διὰ</span> <span class='ocrx_word' id='word_1_224' title='bbox 364 3485 580 3557; x_wconf 87' lang='grc' dir='ltr'>τοῦτο</span> <span class='ocrx_word' id='word_1_225' title='bbox 616 3480 743 3575; x_wconf 83' lang='grc' dir='ltr'>τῆς</span> <span class='ocrx_word' id='word_1_226' title='bbox 782 3481 969 3578; x_wconf 78' lang='grc' dir='ltr'>ἱερᾶς</span> <span class='ocrx_word' id='word_1_227' title='bbox 1012 3508 1087 3555; x_wconf 88' lang='grc' dir='ltr'>τε</span> <span class='ocrx_word' id='word_1_228' title='bbox 1132 3509 1250 3555; x_wconf 92' lang='grc' dir='ltr'>και</span> <span class='ocrx_word' id='word_1_229' title='bbox 1301 3475 1492 3559; x_wconf 84' lang='grc' dir='ltr'>θείας</span> <span class='ocrx_word' id='word_1_230' title='bbox 1542 3475 1790 3586; x_wconf 79' lang='grc' dir='ltr'>αὐλῆς,</span> <span class='ocrx_word' id='word_1_231' title='bbox 1827 3482 1972 3555; x_wconf 83' lang='grc' dir='ltr'>τῶν</span> <span class='ocrx_word' id='word_1_232' title='bbox 2007 3484 2136 3555; x_wconf 85' lang='grc' dir='ltr'>τοῦ</span> <span class='ocrx_word' id='word_1_233' title='bbox 2170 3476 2612 3581; x_wconf 88' lang='grc' dir='ltr'>παραδείσου</span> 
     </span>
    </p>

    <p class='ocr_par' dir='ltr' id='par_1_8' title="bbox 113 3596 2669 4076">
     <span class='ocr_line' id='line_1_26' title="bbox 113 3596 2669 3709; baseline 0.004 -37"><span class='ocrx_word' id='word_1_234' title='bbox 113 3628 185 3687; x_wconf 83' lang='lat'>25</span> <span class='ocrx_word' id='word_1_235' title='bbox 208 3601 623 3705; x_wconf 85' lang='grc' dir='ltr'>περιβόλων</span> <span class='ocrx_word' id='word_1_236' title='bbox 679 3603 888 3707; x_wconf 89' lang='grc' dir='ltr'>φημι,</span> <span class='ocrx_word' id='word_1_237' title='bbox 946 3604 1061 3679; x_wconf 85' lang='grc' dir='ltr'>καὶ</span> <span class='ocrx_word' id='word_1_238' title='bbox 1127 3599 1396 3698; x_wconf 85' lang='grc' dir='ltr'>ταύτην</span> <span class='ocrx_word' id='word_1_239' title='bbox 1460 3596 1790 3699; x_wconf 89' lang='grc' dir='ltr'>νοσήσας</span> <span class='ocrx_word' id='word_1_240' title='bbox 1855 3597 1989 3699; x_wconf 83' lang='grc' dir='ltr'>τὴν</span> <span class='ocrx_word' id='word_1_241' title='bbox 2052 3599 2446 3705; x_wconf 79' lang='grc' dir='ltr'>συμφορὰν</span> <span class='ocrx_word' id='word_1_242' title='bbox 2505 3606 2609 3709; x_wconf 77' lang='grc' dir='ltr'>τῷ</span> <span class='ocrx_word' id='word_1_243' title='bbox 2633 3637 2669 3681; x_wconf 82' lang='lat' dir='ltr'>e</span> 
     </span>
     <span class='ocr_line' id='line_1_27' title="bbox 208 3721 2615 3833; baseline 0 -29"><span class='ocrx_word' id='word_1_244' title='bbox 208 3725 394 3831; x_wconf 82' lang='grc' dir='ltr'>πρὸς</span> <span class='ocrx_word' id='word_1_245' title='bbox 458 3724 816 3826; x_wconf 83' lang='grc' dir='ltr'>ἁμαρτίαν</span> <span class='ocrx_word' id='word_1_246' title='bbox 879 3724 1348 3828; x_wconf 87' lang='grc' dir='ltr'>φενακίσαντι</span> <span class='ocrx_word' id='word_1_247' title='bbox 1414 3721 1759 3830; x_wconf 75' lang='grc' dir='ltr'>διαβόλῳ,</span> <span class='ocrx_word' id='word_1_248' title='bbox 1823 3726 1943 3803; x_wconf 87' lang='grc' dir='ltr'>καὶ</span> <span class='ocrx_word' id='word_1_249' title='bbox 2003 3721 2287 3833; x_wconf 75' lang='grc' dir='ltr'>θανάτῳ</span> <span class='ocrx_word' id='word_1_250' title='bbox 2349 3729 2454 3832; x_wconf 75' lang='grc' dir='ltr'>τῷ</span> <span class='ocrx_word' id='word_1_251' title='bbox 2527 3724 2615 3831; x_wconf 81' lang='grc' dir='ltr'>ἐξ</span> 
     </span>
     <span class='ocr_line' id='line_1_28' title="bbox 211 3845 2609 3955; baseline 0 -26"><span class='ocrx_word' id='word_1_252' title='bbox 211 3851 566 3955; x_wconf 79' lang='grc' dir='ltr'>ἁμαρτίας</span> <span class='ocrx_word' id='word_1_253' title='bbox 627 3845 1303 3947; x_wconf 76' lang='grc' dir='ltr'>ἀναβλαστῆσαντι,</span> <span class='ocrx_word' id='word_1_254' title='bbox 1357 3853 1634 3949; x_wconf 85' lang='grc' dir='ltr'>πικροῖς</span> <span class='ocrx_word' id='word_1_255' title='bbox 1697 3845 1919 3931; x_wconf 84' lang='grc' dir='ltr'>ὅντως</span> <span class='ocrx_word' id='word_1_256' title='bbox 1983 3851 2101 3927; x_wconf 81' lang='grc' dir='ltr'>καὶ</span> <span class='ocrx_word' id='word_1_257' title='bbox 2158 3845 2609 3951; x_wconf 82' lang='grc' dir='ltr'>ἀγοητεύτοις</span> 
     </span>
     <span class='ocr_line' id='line_1_29' title="bbox 209 3968 2611 4076; baseline -0 -20"><span class='ocrx_word' id='word_1_258' title='bbox 209 3970 799 4075; x_wconf 83' lang='grc' dir='ltr'>κατεσαγηνεύθη</span> <span class='ocrx_word' id='word_1_259' title='bbox 837 3970 1100 4056; x_wconf 82' lang='grc' dir='ltr'>λύκοις.</span> <span class='ocrx_word' id='word_1_260' title='bbox 1157 3968 1394 4072; x_wconf 84' lang='grc' dir='ltr'>ἐπειδὴ</span> <span class='ocrx_word' id='word_1_261' title='bbox 1433 3969 1509 4052; x_wconf 90' lang='grc' dir='ltr'>δε</span> <span class='ocrx_word' id='word_1_262' title='bbox 1544 3969 1810 4070; x_wconf 87' lang='grc' dir='ltr'>ποιμὴν</span> <span class='ocrx_word' id='word_1_263' title='bbox 1847 3968 2121 4073; x_wconf 88' lang='grc' dir='ltr'>ἀγαθος</span> <span class='ocrx_word' id='word_1_264' title='bbox 2156 3970 2268 4076; x_wconf 84' lang='grc' dir='ltr'>ἐφ’</span> <span class='ocrx_word' id='word_1_265' title='bbox 2292 3968 2611 4056; x_wconf 81' lang='grc' dir='ltr'>ἅπαντας</span> 
     </span>
    </p>
   </div>
   <div class='ocr_carea' id='block_1_5' title="bbox 208 4091 2613 4203">
    <p class='ocr_par' dir='ltr' id='par_1_9' title="bbox 208 4091 2613 4203">
     <span class='ocr_line' id='line_1_30' title="bbox 208 4091 2613 4203; baseline -0.001 -24"><span class='ocrx_word' id='word_1_266' title='bbox 208 4098 582 4203; x_wconf 86' lang='grc' dir='ltr'>ἀνεδείχθη</span> <span class='ocrx_word' id='word_1_267' title='bbox 638 4092 983 4200; x_wconf 83' lang='grc' dir='ltr'>Χριστὸς,</span> <span class='ocrx_word' id='word_1_268' title='bbox 1036 4095 1285 4194; x_wconf 80' lang='grc' dir='ltr'>ἔθηκεν</span> <span class='ocrx_word' id='word_1_269' title='bbox 1340 4094 1515 4199; x_wconf 82' lang='grc' dir='ltr'>ὑπὲρ</span> <span class='ocrx_word' id='word_1_270' title='bbox 1570 4096 1774 4194; x_wconf 75' lang='grc' dir='ltr'>ἡμῶν</span> <span class='ocrx_word' id='word_1_271' title='bbox 1828 4092 1961 4194; x_wconf 87' lang='grc' dir='ltr'>τὴν</span> <span class='ocrx_word' id='word_1_272' title='bbox 2018 4091 2267 4201; x_wconf 77' lang='grc' dir='ltr'>ψυχὴν</span> <span class='ocrx_word' id='word_1_273' title='bbox 2322 4101 2411 4202; x_wconf 81' lang='grc' dir='ltr'>τῇ</span> <span class='ocrx_word' id='word_1_274' title='bbox 2466 4104 2613 4176; x_wconf 81' lang='grc' dir='ltr'>τῶν</span> 
     </span>
    </p>
   </div>
   <div class='ocr_carea' id='block_1_6' title="bbox 200 4304 2612 4652">
    <p class='ocr_par' dir='ltr' id='par_1_10' title="bbox 200 4304 2612 4652">
     <span class='ocr_line' id='line_1_31' title="bbox 281 4304 2607 4398; baseline -0 -34"><span class='ocrx_word' id='word_1_275' title='bbox 281 4330 333 4378; x_wconf 77' lang='grc'>4.</span> <span class='ocrx_word' id='word_1_276' title='bbox 372 4305 729 4398; x_wconf 70' lang='grc' dir='ltr'>σκορπίζει]</span> <span class='ocrx_word' id='word_1_277' title='bbox 698 4315 756 4370; x_wconf 69' lang='lat'><em>4</em></span> <span class='ocrx_word' id='word_1_278' title='bbox 778 4308 845 4361; x_wconf 73' lang='grc' dir='ltr'>τὰ</span> <span class='ocrx_word' id='word_1_279' title='bbox 865 4308 1122 4394; x_wconf 82' lang='grc' dir='ltr'>πρόβατα.</span> <span class='ocrx_word' id='word_1_280' title='bbox 1158 4310 1188 4362; x_wconf 85' lang='grc' dir='ltr'>ὁ</span> <span class='ocrx_word' id='word_1_281' title='bbox 1212 4307 1269 4362; x_wconf 74' lang='grc' dir='ltr'>δὲ</span> <span class='ocrx_word' id='word_1_282' title='bbox 1292 4306 1555 4376; x_wconf 76' lang='grc' dir='ltr'>μισθωτὸς</span> <span class='ocrx_word' id='word_1_283' title='bbox 1576 4304 1764 4377; x_wconf 73' lang='grc' dir='ltr'>φεύ-γει</span> <span class='ocrx_word' id='word_1_284' title='bbox 1778 4304 1924 4361; x_wconf 83' lang='lat' dir='ltr'>Aub.</span> <span class='ocrx_word' id='word_1_285' title='bbox 1950 4305 2096 4361; x_wconf 68' lang='lat' dir='ltr'>0121ss</span> <span class='ocrx_word' id='word_1_286' title='bbox 2122 4306 2197 4361; x_wconf 78' lang='lat' dir='ltr'>xii</span> <span class='ocrx_word' id='word_1_287' title='bbox 2214 4306 2414 4377; x_wconf 83' lang='lat' dir='ltr'><strong>Proph.</strong></span> <span class='ocrx_word' id='word_1_288' title='bbox 2433 4306 2607 4378; x_wconf 87' lang='lat' dir='ltr'><strong>760b.</strong></span> 
     </span>
     <span class='ocr_line' id='line_1_32' title="bbox 205 4375 2609 4451; baseline -0.003 -13"><span class='ocrx_word' id='word_1_289' title='bbox 205 4384 260 4438; x_wconf 82' lang='lat'>8.</span> <span class='ocrx_word' id='word_1_290' title='bbox 299 4382 602 4451; x_wconf 65' lang='lat' dir='ltr'><strong>Assumpta</strong></span> <span class='ocrx_word' id='word_1_291' title='bbox 624 4379 846 4433; x_wconf 76' lang='grc' dir='ltr'>εκείνους</span> <span class='ocrx_word' id='word_1_292' title='bbox 868 4379 950 4431; x_wconf 78' lang='grc' dir='ltr'>καὶ</span> <span class='ocrx_word' id='word_1_293' title='bbox 975 4377 1200 4436; x_wconf 77' lang='grc' dir='ltr'>κλέπτας</span> <span class='ocrx_word' id='word_1_294' title='bbox 1221 4396 1287 4432; x_wconf 80' lang='lat' dir='ltr'>ex</span> <span class='ocrx_word' id='word_1_295' title='bbox 1315 4377 1450 4442; x_wconf 82' lang='lat' dir='ltr'><strong>B.a.‚</strong></span> <span class='ocrx_word' id='word_1_296' title='bbox 1474 4400 1557 4432; x_wconf 85' lang='grc' dir='ltr'>και</span> <span class='ocrx_word' id='word_1_297' title='bbox 1583 4378 1683 4432; x_wconf 86' lang='lat' dir='ltr'><strong>ult.</strong></span> <span class='ocrx_word' id='word_1_298' title='bbox 1708 4394 1773 4431; x_wconf 78' lang='lat' dir='ltr'>ex</span> <span class='ocrx_word' id='word_1_299' title='bbox 1801 4375 1866 4431; x_wconf 88' lang='lat' dir='ltr'>B.</span> <span class='ocrx_word' id='word_1_300' title='bbox 2062 4393 2143 4431; x_wconf 84' lang='lat'>11.</span> <span class='ocrx_word' id='word_1_301' title='bbox 2182 4378 2537 4447; x_wconf 78' lang='grc' dir='ltr'>καθηγημόνας</span> <span class='ocrx_word' id='word_1_302' title='bbox 2561 4396 2609 4434; x_wconf 79' lang='lat' dir='ltr'>a.</span> 
     </span>
     <span class='ocr_line' id='line_1_33' title="bbox 209 4446 2610 4525; baseline -0.003 -17"><span class='ocrx_word' id='word_1_303' title='bbox 209 4469 296 4525; x_wconf 86' lang='lat'>15.</span> <span class='ocrx_word' id='word_1_304' title='bbox 332 4452 393 4520; x_wconf 74' lang='grc' dir='ltr'>ἐξ</span> <span class='ocrx_word' id='word_1_305' title='bbox 418 4452 606 4505; x_wconf 63' lang='grc' dir='ltr'>ἑαυτοῦ</span> <span class='ocrx_word' id='word_1_306' title='bbox 633 4448 698 4503; x_wconf 90' lang='grc' dir='ltr'>Β.</span> <span class='ocrx_word' id='word_1_307' title='bbox 701 4467 749 4503; x_wconf 78' lang='lat' dir='ltr'>a.</span> <span class='ocrx_word' id='word_1_308' title='bbox 774 4447 895 4518; x_wconf 86' lang='grc' dir='ltr'>παρ’</span> <span class='ocrx_word' id='word_1_309' title='bbox 921 4448 1079 4502; x_wconf 74' lang='grc' dir='ltr'>αὐτοῦ</span> <span class='ocrx_word' id='word_1_310' title='bbox 1107 4449 1289 4504; x_wconf 80' lang='lat' dir='ltr'><strong>Holst.</strong></span> <span class='ocrx_word' id='word_1_311' title='bbox 1311 4447 1415 4503; x_wconf 86' lang='lat' dir='ltr'>Ed.</span> <span class='ocrx_word' id='word_1_312' title='bbox 1566 4448 1647 4502; x_wconf 88' lang='lat'>18.</span> <span class='ocrx_word' id='word_1_313' title='bbox 1684 4447 1996 4518; x_wconf 80' lang='grc' dir='ltr'>φιλαιτάτης</span> <span class='ocrx_word' id='word_1_314' title='bbox 2016 4446 2081 4503; x_wconf 89' lang='grc' dir='ltr'>Β.</span> <span class='ocrx_word' id='word_1_315' title='bbox 2105 4449 2363 4519; x_wconf 82' lang='grc' dir='ltr'>φιλτάτης</span> <span class='ocrx_word' id='word_1_316' title='bbox 2386 4449 2484 4504; x_wconf 87' lang='lat' dir='ltr'>Ht.</span> <span class='ocrx_word' id='word_1_317' title='bbox 2506 4448 2610 4504; x_wconf 86' lang='lat' dir='ltr'>Ed.</span> 
     </span>
     <span class='ocr_line' id='line_1_34' title="bbox 200 4518 2612 4652; baseline -0.002 -74"><span class='ocrx_word' id='word_1_318' title='bbox 200 4541 275 4651; x_wconf 46' lang='grc' dir='ltr'>ἓν,</span> <span class='ocrx_word' id='word_1_319' title='bbox 278 4526 360 4652; x_wconf 72' lang='lat' dir='ltr'>‚bd</span> <span class='ocrx_word' id='word_1_320' title='bbox 384 4522 658 4648; x_wconf 54' lang='lat' dir='ltr'>Mamor</span> <span class='ocrx_word' id='word_1_321' title='bbox 681 4537 711 4574; x_wconf 82' lang='lat' dir='ltr'>e</span> <span class='ocrx_word' id='word_1_322' title='bbox 703 4518 1048 4645; x_wconf 59' lang='lat' dir='ltr'>Cat-BHffil.</span> <span class='ocrx_word' id='word_1_323' title='bbox 1073 4519 1368 4592; x_wconf 70' lang='lat' dir='ltr'><strong>assumpsit</strong></span> <span class='ocrx_word' id='word_1_324' title='bbox 1390 4518 1537 4574; x_wconf 77' lang='lat' dir='ltr'><strong>Aub.</strong></span> <span class='ocrx_word' id='word_1_325' title='bbox 1562 4527 1616 4574; x_wconf 77' lang='lat' dir='ltr'>et</span> <span class='ocrx_word' id='word_1_326' title='bbox 1639 4519 1715 4573; x_wconf 78' lang='lat' dir='ltr'>ita</span> <span class='ocrx_word' id='word_1_327' title='bbox 1736 4537 1785 4574; x_wconf 77' lang='lat' dir='ltr'>a.</span> <span class='ocrx_word' id='word_1_328' title='bbox 2005 4534 2091 4587; x_wconf 82' lang='lat'>24.</span> <span class='ocrx_word' id='word_1_329' title='bbox 2128 4521 2284 4575; x_wconf 76' lang='grc' dir='ltr'>τοῦτο</span> <span class='ocrx_word' id='word_1_330' title='bbox 2308 4518 2612 4574; x_wconf 80' lang='lat' dir='ltr'><strong>emendavit</strong></span> 
     </span>
    </p>

    <p class='ocr_par' dir='ltr' id='par_1_11' title="bbox 253 4589 816 4651">
     <span class='ocr_line' id='line_1_35' title="bbox 253 4589 816 4651; baseline -0.012 1"><span class='ocrx_word' id='word_1_331' title='bbox 253 4614 295 4651; x_wconf 86' lang='lat' dir='ltr'><strong>u</strong></span> <span class='ocrx_word' id='word_1_332' title='bbox 376 4605 432 4651; x_wconf 79' lang='lat' dir='ltr'>et</span> <span class='ocrx_word' id='word_1_333' title='bbox 454 4612 473 4649; x_wconf 87' lang='lat'>1</span> <span class='ocrx_word' id='word_1_334' title='bbox 555 4610 590 4646; x_wconf 76' lang='lat' dir='ltr'><strong>a</strong></span> <span class='ocrx_word' id='word_1_335' title='bbox 629 4589 816 4646; x_wconf 78' lang='grc' dir='ltr'>τοῦτου</span> 
     </span>
    </p>
   </div>
  </div>
 </body>
</html>
