3238 5158
583 342 712 405 174
1191 338 1270 401 B.
1319 336 1738 402 CYRILLI
1797 335 2376 402 ALEXANDR.
2630 335 2717 397 ix.
2745 352 2847 409 20,
2874 351 2982 399 21.

482 572 1055 663 2οἈπεκρίθκσαν
1094 571 1153 638 οἷ
1202 569 1411 649 Γονεῖο
1461 573 1659 638 αὐτοῦ
1713 572 1819 638 καὶ
1872 566 2056 638 εἶπον
2095 568 2385 649 Οἴδαμεν
2421 572 2522 639 ὅτι
2572 565 2760 636 οὗτός
2803 569 2979 635 ἐστιν

480 716 552 755 21
685 699 721 764 ὁ
760 696 896 765 υἰὸε
935 699 1120 775 ἡμῶν
1158 698 1266 763 καὶ
1313 701 1414 765 ὄτι
1462 698 1713 787 τυφλὸς
1759 699 2091 774 ἑΓεννήθΗ·
2149 699 2294 763 πῶς
2332 696 2403 763 δὲ
2443 702 2554 762 νῦν
2593 695 2814 773 βλέπει
2861 693 2981 759 οὐκ

685 819 979 904 οἴδαμεν,
1043 824 1081 888 a
1153 824 1249 889 τίς
1311 824 1603 908 ἀνέῳξεν
1668 824 1867 890 αὐτοῦ
1939 823 2092 889 τοὺς
2163 821 2548 911 ὀφθαλμοὺς
2611 817 2800 897 ἡμεῖς
2860 819 2980 884 οὐκ

522 961 559 1003 e
685 944 975 1024 οἴδαμεν·
1053 947 1251 1019 αὐτὸν
1312 948 1717 1038 ἐρωτήσατε,
1780 946 2037 1012 ἡλικίαν
2098 946 2233 1033 ἔχει
2303 946 2501 1011 αὐτὸς
2560 944 2710 1034 περὶ
2779 944 2979 1008 αὑτοῦ

684 1079 995 1143 λαλῆσαι.
3015 1068 3057 1128 5

691 1238 1245 1338 Ὁμολογοῦσιν
1295 1240 1392 1321 ὡς
1450 1236 1736 1338 ἀληθὲς,
1776 1234 1863 1317 τὸ
1917 1235 2332 1337 μηδαμόθεν
2380 1234 2821 1342 ἀμφίβολον,
2865 1234 2986 1310 καὶ

581 1361 694 1466 ἐφ’
735 1356 931 1468 ᾧπερ
981 1359 1165 1447 εἰκὸς
1213 1360 1302 1462 ἦν
1352 1364 1724 1460 ὑπομεῖναι
1769 1367 1917 1441 τῶν
1956 1359 2388 1461 ἀβουλήτων
2439 1360 2661 1439 οὐδέν·
2731 1356 2986 1436 εἰδέναι

582 1484 713 1584 μὲν
777 1485 922 1589 γὰρ
988 1484 1121 1584 τὴν
1179 1487 1366 1567 ἰδίαν
1424 1485 1804 1591 φάσκουσι
1866 1485 2108 1589 γονὴν,
2171 1491 2288 1564 καὶ
2349 1490 2478 1582 τῆς
2543 1487 2792 1563 ὠδῖνος
2855 1482 2984 1560 οὐκ

582 1613 961 1713 ἀρνοῦνται
1011 1607 1094 1690 τὸ
1147 1610 1473 1713 γνήσιον,
1524 1608 1920 1715 συνετέχθη
1975 1608 2052 1689 δὲ
2108 1609 2218 1689 ὅτι
2271 1613 2376 1717 τῷ
2421 1606 2634 1689 πάθει
2683 1605 2986 1707 λέγουσι

583 1742 872 1839 σαφῶς·
936 1733 1362 1814 ἀναδύονται
1418 1733 1649 1836 γεμὴν
1697 1741 1826 1813 τοῦ
1874 1732 2237 1833 θαύματος
2286 1731 2418 1832 τὴν
2470 1730 2844 1838 ἐξήγησιν,
2893 1736 2986 1834 τῇ
3023 1763 3105 1804 10

585 1867 714 1938 τοῦ
770 1856 1200 1961 πράγματος
1256 1857 1478 1963 φύσει
1538 1866 1753 1952 τοῦτο
1816 1864 2003 1953 βοᾶν
2061 1856 2570 1960 ἐπιτρέποντες,
2629 1860 2746 1934 καὶ
2812 1853 2987 1933 αὐτὸ

249 2001 376 2055 614
390 1998 473 2057 A.
527 2014 564 2053 a
586 1988 878 2082 μᾶλλον
924 1979 1519 2084 πρεπωδέστερόν
1564 2016 1722 2067 πως
1775 1978 1947 2062 εἷναι
1998 1979 2614 2078 διαβεβαιούμενοι
2666 1977 2752 2058 τό
2802 1978 2992 2058 Τίνα

249 2471 346 2521 Sir.
367 2471 435 2522 iv.

253 2538 334 2589 28.

586 2104 860 2206 τρόπον
914 2103 1440 2207 τεθεράπευται,
1491 2104 1732 2207 λε’γειν
1784 2110 1888 2213 τῷ
1944 2106 2095 2214 ἰδίῳ
2151 2103 2561 2207 γεννήματι·
2631 2101 2876 2186 δεινὸς·
2911 2100 3001 2182 δέ

585 2263 740 2313 πως
791 2231 992 2307 ἐστιν
1038 2234 1136 2312 εἷς
1190 2226 1275 2308 τὸ
1331 2231 1756 2328 ἀποστῆσαι
1810 2237 1938 2309 τοῦ
1982 2229 2382 2333 πρέποντος
2433 2229 2474 2307 ὁ
2522 2229 2638 2308 ε’πὶ
2687 2225 2989 2336 κινδύνῳ

589 2350 847 2458 φόβος.
926 2351 1036 2432 διὸ
1072 2351 1159 2454 δὴ
1196 2352 1329 2452 τὴν
1361 2358 1506 2433 τῶν
1535 2352 1959 2454 Φαρισαίων
1997 2352 2334 2452 ὡμότητα
2368 2354 2990 2458 καταφρίττοντες,
3027 2385 3105 2446 15

588 2476 674 2555 οὐ
724 2474 1155 2578 τετηρήκασι
1205 2474 1419 2556 τοῦτό
1467 2511 1611 2557 που
1663 2482 1905 2561 καλῶς
1955 2476 2322 2579 εἰρημένον
2360 2484 2402 2524 “
2427 2473 2625 2560 ”Έως
2676 2474 2993 2557 θανάτου

591 2610 636 2647 “
671 2599 1029 2701 ἀγώνισαι
1104 2599 1280 2703 ὑπὲρ
1353 2605 1480 2699 τῆς
1552 2602 1963 2701 ἀληθείας.”
2062 2601 2246 2686 εἰκὸς
2309 2601 2385 2680 δὲ
2453 2598 2542 2701 δή
2603 2634 2674 2680 τι
2738 2607 2996 2681 παθεῖν

589 2722 843 2809 αὐτοὺς
895 2724 1157 2829 ἕτερον·
1228 2722 1463 2809 δειλὸς
1520 2722 1665 2827 γὰρ
1722 2727 1762 2804 ὁ
1818 2724 2036 2827 πένης
2089 2730 2470 2829 πανταχῇ,”
2485 2724 2602 2805 καὶ
2651 2722 2737 2805 τὸ
2784 2727 2987 2805 ἀντι-

588 2847 888 2943 βλέπειν
925 2848 1287 2931 δύνασθαί
1315 2882 1512 2929 τισιν
1546 2850 1636 2956 ἐξ
1678 2849 2127 2955 ἀχρηματίας
2177 2848 2763 2952 παραιρούμενος,
2804 2851 2986 2929 ὑπο-

521 2990 565 3054 b
593 2973 839 3078 φεύγει
884 2972 1242 3059 πολλάκις
1289 2978 1387 3059 εἶς
1440 2972 1853 3073 ἀβούλητον
1891 2972 2179 3072 σιωπὴν
2217 2977 2329 3053 καὶ
2378 2971 2510 3072 τὴν
2549 2975 2637 3080 ἐξ
2682 2970 2999 3073 ἀνάγκης
3026 3016 3111 3057 20

591 3096 1061 3202 ἀνεξικακίαν.
1147 3101 1244 3181 ὡς
1296 3094 1441 3202 γὰρ
1489 3098 1627 3199 ἤδη
1679 3099 1984 3201 διαρκῶς
2037 3103 2138 3204 τῷ
2193 3101 2322 3196 τῆς
2375 3100 2730 3202 πτωχείας
2786 3097 2995 3201 ἄχθει

593 3223 1214 3325 συντετριμμένος,
1270 3225 1365 3306 ὡς
1421 3222 1503 3303 τὸ
1560 3226 1678 3303 καὶ
1738 3222 1999 3325 ἑτέροις
2052 3222 2698 3328 καταφορτίζέσθαι
2752 3227 2997 3304 κακοῖς

593 3347 992 3453 ἀποναρκᾷ.
1081 3345 1406 3427 τοιοῦτόν
1458 3380 1530 3426 τι
1585 3353 1841 3427 παθεῖν
1899 3346 2384 3440 ὖποτοπητέον
2439 3342 2605 3431 τοὺς
2662 3346 2995 3429 τεκόντας

594 3465 723 3546 τὸν
787 3468 1092 3574 τυφλὸν,
1159 3475 1216 3548 εἶ
1291 3472 1409 3549 καὶ
1482 3469 1593 3550 ὅτι
1664 3471 1996 3569 μάλιστα
2068 3468 2213 3549 σὺν
2281 3473 2673 3577 ἀκολουθίᾳ
2744 3479 2999 3575 πολλῇ

594 3591 925 3696 πρόεισιν
962 3593 1002 3671 ό
1055 3592 1282 3694 λόγος
1328 3594 1588 3678 αὐτοῖς.
1671 3594 1753 3675 τὸ
1786 3594 1918 3692 μὲν
1951 3594 2097 3698 γὰρ
2146 3593 2396 3674 εἰδέναι
2446 3592 2573 3674 τὸν
2608 3596 2696 3701 ἐξ
2728 3598 3001 3675 ἑαυτῶν
3031 3631 3115 3692 25

598 3715 826 3816 δήπου
860 3714 1149 3802 πάντως
1186 3722 1478 3814 μᾶλλον
1510 3718 1747 3802 αὐτοῖς
1784 3720 1900 3798 καὶ
1938 3720 2098 3823 οὐχὶ
2134 3724 2236 3826 τῷ
2271 3721 2678 3820 γεννηθέντι
2709 3753 3004 3820 πρεπω-

599 3841 937 3944 δέστερον
988 3842 1277 3942 ἀναθείη
1332 3874 1441 3926 τις
1494 3838 1606 3939 ἂν,
1644 3841 1729 3922 τὸ
1784 3840 2013 3944 γεμὴν
2062 3843 2311 3922 εἰδέναι
2366 3841 2494 3922 τὸν
2550 3841 2793 3944 ἰατρὸν
2840 3844 3004 3947 οὐχὶ

598 3963 887 4050 πάντως
941 3973 1089 4049 τοῖς
1141 3964 1677 4069 γεγεννηκόσιν,
1725 3966 1832 4067 ε’ίη
1889 3966 1956 4044 δ’
1997 3964 2086 4046 ἂν
2133 3973 2425 4064 μᾶλλον
2475 3967 3003 4070 ἁρμοδιώτερον

540 4119 577 4163 ο
602 4095 703 4197 τῷ
740 4087 857 4168 διὰ
900 4090 1149 4193 πείρας
1198 4089 1436 4196 ἔχοντι
1482 4086 1615 4191 τὴν
1653 4088 1797 4169 ἀπὸ
1847 4099 1975 4171 τοῦ
2026 4091 2390 4190 θαύματος
2433 4089 2667 4195 χάριν.
2743 4091 3003 4171 οὐκοῦν

669 4316 723 4372 5.
759 4302 992 4371 λαλῆσαι
1018 4302 1082 4356 Β.
1113 4300 1204 4376 [L.
1229 4302 1353 4357 vide
1375 4300 1586 4385 Tisch]
1614 4301 1841 4373 λαλήσει
1868 4302 1970 4359 Ed.
2163 4317 2213 4374 7.
2251 4301 2313 4372 ἦν
2336 4302 2471 4361 εἰκὸς
2493 4302 2712 4359 inverso
2736 4301 2927 4357 ordine
2949 4320 3002 4358 a.

600 4372 653 4426 8.
690 4371 849 4444 ἰδίαν]
883 4378 941 4437 4-
970 4371 1141 4445 φῦσιν
1168 4371 1232 4427 Β.
1262 4373 1441 4428 Holst.
1466 4375 1648 4428 omlsit
1671 4384 1733 4429 ut
1757 4374 1978 4430 adnotat
2001 4375 2116 4445 ipse
2139 4375 2290 4430 Aub.
2516 4390 2600 4430 11.
2638 4374 2776 4446 αὐτῷ
2801 4391 2850 4427 ει.
2878 4372 3000 4428 Cat.

602 4442 757 4497 Harl.
1024 4460 1109 4514 13.
1146 4446 1217 4517 τῷ
1245 4444 1357 4518 ἰδίῳ
1380 4444 1656 4531 ίγἐννίμιαιί
1680 4453 1803 4499 ante
1825 4448 1886 4499 τό
1911 4445 2035 4500 Τίνα
2059 4455 2264 4515 transp.
2291 4462 2341 4500 a.
2603 4444 2687 4499 16.
2723 4446 2878 4499 τοῦτό
2900 4464 3006 4498 που

601 4513 668 4569 Β.
693 4515 754 4568 τὸ
779 4512 884 4569 Ed.
1047 4531 1131 4586 19.
1166 4536 1574 4585 παραιρουμενος
1601 4514 1717 4571 B.a.
1741 4514 2145 4588 παραιτούμενος
2168 4534 2198 4571 e
2223 4515 2342 4570 Cat.
2371 4514 2526 4570 Harl.
2545 4516 2711 4580 Aub„
2737 4514 3004 4570 adnotans

598 4584 968 4657 apographum
994 4603 1155 4641 suum
1178 4584 1638 4657 παραμιμούμενος
1662 4585 1928 4643 exhibere.
2143 4586 2229 4642 26.
2267 4586 2389 4659 οὐχὶ
2413 4605 2461 4641 a.
2486 4586 2548 4641 οὐ
2576 4585 2678 4644 Ed.
