<?xml version="1.0" encoding="UTF-8"?>
<!DOCTYPE html PUBLIC "-//W3C//DTD XHTML 1.0 Transitional//EN"
    "http://www.w3.org/TR/xhtml1/DTD/xhtml1-transitional.dtd">
<html xmlns="http://www.w3.org/1999/xhtml" xml:lang="en" lang="en">
 <head>
  <title>
</title>
<meta http-equiv="Content-Type" content="text/html;charset=utf-8" />
  <meta name='ocr-system' content='tesseract 3.04.00' />
  <meta name='ocr-capabilities' content='ocr_page ocr_carea ocr_par ocr_line ocrx_word'/>
</head>
<body>
  <div class='ocr_page' id='page_1' title='image "./sanctipatrisnos03pusegoog_0570.png"; bbox 0 0 3238 5158; ppageno 0'>
   <div class='ocr_carea' id='block_1_1' title="bbox 619 312 3033 391">
    <p class='ocr_par' dir='ltr' id='par_1_1' title="bbox 619 312 3033 391">
     <span class='ocr_line' id='line_1_1' title="bbox 619 312 3033 391; baseline -0.002 -10"><span class='ocrx_word' id='word_1_1' title='bbox 619 317 751 382; x_wconf 87' lang='grc'>558</span> <span class='ocrx_word' id='word_1_2' title='bbox 1226 315 1305 382; x_wconf 87' lang='grc' dir='ltr'>Β.</span> <span class='ocrx_word' id='word_1_3' title='bbox 1354 312 1781 381; x_wconf 83' lang='lat' dir='ltr'>CYRILLI</span> <span class='ocrx_word' id='word_1_4' title='bbox 1840 314 2421 381; x_wconf 85' lang='lat' dir='ltr'>ALEXANDR.</span> <span class='ocrx_word' id='word_1_5' title='bbox 2837 330 3033 391; x_wconf 67' lang='lat' dir='ltr'>xV.4.</span> 
     </span>
    </p>
   </div>
   <div class='ocr_carea' id='block_1_2' title="bbox 236 474 3192 4183">
    <p class='ocr_par' dir='ltr' id='par_1_2' title="bbox 560 474 3092 1578">
     <span class='ocr_line' id='line_1_2' title="bbox 619 474 3042 583; baseline -0.002 -21"><span class='ocrx_word' id='word_1_6' title='bbox 619 482 748 578; x_wconf 83' lang='grc' dir='ltr'>τῆς</span> <span class='ocrx_word' id='word_1_7' title='bbox 783 482 1200 583; x_wconf 76' lang='grc' dir='ltr'>εἰλικρινοῦς</span> <span class='ocrx_word' id='word_1_8' title='bbox 1234 512 1315 561; x_wconf 88' lang='grc' dir='ltr'>τε</span> <span class='ocrx_word' id='word_1_9' title='bbox 1352 481 1469 560; x_wconf 79' lang='grc' dir='ltr'>καὶ</span> <span class='ocrx_word' id='word_1_10' title='bbox 1505 483 1826 581; x_wconf 77' lang='grc' dir='ltr'>ἀληθοῦς</span> <span class='ocrx_word' id='word_1_11' title='bbox 1860 477 2063 583; x_wconf 80' lang='grc' dir='ltr'>παρὰ</span> <span class='ocrx_word' id='word_1_12' title='bbox 2096 485 2451 582; x_wconf 78' lang='grc' dir='ltr'>Χριστοῦ.</span> <span class='ocrx_word' id='word_1_13' title='bbox 2525 477 2725 558; x_wconf 74' lang='grc' dir='ltr'>τουτὶ</span> <span class='ocrx_word' id='word_1_14' title='bbox 2760 475 2914 580; x_wconf 74' lang='grc' dir='ltr'>γὰρ</span> <span class='ocrx_word' id='word_1_15' title='bbox 2951 474 3042 556; x_wconf 77' lang='grc' dir='ltr'>ἂν</span> 
     </span>
     <span class='ocr_line' id='line_1_3' title="bbox 620 598 3042 708; baseline -0.001 -24"><span class='ocrx_word' id='word_1_16' title='bbox 620 603 727 703; x_wconf 82' lang='grc' dir='ltr'>εἴη</span> <span class='ocrx_word' id='word_1_17' title='bbox 793 636 880 683; x_wconf 89' lang='grc' dir='ltr'>το</span> <span class='ocrx_word' id='word_1_18' title='bbox 944 605 1403 708; x_wconf 82' lang='grc' dir='ltr'>ἀριθμεῖσθαι</span> <span class='ocrx_word' id='word_1_19' title='bbox 1467 603 1731 684; x_wconf 90' lang='grc' dir='ltr'>λοιπον</span> <span class='ocrx_word' id='word_1_20' title='bbox 1791 605 1871 685; x_wconf 90' lang='grc' dir='ltr'>ἐν</span> <span class='ocrx_word' id='word_1_21' title='bbox 1934 602 2263 705; x_wconf 80' lang='grc' dir='ltr'>κλήμασι</span> <span class='ocrx_word' id='word_1_22' title='bbox 2330 610 2482 687; x_wconf 87' lang='grc' dir='ltr'>τοῖς</span> <span class='ocrx_word' id='word_1_23' title='bbox 2553 608 2646 708; x_wconf 80' lang='grc' dir='ltr'>τῇ</span> <span class='ocrx_word' id='word_1_24' title='bbox 2720 598 3042 708; x_wconf 75' lang='grc' dir='ltr'>ἀμπέλφ</span> 
     </span>
     <span class='ocr_line' id='line_1_4' title="bbox 617 724 3043 835; baseline -0.001 -27"><span class='ocrx_word' id='word_1_25' title='bbox 617 727 1185 834; x_wconf 84' lang='grc' dir='ltr'>προσπεφυκόσι</span> <span class='ocrx_word' id='word_1_26' title='bbox 1238 733 1331 834; x_wconf 82' lang='grc' dir='ltr'>τῇ</span> <span class='ocrx_word' id='word_1_27' title='bbox 1385 730 1717 835; x_wconf 81' lang='grc' dir='ltr'>ἀληθινῇ,</span> <span class='ocrx_word' id='word_1_28' title='bbox 1762 729 1952 835; x_wconf 87' lang='grc' dir='ltr'>φημι</span> <span class='ocrx_word' id='word_1_29' title='bbox 2009 725 2097 828; x_wconf 82' lang='grc' dir='ltr'>δὴ</span> <span class='ocrx_word' id='word_1_30' title='bbox 2152 731 2486 835; x_wconf 75' lang='grc' dir='ltr'>Χριστῷ.</span> <span class='ocrx_word' id='word_1_31' title='bbox 2567 725 2909 828; x_wconf 74' lang='grc' dir='ltr'>δευτέρας</span> <span class='ocrx_word' id='word_1_32' title='bbox 2964 724 3043 805; x_wconf 78' lang='grc' dir='ltr'>δὲ</span> 
     </span>
     <span class='ocr_line' id='line_1_5' title="bbox 620 847 3042 958; baseline -0 -27"><span class='ocrx_word' id='word_1_33' title='bbox 620 847 817 950; x_wconf 81' lang='grc' dir='ltr'>οἶμαι</span> <span class='ocrx_word' id='word_1_34' title='bbox 882 853 1263 958; x_wconf 83' lang='grc' dir='ltr'>φροντίδος</span> <span class='ocrx_word' id='word_1_35' title='bbox 1332 885 1628 955; x_wconf 86' lang='grc' dir='ltr'>καρπος,</span> <span class='ocrx_word' id='word_1_36' title='bbox 1694 850 1851 932; x_wconf 86' lang='grc' dir='ltr'>κατ’</span> <span class='ocrx_word' id='word_1_37' title='bbox 1909 852 2161 932; x_wconf 80' lang='grc' dir='ltr'>οὐδένα</span> <span class='ocrx_word' id='word_1_38' title='bbox 2215 850 2488 954; x_wconf 81' lang='grc' dir='ltr'>τρόπον</span> <span class='ocrx_word' id='word_1_39' title='bbox 2541 854 2672 950; x_wconf 83' lang='grc' dir='ltr'>τῆς</span> <span class='ocrx_word' id='word_1_40' title='bbox 2734 849 3042 952; x_wconf 73' lang='grc' dir='ltr'>πρώτης</span> 
     </span>
     <span class='ocr_line' id='line_1_6' title="bbox 619 968 3092 1080; baseline 0.002 -27"><span class='ocrx_word' id='word_1_41' title='bbox 619 976 1261 1075; x_wconf 86' lang='grc' dir='ltr'>μειονεκτούμενος,</span> <span class='ocrx_word' id='word_1_42' title='bbox 1336 981 1633 1076; x_wconf 81' lang='grc' dir='ltr'>μᾶλλον</span> <span class='ocrx_word' id='word_1_43' title='bbox 1705 975 1783 1056; x_wconf 79' lang='grc' dir='ltr'>δὲ</span> <span class='ocrx_word' id='word_1_44' title='bbox 1857 978 1975 1055; x_wconf 83' lang='grc' dir='ltr'>καὶ</span> <span class='ocrx_word' id='word_1_45' title='bbox 2045 974 2587 1079; x_wconf 77' lang='grc' dir='ltr'>συντονωτέραν</span> <span class='ocrx_word' id='word_1_46' title='bbox 2660 973 2858 1080; x_wconf 83' lang='grc' dir='ltr'>ἔχων</span> <span class='ocrx_word' id='word_1_47' title='bbox 2921 968 3036 1080; x_wconf 94' lang='grc' dir='ltr'>ἐφ</span> <span class='ocrx_word' id='word_1_48' title='bbox 3059 998 3092 1058; x_wconf 83' lang='grc'><strong>5</strong></span> 
     </span>
     <span class='ocr_line' id='line_1_7' title="bbox 560 1097 3046 1206; baseline 0 -28"><span class='ocrx_word' id='word_1_49' title='bbox 560 1140 598 1186; x_wconf 75' lang='lat'>0</span> <span class='ocrx_word' id='word_1_50' title='bbox 623 1099 850 1206; x_wconf 74' lang='grc' dir='ltr'>ἐαυτῷ</span> <span class='ocrx_word' id='word_1_51' title='bbox 929 1098 1063 1199; x_wconf 85' lang='grc' dir='ltr'>τὴν</span> <span class='ocrx_word' id='word_1_52' title='bbox 1133 1099 1505 1205; x_wconf 82' lang='grc' dir='ltr'>μέριμναν,</span> <span class='ocrx_word' id='word_1_53' title='bbox 1581 1097 1669 1179; x_wconf 76' lang='grc' dir='ltr'>τὸ</span> <span class='ocrx_word' id='word_1_54' title='bbox 1752 1099 2196 1204; x_wconf 82' lang='grc' dir='ltr'>ἐνηρμόσθαι</span> <span class='ocrx_word' id='word_1_55' title='bbox 2275 1106 2516 1206; x_wconf 83' lang='grc' dir='ltr'>φιλεῖν</span> <span class='ocrx_word' id='word_1_56' title='bbox 2593 1102 2718 1179; x_wconf 81' lang='grc' dir='ltr'>καὶ</span> <span class='ocrx_word' id='word_1_57' title='bbox 2807 1098 3046 1204; x_wconf 76' lang='grc' dir='ltr'>ἀπρὶξ</span> 
     </span>
     <span class='ocr_line' id='line_1_8' title="bbox 621 1221 3040 1328; baseline 0 -24"><span class='ocrx_word' id='word_1_58' title='bbox 621 1222 917 1328; x_wconf 80' lang='grc' dir='ltr'>ἔχεσθαι</span> <span class='ocrx_word' id='word_1_59' title='bbox 969 1231 1102 1304; x_wconf 91' lang='grc' dir='ltr'>τοῦ</span> <span class='ocrx_word' id='word_1_60' title='bbox 1156 1229 1373 1324; x_wconf 80' lang='grc' dir='ltr'>Θεοῦ,</span> <span class='ocrx_word' id='word_1_61' title='bbox 1418 1222 1537 1304; x_wconf 81' lang='grc' dir='ltr'>διὰ</span> <span class='ocrx_word' id='word_1_62' title='bbox 1592 1228 1722 1325; x_wconf 89' lang='grc' dir='ltr'>τῆς</span> <span class='ocrx_word' id='word_1_63' title='bbox 1775 1226 1852 1303; x_wconf 93' lang='grc' dir='ltr'>ἐν</span> <span class='ocrx_word' id='word_1_64' title='bbox 1903 1224 2138 1328; x_wconf 78' lang='grc' dir='ltr'>ἔργοις</span> <span class='ocrx_word' id='word_1_65' title='bbox 2192 1223 2573 1324; x_wconf 80' lang='grc' dir='ltr'>νοουμένης</span> <span class='ocrx_word' id='word_1_66' title='bbox 2626 1222 2950 1325; x_wconf 77' lang='grc' dir='ltr'>ἀγάπης,</span> <span class='ocrx_word' id='word_1_67' title='bbox 2994 1221 3040 1323; x_wconf 79' lang='grc' dir='ltr'>ἢ</span> 
     </span>
     <span class='ocr_line' id='line_1_9' title="bbox 622 1345 3034 1453; baseline 0 -27"><span class='ocrx_word' id='word_1_68' title='bbox 622 1350 741 1427; x_wconf 83' lang='grc' dir='ltr'>καὶ</span> <span class='ocrx_word' id='word_1_69' title='bbox 802 1351 930 1446; x_wconf 85' lang='grc' dir='ltr'>τῆς</span> <span class='ocrx_word' id='word_1_70' title='bbox 1001 1349 1212 1451; x_wconf 81' lang='grc' dir='ltr'>ἁγίας</span> <span class='ocrx_word' id='word_1_71' title='bbox 1274 1382 1355 1430; x_wconf 88' lang='grc' dir='ltr'>τε</span> <span class='ocrx_word' id='word_1_72' title='bbox 1415 1350 1532 1428; x_wconf 81' lang='grc' dir='ltr'>καί</span> <span class='ocrx_word' id='word_1_73' title='bbox 1597 1348 1790 1433; x_wconf 87' lang='grc' dir='ltr'>θείας</span> <span class='ocrx_word' id='word_1_74' title='bbox 1852 1348 2149 1448; x_wconf 85' lang='grc' dir='ltr'>ἐντολῆς</span> <span class='ocrx_word' id='word_1_75' title='bbox 2211 1345 2346 1448; x_wconf 84' lang='grc' dir='ltr'>τὴν</span> <span class='ocrx_word' id='word_1_76' title='bbox 2401 1346 2800 1449; x_wconf 82' lang='grc' dir='ltr'>πλήρωσιν</span> <span class='ocrx_word' id='word_1_77' title='bbox 2865 1348 3034 1453; x_wconf 83' lang='grc' dir='ltr'>ἔχει.</span> 
     </span>
     <span class='ocr_line' id='line_1_10' title="bbox 624 1469 3035 1578; baseline 0 -27"><span class='ocrx_word' id='word_1_78' title='bbox 624 1477 837 1552; x_wconf 92' lang='grc' dir='ltr'>τοῦτο</span> <span class='ocrx_word' id='word_1_79' title='bbox 889 1471 1035 1575; x_wconf 82' lang='grc' dir='ltr'>γὰρ</span> <span class='ocrx_word' id='word_1_80' title='bbox 1089 1473 1278 1573; x_wconf 81' lang='grc' dir='ltr'>ἡμᾶς</span> <span class='ocrx_word' id='word_1_81' title='bbox 1332 1469 1860 1556; x_wconf 74' lang='grc' dir='ltr'>ἀδιασπάστως</span> <span class='ocrx_word' id='word_1_82' title='bbox 1912 1469 2334 1577; x_wconf 78' lang='grc' dir='ltr'>ἐνυπάρχειν</span> <span class='ocrx_word' id='word_1_83' title='bbox 2388 1473 2581 1578; x_wconf 77' lang='grc' dir='ltr'>αὐτῷ</span> <span class='ocrx_word' id='word_1_84' title='bbox 2632 1474 2758 1551; x_wconf 85' lang='grc' dir='ltr'>καὶ</span> <span class='ocrx_word' id='word_1_85' title='bbox 2817 1474 3035 1571; x_wconf 80' lang='grc' dir='ltr'>ἐμπε-</span> 
     </span>
    </p>

    <p class='ocr_par' dir='ltr' id='par_1_3' title="bbox 286 1593 3112 2073">
     <span class='ocr_line' id='line_1_11' title="bbox 286 1593 3112 1704; baseline 0 -30"><span class='ocrx_word' id='word_1_86' title='bbox 286 1599 372 1650; x_wconf 72' lang='lat' dir='ltr'>Pa.</span> <span class='ocrx_word' id='word_1_87' title='bbox 396 1597 900 1700; x_wconf 66' lang='grc' dir='ltr'>1Σ11ι·ἰι·ἧχθιιι</span> <span class='ocrx_word' id='word_1_88' title='bbox 954 1604 1160 1695; x_wconf 88' lang='grc' dir='ltr'>ποιεῖ,</span> <span class='ocrx_word' id='word_1_89' title='bbox 1208 1594 1393 1678; x_wconf 75' lang='grc' dir='ltr'>κατὰ</span> <span class='ocrx_word' id='word_1_90' title='bbox 1438 1594 1568 1677; x_wconf 81' lang='grc' dir='ltr'>τὸν</span> <span class='ocrx_word' id='word_1_91' title='bbox 1617 1595 1933 1698; x_wconf 84' lang='grc' dir='ltr'>λέγοντα</span> <span class='ocrx_word' id='word_1_92' title='bbox 1983 1593 2398 1704; x_wconf 75' lang='grc' dir='ltr'>ψαλμῳδόν</span> <span class='ocrx_word' id='word_1_93' title='bbox 2433 1605 2478 1644; x_wconf 84' lang='grc'><strong>“</strong></span> <span class='ocrx_word' id='word_1_94' title='bbox 2504 1595 2942 1697; x_wconf 80' lang='grc' dir='ltr'>Ἐκολλῆθη</span> <span class='ocrx_word' id='word_1_95' title='bbox 2997 1598 3112 1696; x_wconf 77' lang='grc' dir='ltr'>ἦῐο</span> 
     </span>
     <span class='ocr_line' id='line_1_12' title="bbox 627 1718 3034 1827; baseline 0 -26"><span class='ocrx_word' id='word_1_96' title='bbox 627 1728 671 1767; x_wconf 83' lang='grc'><strong>“</strong></span> <span class='ocrx_word' id='word_1_97' title='bbox 705 1720 915 1827; x_wconf 76' lang='grc' dir='ltr'>ψυχή</span> <span class='ocrx_word' id='word_1_98' title='bbox 964 1754 1106 1820; x_wconf 90' lang='grc' dir='ltr'>μου</span> <span class='ocrx_word' id='word_1_99' title='bbox 1153 1722 1394 1801; x_wconf 83' lang='grc' dir='ltr'>ὀπίσω</span> <span class='ocrx_word' id='word_1_100' title='bbox 1444 1720 1655 1800; x_wconf 88' lang='grc' dir='ltr'>σου.”</span> <span class='ocrx_word' id='word_1_101' title='bbox 1718 1721 1848 1801; x_wconf 80' lang='grc' dir='ltr'>οὐκ</span> <span class='ocrx_word' id='word_1_102' title='bbox 1888 1719 2176 1824; x_wconf 82' lang='grc' dir='ltr'>ἀρκέσει</span> <span class='ocrx_word' id='word_1_103' title='bbox 2208 1726 2591 1822; x_wconf 84' lang='grc' dir='ltr'>τοιγαροῦν</span> <span class='ocrx_word' id='word_1_104' title='bbox 2625 1718 2820 1823; x_wconf 78' lang='grc' dir='ltr'>πρὸς</span> <span class='ocrx_word' id='word_1_105' title='bbox 2863 1721 3034 1803; x_wconf 80' lang='grc' dir='ltr'>ὁλό-</span> 
     </span>
     <span class='ocr_line' id='line_1_13' title="bbox 625 1840 3038 1947; baseline 0 -24"><span class='ocrx_word' id='word_1_106' title='bbox 625 1851 898 1947; x_wconf 90' lang='grc' dir='ltr'>κληρον</span> <span class='ocrx_word' id='word_1_107' title='bbox 961 1845 1131 1944; x_wconf 87' lang='grc' dir='ltr'>ἡμῖν</span> <span class='ocrx_word' id='word_1_108' title='bbox 1194 1845 1568 1944; x_wconf 85' lang='grc' dir='ltr'>θυμηδίαν,</span> <span class='ocrx_word' id='word_1_109' title='bbox 1629 1843 1788 1945; x_wconf 81' lang='grc' dir='ltr'>ἤτοι</span> <span class='ocrx_word' id='word_1_110' title='bbox 1859 1840 2039 1947; x_wconf 73' lang='grc' dir='ltr'>πρὸς</span> <span class='ocrx_word' id='word_1_111' title='bbox 2106 1844 2494 1947; x_wconf 78' lang='grc' dir='ltr'>ἀγιασμὸν,</span> <span class='ocrx_word' id='word_1_112' title='bbox 2560 1842 2691 1924; x_wconf 78' lang='grc' dir='ltr'>τὸν</span> <span class='ocrx_word' id='word_1_113' title='bbox 2761 1847 2868 1931; x_wconf 83' lang='grc' dir='ltr'>ὧς</span> <span class='ocrx_word' id='word_1_114' title='bbox 2928 1848 3038 1926; x_wconf 80' lang='grc' dir='ltr'>ἐπὶ</span> 
     </span>
     <span class='ocr_line' id='line_1_14' title="bbox 621 1965 3040 2073; baseline 0.001 -27"><span class='ocrx_word' id='word_1_115' title='bbox 621 1965 896 2046; x_wconf 81' lang='grc' dir='ltr'>ἐκθέσει</span> <span class='ocrx_word' id='word_1_116' title='bbox 947 1975 1077 2047; x_wconf 88' lang='grc' dir='ltr'>τοῦ</span> <span class='ocrx_word' id='word_1_117' title='bbox 1127 1966 1541 2070; x_wconf 78' lang='grc' dir='ltr'>ἀγιάζοντος</span> <span class='ocrx_word' id='word_1_118' title='bbox 1596 1969 1784 2067; x_wconf 81' lang='grc' dir='ltr'>ἡμᾶς</span> <span class='ocrx_word' id='word_1_119' title='bbox 1839 1974 2194 2070; x_wconf 89' lang='grc' dir='ltr'>Χριστοῦ,</span> <span class='ocrx_word' id='word_1_120' title='bbox 2248 1966 2334 2048; x_wconf 80' lang='grc' dir='ltr'>τὸ</span> <span class='ocrx_word' id='word_1_121' title='bbox 2389 1972 2860 2073; x_wconf 80' lang='grc' dir='ltr'>εἰσδεχθῆναι</span> <span class='ocrx_word' id='word_1_122' title='bbox 2911 1967 3040 2067; x_wconf 73' lang='grc' dir='ltr'>μὲν</span> 
     </span>
    </p>

    <p class='ocr_par' dir='ltr' id='par_1_4' title="bbox 556 2089 3192 2698">
     <span class='ocr_line' id='line_1_15' title="bbox 556 2089 3039 2199; baseline -0.001 -24"><span class='ocrx_word' id='word_1_123' title='bbox 556 2110 600 2175; x_wconf 89' lang='lat' dir='ltr'><strong>d</strong></span> <span class='ocrx_word' id='word_1_124' title='bbox 625 2091 722 2174; x_wconf 83' lang='grc' dir='ltr'>ὦς</span> <span class='ocrx_word' id='word_1_125' title='bbox 756 2091 831 2171; x_wconf 89' lang='grc' dir='ltr'>ἐν</span> <span class='ocrx_word' id='word_1_126' title='bbox 868 2091 1070 2198; x_wconf 81' lang='grc' dir='ltr'>τάξει</span> <span class='ocrx_word' id='word_1_127' title='bbox 1118 2089 1536 2193; x_wconf 80' lang='grc' dir='ltr'>κλημάτων·</span> <span class='ocrx_word' id='word_1_128' title='bbox 1601 2097 1862 2198; x_wconf 86' lang='grc' dir='ltr'>χρῆναι</span> <span class='ocrx_word' id='word_1_129' title='bbox 1912 2090 1988 2172; x_wconf 82' lang='grc' dir='ltr'>δὲ</span> <span class='ocrx_word' id='word_1_130' title='bbox 2035 2091 2219 2196; x_wconf 77' lang='grc' dir='ltr'>πρὸς</span> <span class='ocrx_word' id='word_1_131' title='bbox 2264 2091 2497 2199; x_wconf 73' lang='grc' dir='ltr'>τούτῳ</span> <span class='ocrx_word' id='word_1_132' title='bbox 2541 2094 2758 2197; x_wconf 79' lang='grc' dir='ltr'>φημὶ,</span> <span class='ocrx_word' id='word_1_133' title='bbox 2801 2094 2926 2173; x_wconf 83' lang='grc' dir='ltr'>καὶ</span> <span class='ocrx_word' id='word_1_134' title='bbox 2959 2093 3039 2173; x_wconf 77' lang='grc' dir='ltr'>τὸ</span> 
     </span>
     <span class='ocr_line' id='line_1_16' title="bbox 622 2211 3192 2319; baseline 0.001 -24"><span class='ocrx_word' id='word_1_135' title='bbox 622 2211 742 2295; x_wconf 81' lang='grc' dir='ltr'>διὰ</span> <span class='ocrx_word' id='word_1_136' title='bbox 774 2219 904 2314; x_wconf 87' lang='grc' dir='ltr'>τῆς</span> <span class='ocrx_word' id='word_1_137' title='bbox 942 2215 1216 2301; x_wconf 85' lang='grc' dir='ltr'>τελείας</span> <span class='ocrx_word' id='word_1_138' title='bbox 1256 2250 1333 2298; x_wconf 88' lang='grc' dir='ltr'>τε</span> <span class='ocrx_word' id='word_1_139' title='bbox 1369 2218 1487 2297; x_wconf 83' lang='grc' dir='ltr'>καὶ</span> <span class='ocrx_word' id='word_1_140' title='bbox 1523 2218 1961 2302; x_wconf 88' lang='grc' dir='ltr'>ἀνελλιποῦς</span> <span class='ocrx_word' id='word_1_141' title='bbox 2011 2214 2300 2319; x_wconf 74' lang='grc' dir='ltr'>ἀγάπης</span> <span class='ocrx_word' id='word_1_142' title='bbox 2349 2215 2670 2318; x_wconf 79' lang='grc' dir='ltr'>γνησίως</span> <span class='ocrx_word' id='word_1_143' title='bbox 2717 2218 3034 2298; x_wconf 84' lang='grc' dir='ltr'>ἀκολου·</span> <span class='ocrx_word' id='word_1_144' title='bbox 3057 2256 3106 2312; x_wconf 81' lang='lat'>¹5</span> <span class='ocrx_word' id='word_1_145' title='bbox 3191 2228 3192 2317; x_wconf 45' lang='grc' dir='ltr'>ἦ</span> 
     </span>
     <span class='ocr_line' id='line_1_17' title="bbox 622 2337 3040 2449; baseline 0.002 -31"><span class='ocrx_word' id='word_1_146' title='bbox 622 2344 792 2419; x_wconf 85' lang='grc' dir='ltr'>θεῖν.</span> <span class='ocrx_word' id='word_1_147' title='bbox 866 2341 941 2420; x_wconf 90' lang='grc' dir='ltr'>ἐν</span> <span class='ocrx_word' id='word_1_148' title='bbox 976 2337 1124 2444; x_wconf 81' lang='grc' dir='ltr'>γὰρ</span> <span class='ocrx_word' id='word_1_149' title='bbox 1161 2339 1251 2440; x_wconf 84' lang='grc' dir='ltr'>δὴ</span> <span class='ocrx_word' id='word_1_150' title='bbox 1282 2338 1515 2449; x_wconf 76' lang='grc' dir='ltr'>τούτῳ</span> <span class='ocrx_word' id='word_1_151' title='bbox 1551 2338 1884 2440; x_wconf 78' lang='grc' dir='ltr'>μάλιστα</span> <span class='ocrx_word' id='word_1_152' title='bbox 1935 2347 2177 2424; x_wconf 79' lang='grc' dir='ltr'>καλῶς</span> <span class='ocrx_word' id='word_1_153' title='bbox 2233 2337 2324 2420; x_wconf 84' lang='grc' dir='ltr'>ἀν</span> <span class='ocrx_word' id='word_1_154' title='bbox 2359 2339 2510 2445; x_wconf 79' lang='grc' dir='ltr'>ἔχοι</span> <span class='ocrx_word' id='word_1_155' title='bbox 2560 2343 2680 2421; x_wconf 80' lang='grc' dir='ltr'>καὶ</span> <span class='ocrx_word' id='word_1_156' title='bbox 2727 2339 3040 2444; x_wconf 78' lang='grc' dir='ltr'>σώζοιτο</span> 
     </span>
     <span class='ocr_line' id='line_1_18' title="bbox 621 2442 3192 2572; baseline 0.004 -32"><span class='ocrx_word' id='word_1_157' title='bbox 621 2465 750 2562; x_wconf 81' lang='grc' dir='ltr'>τῆς</span> <span class='ocrx_word' id='word_1_158' title='bbox 813 2465 889 2544; x_wconf 91' lang='grc' dir='ltr'>ἐν</span> <span class='ocrx_word' id='word_1_159' title='bbox 946 2464 1317 2563; x_wconf 83' lang='grc' dir='ltr'>Πνεύματι</span> <span class='ocrx_word' id='word_1_160' title='bbox 1375 2464 1803 2566; x_wconf 86' lang='grc' dir='ltr'>κολλήσεως</span> <span class='ocrx_word' id='word_1_161' title='bbox 1862 2465 2241 2563; x_wconf 80' lang='grc' dir='ltr'>νοουμένης</span> <span class='ocrx_word' id='word_1_162' title='bbox 2305 2464 2464 2563; x_wconf 83' lang='grc' dir='ltr'>ἤτοι</span> <span class='ocrx_word' id='word_1_163' title='bbox 2527 2467 2944 2572; x_wconf 79' lang='grc' dir='ltr'>συναφείας</span> <span class='ocrx_word' id='word_1_164' title='bbox 3000 2466 3038 2565; x_wconf 78' lang='grc' dir='ltr'><strong><em>ἦ</em></strong></span> <span class='ocrx_word' id='word_1_165' title='bbox 3191 2442 3192 2533; x_wconf 34' lang='grc'>1</span> 
     </span>
     <span class='ocr_line' id='line_1_19' title="bbox 622 2585 3039 2698; baseline 0.004 -30"><span class='ocrx_word' id='word_1_166' title='bbox 622 2585 942 2687; x_wconf 85' lang='grc' dir='ltr'>δύναμις.</span> <span class='ocrx_word' id='word_1_167' title='bbox 1031 2588 1270 2689; x_wconf 88' lang='grc' dir='ltr'>ἐπειδὴ</span> <span class='ocrx_word' id='word_1_168' title='bbox 1323 2591 1563 2672; x_wconf 86' lang='grc' dir='ltr'>τοίνυν</span> <span class='ocrx_word' id='word_1_169' title='bbox 1611 2591 1755 2698; x_wconf 80' lang='grc' dir='ltr'>ἔφη</span> <span class='ocrx_word' id='word_1_170' title='bbox 1802 2587 2130 2693; x_wconf 78' lang='grc' dir='ltr'>Χριστὸς</span> <span class='ocrx_word' id='word_1_171' title='bbox 2179 2597 2327 2675; x_wconf 86' lang='grc' dir='ltr'>τοῖς</span> <span class='ocrx_word' id='word_1_172' title='bbox 2376 2589 2630 2670; x_wconf 82' lang='grc' dir='ltr'>ἑαυτοῦ</span> <span class='ocrx_word' id='word_1_173' title='bbox 2678 2599 3039 2692; x_wconf 81' lang='grc' dir='ltr'>μαθηταῖς</span> 
     </span>
    </p>

    <p class='ocr_par' dir='ltr' id='par_1_5' title="bbox 288 2708 3190 3190">
     <span class='ocr_line' id='line_1_20' title="bbox 288 2708 3038 2841; baseline 0.001 -48"><span class='ocrx_word' id='word_1_174' title='bbox 288 2710 467 2841; x_wconf 42' lang='lat'>{2¹2¹}-</span> <span class='ocrx_word' id='word_1_175' title='bbox 625 2722 670 2762; x_wconf 76' lang='lat'>‘⁴</span> <span class='ocrx_word' id='word_1_176' title='bbox 690 2710 899 2814; x_wconf 64' lang='grc' dir='ltr'>Ἠδη</span> <span class='ocrx_word' id='word_1_177' title='bbox 963 2715 1157 2814; x_wconf 83' lang='grc' dir='ltr'>ὑμεῖς</span> <span class='ocrx_word' id='word_1_178' title='bbox 1231 2714 1538 2817; x_wconf 77' lang='grc' dir='ltr'>καθαροί</span> <span class='ocrx_word' id='word_1_179' title='bbox 1604 2717 1773 2794; x_wconf 88' lang='grc' dir='ltr'>ἐστε</span> <span class='ocrx_word' id='word_1_180' title='bbox 1846 2711 1964 2793; x_wconf 81' lang='grc' dir='ltr'>διὰ</span> <span class='ocrx_word' id='word_1_181' title='bbox 2025 2708 2155 2794; x_wconf 76' lang='grc' dir='ltr'>τὸν</span> <span class='ocrx_word' id='word_1_182' title='bbox 2217 2712 2444 2817; x_wconf 86' lang='grc' dir='ltr'>λόγον</span> <span class='ocrx_word' id='word_1_183' title='bbox 2507 2710 2591 2793; x_wconf 76' lang='grc' dir='ltr'>ὃν</span> <span class='ocrx_word' id='word_1_184' title='bbox 2654 2717 3038 2817; x_wconf 76' lang='grc' dir='ltr'>λελάληκα</span> 
     </span>
     <span class='ocr_line' id='line_1_21' title="bbox 627 2834 3190 2945; baseline -0.002 -27"><span class='ocrx_word' id='word_1_185' title='bbox 627 2846 671 2884; x_wconf 84' lang='lat'>‘⁴</span> <span class='ocrx_word' id='word_1_186' title='bbox 711 2838 948 2938; x_wconf 81' lang='grc' dir='ltr'>ὑμῖν·”</span> <span class='ocrx_word' id='word_1_187' title='bbox 1035 2838 1152 2917; x_wconf 85' lang='grc' dir='ltr'>ἵνα</span> <span class='ocrx_word' id='word_1_188' title='bbox 1200 2836 1302 2937; x_wconf 89' lang='grc' dir='ltr'>μή</span> <span class='ocrx_word' id='word_1_189' title='bbox 1352 2871 1459 2921; x_wconf 91' lang='grc' dir='ltr'>τις</span> <span class='ocrx_word' id='word_1_190' title='bbox 1508 2840 1776 2938; x_wconf 90' lang='grc' dir='ltr'>οἰηθείη</span> <span class='ocrx_word' id='word_1_191' title='bbox 1825 2836 2002 2919; x_wconf 83' lang='grc' dir='ltr'>ποτὲ</span> <span class='ocrx_word' id='word_1_192' title='bbox 2047 2844 2196 2917; x_wconf 78' lang='grc' dir='ltr'>τῶν</span> <span class='ocrx_word' id='word_1_193' title='bbox 2237 2834 2449 2945; x_wconf 79' lang='grc' dir='ltr'>ἅπαξ</span> <span class='ocrx_word' id='word_1_194' title='bbox 2491 2841 3040 2942; x_wconf 67' lang='grc' dir='ltr'>κεκαθαρμένον</span> <span class='ocrx_word' id='word_1_195' title='bbox 3056 2870 3104 2914; x_wconf 71' lang='grc' dir='ltr'>ιι</span> <span class='ocrx_word' id='word_1_196' title='bbox 3189 2925 3190 2930; x_wconf 10' lang='lat'>1</span> 
     </span>
     <span class='ocr_line' id='line_1_22' title="bbox 627 2959 3040 3067; baseline 0.001 -27"><span class='ocrx_word' id='word_1_197' title='bbox 627 2960 1090 3062; x_wconf 75' lang='grc' dir='ltr'>ἀδιαπτώτως</span> <span class='ocrx_word' id='word_1_198' title='bbox 1142 2961 1327 3067; x_wconf 77' lang='grc' dir='ltr'>ἔχειν</span> <span class='ocrx_word' id='word_1_199' title='bbox 1365 2960 1740 3059; x_wconf 79' lang='grc' dir='ltr'>δύνασθαι,</span> <span class='ocrx_word' id='word_1_200' title='bbox 1779 2964 1897 3041; x_wconf 80' lang='grc' dir='ltr'>καί</span> <span class='ocrx_word' id='word_1_201' title='bbox 1947 2967 2009 3041; x_wconf 90' lang='grc' dir='ltr'>εἰ</span> <span class='ocrx_word' id='word_1_202' title='bbox 2055 2960 2156 3061; x_wconf 88' lang='grc' dir='ltr'>μή</span> <span class='ocrx_word' id='word_1_203' title='bbox 2209 2996 2371 3042; x_wconf 89' lang='grc' dir='ltr'>τινα</span> <span class='ocrx_word' id='word_1_204' title='bbox 2415 2959 2637 3066; x_wconf 77' lang='grc' dir='ltr'>τυχὸν</span> <span class='ocrx_word' id='word_1_205' title='bbox 2674 2968 2776 3046; x_wconf 87' lang='grc' dir='ltr'>εἰς</span> <span class='ocrx_word' id='word_1_206' title='bbox 2829 2961 2922 3044; x_wconf 76' lang='grc' dir='ltr'>τὸ</span> <span class='ocrx_word' id='word_1_207' title='bbox 2971 2964 3040 3043; x_wconf 70' lang='grc' dir='ltr'>εὖ</span> 
     </span>
     <span class='ocr_line' id='line_1_23' title="bbox 627 3080 3190 3190; baseline 0.002 -27"><span class='ocrx_word' id='word_1_208' title='bbox 627 3080 802 3165; x_wconf 84' lang='grc' dir='ltr'>εἶναι</span> <span class='ocrx_word' id='word_1_209' title='bbox 857 3092 1133 3166; x_wconf 86' lang='grc' dir='ltr'>ποιοῖτο</span> <span class='ocrx_word' id='word_1_210' title='bbox 1188 3085 1539 3185; x_wconf 86' lang='grc' dir='ltr'>σπουδὴν,</span> <span class='ocrx_word' id='word_1_211' title='bbox 1576 3082 2132 3189; x_wconf 81' lang='grc' dir='ltr'>προσεπιτάττει</span> <span class='ocrx_word' id='word_1_212' title='bbox 2180 3087 2579 3190; x_wconf 87' lang='grc' dir='ltr'>χρησίμως,</span> <span class='ocrx_word' id='word_1_213' title='bbox 2624 3086 2737 3166; x_wconf 81' lang='grc' dir='ltr'>ὅτι</span> <span class='ocrx_word' id='word_1_214' title='bbox 2789 3122 3034 3190; x_wconf 87' lang='grc' dir='ltr'>προσ-</span> <span class='ocrx_word' id='word_1_215' title='bbox 3189 3089 3190 3106; x_wconf 67' lang='grc'>’</span> 
     </span>
    </p>

    <p class='ocr_par' dir='ltr' id='par_1_6' title="bbox 568 3206 3035 3318">
     <span class='ocr_line' id='line_1_24' title="bbox 568 3206 3035 3318; baseline 0 -27"><span class='ocrx_word' id='word_1_216' title='bbox 568 3246 604 3291; x_wconf 84' lang='lat' dir='ltr'><strong>e</strong></span> <span class='ocrx_word' id='word_1_217' title='bbox 628 3206 787 3308; x_wconf 88' lang='grc' dir='ltr'>ήκοι</span> <span class='ocrx_word' id='word_1_218' title='bbox 845 3209 1079 3308; x_wconf 87' lang='grc' dir='ltr'>μένειν</span> <span class='ocrx_word' id='word_1_219' title='bbox 1132 3213 1210 3291; x_wconf 90' lang='grc' dir='ltr'>ἐν</span> <span class='ocrx_word' id='word_1_220' title='bbox 1269 3211 1488 3318; x_wconf 77' lang='grc' dir='ltr'>αὐτῷ.</span> <span class='ocrx_word' id='word_1_221' title='bbox 1582 3212 1700 3290; x_wconf 80' lang='grc' dir='ltr'>καὶ</span> <span class='ocrx_word' id='word_1_222' title='bbox 1761 3211 1837 3289; x_wconf 88' lang='grc' dir='ltr'>τί</span> <span class='ocrx_word' id='word_1_223' title='bbox 1894 3217 2108 3289; x_wconf 88' lang='grc' dir='ltr'>τοῦτο</span> <span class='ocrx_word' id='word_1_224' title='bbox 2173 3209 2426 3309; x_wconf 81' lang='grc' dir='ltr'>ἕσται;</span> <span class='ocrx_word' id='word_1_225' title='bbox 2496 3209 2737 3312; x_wconf 82' lang='grc' dir='ltr'>ἕτερον</span> <span class='ocrx_word' id='word_1_226' title='bbox 2802 3213 3035 3308; x_wconf 76' lang='grc' dir='ltr'>οὐδὲν,</span> 
     </span>
    </p>

    <p class='ocr_par' dir='ltr' id='par_1_7' title="bbox 236 3330 3040 3442">
     <span class='ocr_line' id='line_1_25' title="bbox 236 3330 3040 3442; baseline 0.002 -31"><span class='ocrx_word' id='word_1_227' title='bbox 236 3415 243 3426; x_wconf 65' lang='grc'>,</span> <span class='ocrx_word' id='word_1_228' title='bbox 628 3330 724 3418; x_wconf 80' lang='grc' dir='ltr'>ὦς</span> <span class='ocrx_word' id='word_1_229' title='bbox 770 3366 856 3435; x_wconf 85' lang='grc' dir='ltr'>γε</span> <span class='ocrx_word' id='word_1_230' title='bbox 905 3369 1030 3435; x_wconf 91' lang='grc' dir='ltr'>μοι</span> <span class='ocrx_word' id='word_1_231' title='bbox 1080 3335 1429 3442; x_wconf 87' lang='grc' dir='ltr'>φαίνεται,</span> <span class='ocrx_word' id='word_1_232' title='bbox 1467 3339 1760 3431; x_wconf 78' lang='grc' dir='ltr'>μᾶλλον</span> <span class='ocrx_word' id='word_1_233' title='bbox 1795 3333 1872 3413; x_wconf 81' lang='grc' dir='ltr'>δὲ</span> <span class='ocrx_word' id='word_1_234' title='bbox 1917 3335 2236 3436; x_wconf 81' lang='grc' dir='ltr'>ἐναργῶς</span> <span class='ocrx_word' id='word_1_235' title='bbox 2279 3331 2366 3414; x_wconf 77' lang='grc' dir='ltr'>τὸ</span> <span class='ocrx_word' id='word_1_236' title='bbox 2404 3332 2523 3415; x_wconf 85' lang='grc' dir='ltr'>διά</span> <span class='ocrx_word' id='word_1_237' title='bbox 2557 3342 2689 3414; x_wconf 91' lang='grc' dir='ltr'>τοῦ</span> <span class='ocrx_word' id='word_1_238' title='bbox 2725 3335 3040 3416; x_wconf 78' lang='grc' dir='ltr'>Παύλου</span> 
     </span>
    </p>

    <p class='ocr_par' dir='ltr' id='par_1_8' title="bbox 298 3452 3188 4183">
     <span class='ocr_line' id='line_1_26' title="bbox 298 3452 3106 3567; baseline 0.002 -32"><span class='ocrx_word' id='word_1_239' title='bbox 298 3452 448 3567; x_wconf 54' lang='lat'>{²⁰⁰⁸</span> <span class='ocrx_word' id='word_1_240' title='bbox 470 3466 520 3501; x_wconf 87' lang='lat'>¹·</span> <span class='ocrx_word' id='word_1_241' title='bbox 627 3463 872 3541; x_wconf 79' lang='grc' dir='ltr'>καλῶς</span> <span class='ocrx_word' id='word_1_242' title='bbox 945 3458 1311 3560; x_wconf 75' lang='grc' dir='ltr'>εἰρημένον</span> <span class='ocrx_word' id='word_1_243' title='bbox 1369 3469 1413 3505; x_wconf 88' lang='grc'><strong>“</strong></span> <span class='ocrx_word' id='word_1_244' title='bbox 1437 3454 1677 3538; x_wconf 75' lang='grc' dir='ltr'>’Ώστε</span> <span class='ocrx_word' id='word_1_245' title='bbox 1752 3458 1793 3538; x_wconf 83' lang='grc' dir='ltr'>ὁ</span> <span class='ocrx_word' id='word_1_246' title='bbox 1868 3460 2101 3537; x_wconf 83' lang='grc' dir='ltr'>δοκῶν</span> <span class='ocrx_word' id='word_1_247' title='bbox 2164 3456 2462 3538; x_wconf 81' lang='grc' dir='ltr'>ἑστάναι</span> <span class='ocrx_word' id='word_1_248' title='bbox 2522 3459 2870 3552; x_wconf 83' lang='grc' dir='ltr'>βλεπέτω</span> <span class='ocrx_word' id='word_1_249' title='bbox 2943 3459 3038 3560; x_wconf 79' lang='grc' dir='ltr'>μὴ</span> <span class='ocrx_word' id='word_1_250' title='bbox 3060 3495 3106 3552; x_wconf 78' lang='lat'>25</span> 
     </span>
     <span class='ocr_line' id='line_1_27' title="bbox 629 3577 3040 3685; baseline 0.002 -27"><span class='ocrx_word' id='word_1_251' title='bbox 629 3588 674 3626; x_wconf 90' lang='lat'><strong>“</strong></span> <span class='ocrx_word' id='word_1_252' title='bbox 708 3577 976 3685; x_wconf 80' lang='grc' dir='ltr'>πέσῃ’”</span> <span class='ocrx_word' id='word_1_253' title='bbox 1052 3582 1272 3683; x_wconf 88' lang='grc' dir='ltr'>μυρία</span> <span class='ocrx_word' id='word_1_254' title='bbox 1338 3578 1482 3683; x_wconf 79' lang='grc' dir='ltr'>γὰρ</span> <span class='ocrx_word' id='word_1_255' title='bbox 1548 3580 1640 3660; x_wconf 82' lang='grc' dir='ltr'>ἀν</span> <span class='ocrx_word' id='word_1_256' title='bbox 1703 3583 1823 3660; x_wconf 82' lang='grc' dir='ltr'>καὶ</span> <span class='ocrx_word' id='word_1_257' title='bbox 1890 3587 2039 3666; x_wconf 89' lang='grc' dir='ltr'>τοῖς</span> <span class='ocrx_word' id='word_1_258' title='bbox 2100 3583 2240 3683; x_wconf 82' lang='grc' dir='ltr'>ἤδη</span> <span class='ocrx_word' id='word_1_259' title='bbox 2312 3581 2629 3678; x_wconf 86' lang='grc' dir='ltr'>βεβαίως</span> <span class='ocrx_word' id='word_1_260' title='bbox 2695 3586 3040 3663; x_wconf 76' lang='grc' dir='ltr'>δοκοῦσιν</span> 
     </span>
     <span class='ocr_line' id='line_1_28' title="bbox 628 3697 3188 3812; baseline 0.002 -29"><span class='ocrx_word' id='word_1_261' title='bbox 628 3699 926 3783; x_wconf 77' lang='grc' dir='ltr'>ἑστάναι</span> <span class='ocrx_word' id='word_1_262' title='bbox 997 3702 1451 3805; x_wconf 85' lang='grc' dir='ltr'>συναντήσαι</span> <span class='ocrx_word' id='word_1_263' title='bbox 1522 3702 1615 3783; x_wconf 80' lang='grc' dir='ltr'>τὰ</span> <span class='ocrx_word' id='word_1_264' title='bbox 1680 3703 2165 3806; x_wconf 85' lang='grc' dir='ltr'>ὀλισθήματα,</span> <span class='ocrx_word' id='word_1_265' title='bbox 2226 3704 2327 3806; x_wconf 85' lang='grc' dir='ltr'>μὴ</span> <span class='ocrx_word' id='word_1_266' title='bbox 2392 3708 2550 3812; x_wconf 79' lang='grc' dir='ltr'>οὐχὶ</span> <span class='ocrx_word' id='word_1_267' title='bbox 2615 3704 3042 3809; x_wconf 80' lang='grc' dir='ltr'>διεδράσθαι</span> <span class='ocrx_word' id='word_1_268' title='bbox 3187 3697 3188 3756; x_wconf 49' lang='lat'>¹</span> 
     </span>
     <span class='ocr_line' id='line_1_29' title="bbox 628 3824 3042 3932; baseline 0.003 -26"><span class='ocrx_word' id='word_1_269' title='bbox 628 3832 870 3910; x_wconf 78' lang='grc' dir='ltr'>καλῶς</span> <span class='ocrx_word' id='word_1_270' title='bbox 935 3828 1013 3906; x_wconf 93' lang='grc' dir='ltr'>ἐν</span> <span class='ocrx_word' id='word_1_271' title='bbox 1076 3825 1336 3928; x_wconf 82' lang='grc' dir='ltr'>οἷσπερ</span> <span class='ocrx_word' id='word_1_272' title='bbox 1409 3824 1502 3906; x_wconf 83' lang='grc' dir='ltr'>ἀν</span> <span class='ocrx_word' id='word_1_273' title='bbox 1576 3825 1715 3908; x_wconf 83' lang='grc' dir='ltr'>εἷεν</span> <span class='ocrx_word' id='word_1_274' title='bbox 1788 3827 1909 3910; x_wconf 81' lang='grc' dir='ltr'>διὰ</span> <span class='ocrx_word' id='word_1_275' title='bbox 1976 3834 2262 3930; x_wconf 87' lang='grc' dir='ltr'>πολλῆς</span> <span class='ocrx_word' id='word_1_276' title='bbox 2338 3831 2527 3932; x_wconf 74' lang='grc' dir='ltr'>ἄγαν</span> <span class='ocrx_word' id='word_1_277' title='bbox 2588 3832 3042 3932; x_wconf 80' lang='grc' dir='ltr'>ποιουμένοις</span> 
     </span>
     <span class='ocr_line' id='line_1_30' title="bbox 629 3947 3040 4061; baseline 0.004 -31"><span class='ocrx_word' id='word_1_278' title='bbox 629 3952 977 4050; x_wconf 86' lang='grc' dir='ltr'>σπουδῆς.</span> <span class='ocrx_word' id='word_1_279' title='bbox 1073 3955 1182 4031; x_wconf 90' lang='grc' dir='ltr'>δεῖ</span> <span class='ocrx_word' id='word_1_280' title='bbox 1239 3949 1318 4032; x_wconf 81' lang='grc' dir='ltr'>δὲ</span> <span class='ocrx_word' id='word_1_281' title='bbox 1381 3947 1576 4050; x_wconf 83' lang='grc' dir='ltr'>οἶμαι</span> <span class='ocrx_word' id='word_1_282' title='bbox 1639 3956 1758 4034; x_wconf 83' lang='grc' dir='ltr'>καὶ</span> <span class='ocrx_word' id='word_1_283' title='bbox 1814 3952 2064 4055; x_wconf 76' lang='grc' dir='ltr'>πάσης</span> <span class='ocrx_word' id='word_1_284' title='bbox 2118 3955 2303 4054; x_wconf 78' lang='grc' dir='ltr'>ἡμᾶς</span> <span class='ocrx_word' id='word_1_285' title='bbox 2363 3953 2612 4061; x_wconf 83' lang='grc' dir='ltr'>ἀξιοῦν</span> <span class='ocrx_word' id='word_1_286' title='bbox 2668 3956 3040 4040; x_wconf 85' lang='grc' dir='ltr'>ἐπιεικείας</span> 
     </span>
     <span class='ocr_line' id='line_1_31' title="bbox 630 4071 3096 4183; baseline 0.004 -32"><span class='ocrx_word' id='word_1_287' title='bbox 630 4075 749 4151; x_wconf 82' lang='grc' dir='ltr'>καὶ</span> <span class='ocrx_word' id='word_1_288' title='bbox 799 4071 1087 4183; x_wconf 77' lang='grc' dir='ltr'>νήψεως</span> <span class='ocrx_word' id='word_1_289' title='bbox 1138 4076 1231 4156; x_wconf 77' lang='grc' dir='ltr'>τὰ</span> <span class='ocrx_word' id='word_1_290' title='bbox 1280 4078 1445 4156; x_wconf 87' lang='grc' dir='ltr'>καθ’</span> <span class='ocrx_word' id='word_1_291' title='bbox 1485 4076 1797 4176; x_wconf 76' lang='grc' dir='ltr'>ἑαυτοὺς,</span> <span class='ocrx_word' id='word_1_292' title='bbox 1835 4076 1968 4158; x_wconf 80' lang='grc' dir='ltr'>κᾶν</span> <span class='ocrx_word' id='word_1_293' title='bbox 2011 4079 2423 4182; x_wconf 89' lang='grc' dir='ltr'>ἐρηρεῖσθαί</span> <span class='ocrx_word' id='word_1_294' title='bbox 2462 4112 2617 4162; x_wconf 89' lang='grc' dir='ltr'>πως</span> <span class='ocrx_word' id='word_1_295' title='bbox 2666 4081 2851 4183; x_wconf 84' lang='grc' dir='ltr'>δοκῇ</span> <span class='ocrx_word' id='word_1_296' title='bbox 2900 4114 3034 4176; x_wconf 89' lang='grc' dir='ltr'>τις,</span> <span class='ocrx_word' id='word_1_297' title='bbox 3056 4115 3096 4174; x_wconf 72' lang='lat'>3²</span> 
     </span>
    </p>
   </div>
   <div class='ocr_carea' id='block_1_3' title="bbox 632 4197 3186 4368">
    <p class='ocr_par' dir='ltr' id='par_1_9' title="bbox 632 4197 3186 4368">
     <span class='ocr_line' id='line_1_32' title="bbox 632 4197 3186 4368; baseline 0.003 -91"><span class='ocrx_word' id='word_1_298' title='bbox 632 4197 718 4277; x_wconf 85' lang='grc' dir='ltr'>δι’</span> <span class='ocrx_word' id='word_1_299' title='bbox 758 4199 1085 4279; x_wconf 88' lang='grc' dir='ltr'>ἐπίδοσιν</span> <span class='ocrx_word' id='word_1_300' title='bbox 1120 4199 1252 4300; x_wconf 87' lang='grc' dir='ltr'>τὴν</span> <span class='ocrx_word' id='word_1_301' title='bbox 1287 4199 1426 4301; x_wconf 79' lang='grc' dir='ltr'>ἤδη</span> <span class='ocrx_word' id='word_1_302' title='bbox 1475 4202 2029 4348; x_wconf 82' lang='grc' dir='ltr'>προηνυσμένην</span> <span class='ocrx_word' id='word_1_303' title='bbox 2065 4208 2162 4285; x_wconf 87' lang='grc' dir='ltr'>εἰς</span> <span class='ocrx_word' id='word_1_304' title='bbox 2212 4200 2662 4304; x_wconf 85' lang='grc' dir='ltr'>κατόρθωσιν</span> <span class='ocrx_word' id='word_1_305' title='bbox 2707 4204 3032 4305; x_wconf 72' lang='grc' dir='ltr'>ἀγαθῶν.</span> <span class='ocrx_word' id='word_1_306' title='bbox 3185 4275 3186 4368; x_wconf 31' lang='grc' dir='ltr'>ἢ</span> 
     </span>
    </p>
   </div>
   <div class='ocr_carea' id='block_1_4' title="bbox 629 4411 3038 4625">
    <p class='ocr_par' dir='ltr' id='par_1_10' title="bbox 629 4411 3036 4625">
     <span class='ocr_line' id='line_1_33' title="bbox 741 4411 3036 4539; baseline 0.001 -74.07"><span class='ocrx_word' id='word_1_307' title='bbox 741 4411 877 4466; x_wconf 77' lang='grc' dir='ltr'>.καὶ</span> <span class='ocrx_word' id='word_1_308' title='bbox 901 4428 1085 4468; x_wconf 72' lang='lat' dir='ltr'><strong>assum</strong></span> <span class='ocrx_word' id='word_1_309' title='bbox 1123 4421 1240 4468; x_wconf 85' lang='lat' dir='ltr'>tum</span> <span class='ocrx_word' id='word_1_310' title='bbox 1266 4431 1330 4469; x_wconf 79' lang='lat' dir='ltr'>ex</span> <span class='ocrx_word' id='word_1_311' title='bbox 1359 4411 1424 4470; x_wconf 79' lang='grc' dir='ltr'>Ε.</span> <span class='ocrx_word' id='word_1_312' title='bbox 1666 4429 1715 4486; x_wconf 84' lang='grc'>7.</span> <span class='ocrx_word' id='word_1_313' title='bbox 1753 4436 1874 4470; x_wconf 88' lang='grc' dir='ltr'>νοου</span> <span class='ocrx_word' id='word_1_314' title='bbox 1926 4413 2029 4484; x_wconf 85' lang='grc' dir='ltr'>’νης</span> <span class='ocrx_word' id='word_1_315' title='bbox 2052 4424 2390 4539; x_wconf 51' lang='lat' dir='ltr'><strong>mgdmptum</strong></span> <span class='ocrx_word' id='word_1_316' title='bbox 2415 4431 2481 4468; x_wconf 80' lang='lat' dir='ltr'>ex</span> <span class='ocrx_word' id='word_1_317' title='bbox 2507 4413 2571 4468; x_wconf 80' lang='grc' dir='ltr'>Ε.</span> <span class='ocrx_word' id='word_1_318' title='bbox 2681 4411 2714 4482; x_wconf 69' lang='grc' dir='ltr'><strong><em>ἦ</em></strong></span> <span class='ocrx_word' id='word_1_319' title='bbox 2737 4414 3036 4470; x_wconf 65' lang='lat' dir='ltr'>emendavi.</span> 
     </span>
     <span class='ocr_line' id='line_1_34' title="bbox 782 4481 3038 4557; baseline 0.001 -21"><span class='ocrx_word' id='word_1_320' title='bbox 782 4481 884 4537; x_wconf 86' lang='lat' dir='ltr'>Ed.</span> <span class='ocrx_word' id='word_1_321' title='bbox 909 4505 997 4554; x_wconf 84' lang='grc' dir='ltr'>γρ.</span> <span class='ocrx_word' id='word_1_322' title='bbox 1024 4482 1054 4552; x_wconf 77' lang='grc' dir='ltr'>ἦ</span> <span class='ocrx_word' id='word_1_323' title='bbox 1132 4483 1185 4540; x_wconf 87' lang='lat' dir='ltr'>d.</span> <span class='ocrx_word' id='word_1_324' title='bbox 1210 4502 1321 4555; x_wconf 82' lang='lat' dir='ltr'>mg.</span> <span class='ocrx_word' id='word_1_325' title='bbox 1532 4505 1612 4557; x_wconf 82' lang='lat'>14.</span> <span class='ocrx_word' id='word_1_326' title='bbox 1651 4485 1777 4541; x_wconf 77' lang='grc' dir='ltr'>τοῦτ</span> <span class='ocrx_word' id='word_1_327' title='bbox 2538 4505 2581 4538; x_wconf 87' lang='grc' dir='ltr'>π</span> <span class='ocrx_word' id='word_1_328' title='bbox 2715 4488 2962 4541; x_wconf 62' lang='lat' dir='ltr'>rev-dms</span> <span class='ocrx_word' id='word_1_329' title='bbox 2989 4484 3038 4539; x_wconf 80' lang='lat' dir='ltr'>F.</span> 
     </span>
     <span class='ocr_line' id='line_1_35' title="bbox 629 4422 2788 4625; baseline 0.001 -19"><span class='ocrx_word' id='word_1_330' title='bbox 629 4422 753 4606; x_wconf 51' lang='grc' dir='ltr'>ἓᾶ.</span> <span class='ocrx_word' id='word_1_331' title='bbox 762 4571 874 4625; x_wconf 76' lang='lat' dir='ltr'>mg.</span> <span class='ocrx_word' id='word_1_332' title='bbox 898 4556 1255 4623; x_wconf 75' lang='grc' dir='ltr'>προσεπιτιίττ</span> <span class='ocrx_word' id='word_1_333' title='bbox 1255 4578 1304 4610; x_wconf 89' lang='grc' dir='ltr'>οι</span> <span class='ocrx_word' id='word_1_334' title='bbox 1331 4555 1433 4612; x_wconf 83' lang='lat' dir='ltr'>Ed.</span> <span class='ocrx_word' id='word_1_335' title='bbox 1651 4557 1737 4612; x_wconf 79' lang='lat'>2.6</span> <span class='ocrx_word' id='word_1_336' title='bbox 1776 4489 2088 4613; x_wconf 52' lang='lat' dir='ltr'>goxofaemfim</span> <span class='ocrx_word' id='word_1_337' title='bbox 2016 4556 2282 4621; x_wconf 75' lang='grc' dir='ltr'>βεβαίως</span> <span class='ocrx_word' id='word_1_338' title='bbox 2268 4572 2481 4611; x_wconf 73' lang='lat' dir='ltr'>mverflo</span> <span class='ocrx_word' id='word_1_339' title='bbox 2418 4499 2788 4610; x_wconf 50' lang='lat' dir='ltr'>unffi&amp;</span> 
     </span>
    </p>
   </div>
  </div>
 </body>
</html>
