3238 5158
112 339 233 405 xvi.
262 359 362 430 25.
452 347 566 413 IN
627 350 692 415 S.
742 351 1255 418 JOANNEM.
1349 353 1539 419 LIB.
1587 355 1710 420 xl.
1802 355 2007 424 CAP.
2054 356 2148 421 11.
2370 355 2497 418 64⁷

112 506 515 593 πέπλασται
587 514 735 620 γὰρ
806 519 994 599 οὕτω
1070 525 1218 599 τῶν
1290 521 1368 598 ἐν
1439 520 1852 623 παροιμίαις
1932 518 2347 624 λεγομένων
2415 516 2502 598 τὸ

112 637 378 739 σχῆμα.
469 636 651 744 ἅπερ
705 642 833 722 οὖν
886 639 1107 741 εἷπον,
1163 645 1418 749 φησὶν,
1474 647 1573 730 ὡς
1630 646 1690 726 ἐν
1746 648 2148 752 παροιμίαις
2216 643 2320 723 ἔτι
2383 643 2504 722 καὶ

112 758 475 861 αἰνίγμασι
530 763 912 867 λελάληκα
965 765 1149 872 πρὸς
1208 769 1392 867 ὑμᾶς
1448 775 1676 876 καιρῷ
1734 768 2061 873 τηρήσας
2114 773 2219 876 τῷ
2272 766 2502 847 δεόντι

112 886 223 963 καὶ
259 883 435 966 ὅσον
472 889 748 970 οὐδέπω
784 892 1257 1000 παρεσομένῳ
1293 891 1426 994 τὴν
1462 895 1971 1002 ἀναμφίλογον
2008 889 2501 998 ἀποκάλυψιν.
2526 919 2562 964 Θ

113 1007 260 1114 ἥξει
311 1009 453 1116 γὰρ
508 1012 685 1121 ἥξει,
743 1019 998 1120 φησὶν,
1053 1016 1210 1125 ἄρα,
1266 1015 1601 1098 τουτέστι
1656 1015 1920 1122 καιρὸς,
1975 1019 2142 1099 καθ’
2202 1015 2285 1097 ὃν
2341 1018 2507 1114 ὑμῖν

114 1135 487 1240 διαῤῥήδην
542 1136 633 1217 τὰ
689 1147 836 1250 περὶ
894 1144 1023 1240 τῆς
1082 1143 1193 1222 τοῦ
1249 1140 1515 1247 Πατρὶς
1575 1140 2031 1249 ἐξηγήσομαι
2093 1139 2333 1248 δόξης,
2388 1143 2520 1220 καὶ·

113 1256 239 1358 τὴν
279 1258 456 1365 ὑπὲρ
510 1269 678 1343 νοῦν
724 1261 853 1344 τὸν
887 1265 1338 1368 ἀνθρώπινον
1383 1264 1673 1366 ἐνθήσω
1726 1266 2053 1347 σύνεσιν.
2135 1269 2251 1345 καὶ
2303 1264 2409 1349 τίς
2464 1265 2507 1343 ὃ

114 1381 357 1465 τούτου
413 1384 678 1490 καιρὸς,
736 1388 820 1467 οὐ
876 1386 1174 1495 σφόδρα
1231 1387 1362 1487 μὲν
1414 1388 1555 1496 ἔφη
1610 1396 1899 1498 σαφῶς·
1980 1387 2376 1489 οἰησόμεθα
2429 1383 2507 1467 δὲ

120 1510 377 1607 δηλοῦν
435 1511 701 1590 ἐκεῖνον
755 1509 996 1604 αὐτὸν,
1057 1510 1105 1612 ἢ
1167 1514 1334 1593 καθ’
1393 1511 1478 1594 ὃν
1531 1510 1667 1613 τὴν
1721 1513 1839 1595 διὰ
1901 1522 2031 1595 τοῦ
2088 1511 2511 1611 Πνεύματος

91 1634 705 1734 ιπεπλουτήκαμεν
776 1642 1057 1738 γνῶσιν
1129 1634 1313 1736 μετὰ
1385 1634 1518 1738 τὴν
1588 1640 1669 1718 ἐκ
1744 1644 2013 1743 νεκρῶν
2074 1635 2506 1732 ἀναβίωσιν,

118 1756 657 1861 χορηγήσαντος
718 1761 889 1860 ἡμῖν
943 1759 1118 1842 αὐτὸ
1173 1768 1303 1842 τοῦ
1359 1768 1719 1866 Χριστοῦ·
1787 1759 1835 1866 ἢ
1890 1761 2082 1870 τάχα
2135 1762 2265 1843 τὸν
2317 1757 2510 1861 με’λ·

121 1891 335 1961 λοντα
390 1885 510 1963 καὶ
564 1884 912 1985 ἐσόμενον
963 1884 1148 1985 μετὰ
1198 1883 1334 1986 τὴν
1375 1895 1505 1967 τοῦ
1559 1884 1845 1986 κόσμου
1898 1884 2306 1986 συστολὴν,
2344 1884 2509 1965 καθ’

123 2000 200 2084 ὃν
260 2007 877 2095 ἀκατακαλύπτως
937 2044 1018 2091 τε
1078 2012 1195 2091 καὶ
1259 2014 1580 2115 ἐναργῶς
1644 2006 1778 2110 τὴν
1842 2020 1971 2092 τοῦ
2031 2016 2224 2092 Θεοῦ
2287 2006 2513 2116 δόξαν
2535 2037 2572 2078 a
2614 2024 2748 2080 938
2767 2021 2847 2078 A·

121 2127 470 2234 ὀψόμεθα,
533 2131 949 2237 φανοτάτην
1016 2135 1185 2234 ἡμῖν
1254 2134 1758 2236 ἐμβάλλοντος
1829 2134 1962 2236 τὴν
2028 2138 2190 2240 περὶ
2260 2134 2516 2214 ἑαυτοῦ

91 2260 414 2356 ιγνῶσιν.
491 2256 601 2336 διὸ
654 2259 774 2337 καὶ
827 2259 869 2337 ὃ
923 2263 1225 2345 Παῦλος
1278 2261 1724 2367 προφητείας
1774 2295 1908 2360 μεν
1957 2254 2467 2363 καταργηθήσε
2472 2301 2506 2318 ·
2604 2256 2782 2380 {52⁰3
2802 2335 2850 2388 9·

123 2385 293 2460 σθαι
344 2380 565 2483 λέγει,
600 2379 1016 2463 παύσεσθαι
1074 2380 1147 2463 δὲ
1200 2391 1500 2487 γνῶσιν,
1547 2385 1685 2489 οὐχ
1739 2383 1985 2485 ἑτέραν
2030 2384 2268 2484 λεγων
2315 2415 2515 2485 παρα
2610 2402 2686 2437 ¹²·

123 2504 397 2607 ταύτην,
471 2501 562 2606 ἣν
624 2512 723 2592 εἷς
794 2541 880 2588 το
952 2542 1187 2613 παρον
1252 2506 1671 2611 κεκτήμεθα.
1774 2506 2148 2608 βλέπομεν
2207 2539 2354 2611 γαρ
2423 2505 2512 2587 δι’

124 2628 495 2735 ἐσόπτρου,
570 2634 687 2712 καὶ
751 2632 1207 2734 γινώσκομεν
1279 2637 1357 2714 ἐκ
1435 2632 1717 2737 μέρους,
1787 2631 1978 2712 καθὰ
2058 2635 2176 2711 καὶ
2259 2631 2517 2735 ἀρτίως

125 2753 486 2857 ἐλέγομεν·
552 2768 597 2804 “
619 2753 863 2837 Ὅταν
902 2756 977 2838 δὲ
1012 2754 1194 2864 ἔλθῃ
1240 2755 1327 2839 τὸ
1370 2753 1669 2856 τέλειον,
1707 2753 1789 2836 τὸ
1833 2758 1912 2836 ἐκ
1955 2755 2211 2860 μέρους
2253 2789 2518 2859 καταρ-
2607 2781 2687 2832 Ib.
2710 2794 2787 2833 10.

95 2889 168 2942 ’“
201 2880 668 2982 γηθήσεται·”
749 2888 903 2968 πῶς
968 2879 1015 2982 ἢ
1082 2881 1241 2963 τίνα
1302 2880 1574 2987 τρόπον
1633 2885 1696 2962 εὶ
1758 2879 2010 2976 βούλει
2071 2885 2324 2980 μαθεῖν
2381 2882 2519 2985 ἐρῶ

125 3002 365 3088 πάλιν.

221 3129 520 3234 Ὥσπερ
557 3129 702 3235 γὰρ
746 3133 1116 3238 ἀφεγγοῦς
1157 3128 1288 3229 μὲν
1325 3131 1551 3230 οὔσης
1601 3128 1855 3214 νυκτὸς
1902 3127 1987 3209 τὸ
2033 3125 2343 3236 φαιδρὸν
2375 3133 2523 3207 τῶν

127 3253 449 3359 ἀστέρων
494 3255 940 3362 διαφαίνεται
992 3256 1288 3351 κάλλος,
1328 3250 1643 3333 ἑκάστου
1696 3250 1781 3333 τὸ
1837 3259 2090 3333 οἰκεῖον
2134 3248 2515 3356 ἀπαστρά·
2545 3268 2589 3334 b

126 3410 427 3465 πτοντος
493 3385 676 3486 φῶς·
755 3377 1204 3484 ἀνισχούσης
1260 3375 1491 3479 γεμὴν
1549 3380 1678 3476 τῆς
1742 3375 1954 3475 ἡλίου
2017 3377 2521 3478 μαρμαρυγῆς,

99 3505 587 3608 ;καταργεῖται’
613 3537 768 3588 πως
804 3506 942 3604 ἤδη
981 3501 1067 3583 τὸ
1101 3505 1180 3583 ἐκ
1216 3500 1472 3605 μέρους
1509 3497 1877 3603 λαμπρὸν,
1920 3501 2038 3580 καὶ
2088 3503 2216 3599 τῆς
2264 3498 2531 3578 ἐκείνου

128 3633 358 3728 βολῆς
423 3626 831 3729 ἡττώμενον
894 3630 1165 3732 ἀδρανῆ
1242 3629 1361 3706 καὶ
1425 3625 1799 3728 ἄπρακτον
1862 3622 2008 3730 ἔχει
2073 3621 2207 3723 τὴν
2270 3621 2533 3703 οἰκείαν

130 3752 380 3854 αὑγήν·
445 3751 632 3833 κατὰ
680 3752 810 3832 τὸν
847 3749 1066 3832 αὐτὸν
1103 3747 1299 3850 οἶμαι
1343 3748 1615 3854 τρόπον
1651 3751 1768 3829 καὶ
1822 3748 1866 3848 ἡ
1917 3756 2047 3829 νῦν
2080 3747 2253 3848 ἡμῖν
2292 3743 2527 3850 ὑπάρ-

130 3909 369 3979 χουσα
455 3884 724 3978 γνῶσις
802 3876 953 3956 κατ’
1024 3877 1245 3956 ἐκεῖνο
1330 3871 1782 3956 πεπαύσεται
1856 3879 1986 3952 τοῦ
2059 3878 2336 3976 καιροῦ,
2416 3871 2536 3950 καὶ

132 4000 521 4109 καταλήξει
581 4000 667 4083 τὸ
731 4003 810 4081 ἐκ
868 4000 1146 4104 μέρους,
1200 4007 1329 4079 τοῦ
1383 3998 1660 4078 τελείου
1714 3993 1956 4105 φωτὸς
2013 3994 2534 4078 εἰσελάσαντος

103 4129 249 4206 »καὶ
304 4124 827 4230 ’πληρεστάτην
890 4126 1060 4225 ἡμῖν
1123 4121 1257 4223 τὴν
1321 4125 1450 4222 τῆς
1523 4120 1968 4223 θεογνωσίας
2040 4118 2535 4224 ἐπεισχέοντος

134 4250 385 4353 αὐγήν.
483 4250 646 4331 τότε
707 4248 889 4351 μετὰ
953 4249 1332 4356 παῤῥησίας
1396 4244 1812 4344 δυναμένοις
1885 4243 2023 4344 ἤδη
2099 4247 2377 4349 χωρεῖν,
2442 4237 2534 4320 τὰ
2557 4283 2595 4328 ο

185 4478 259 4550 3.
294 4461 524 4533 τηρῆσαι·
546 4479 730 4517 assum
768 4469 886 4516 tum
909 4477 975 4515 ex
1001 4459 1067 4514 Ε.
1315 4455 1483 4524 4.ἵσ.
1501 4475 1775 4545 παροισομ
1776 4452 1874 4528 ὄνῳ
1903 4452 2006 4509 Ed.
2033 4472 2162 4526 mg„
2189 4451 2283 4507 sed
2306 4473 2348 4507 π
2441 4471 2536 4505 σο·

136 4530 270 4605 με’νφ
292 4541 435 4588 recte
457 4532 673 4588 exhibet
1031 4546 1114 4596 14.
1152 4529 1340 4583 ἑαυτοῦ
1366 4527 1431 4582 Ε.
1456 4525 1614 4581 αὐτοῦ
1642 4524 1748 4580 Ed.
2001 4539 2083 4650 τὲ.
2120 4524 2444 4593 προφητεας

137 4604 460 4675 προφητείαν
484 4603 586 4659 Ed.
807 4603 890 4658 16.
925 4599 1233 4657 παύσασθαι
1259 4599 1326 4654 Ε.
1543 4609 1626 4669 17.
1666 4593 1813 4668 ἣν]“’
1780 4617 1905 4651 οταν
1926 4593 1988 4665 ἦν
