3238 5158
180 364 348 429 xvii.
370 386 435 447 4,
460 382 523 450 5.
578 366 697 430 IN
757 366 825 431 S.
874 365 1388 431 JOANNEM.
1483 365 1675 430 LIB.
1725 366 1846 432 XI.
1940 367 2149 433 CAP.
2182 368 2305 432 VI.
2482 354 2608 433 675

178 532 309 609 καὶ
363 528 549 635 πρὸς
606 529 689 611 ὃν
730 531 775 631 ἦ
830 530 1112 631 ἐντολὴ,
1161 534 1609 635 παραχρῆμα
1662 528 1846 635 πρὸς
1901 531 2203 632 ἑνότητα
2257 529 2610 612 συνάπτει

177 650 324 754 τὴν
361 654 702 762 φυσικὴν,
730 654 1164 758 ρλοκλήρως
1217 661 1308 759 τῇ
1365 655 1518 762 θείᾳ
1567 689 1648 735 τε
1699 660 1816 736 καὶ
1865 653 2152 763 ἆῤῥήτῳ
2207 655 2430 762 φύσει
2477 654 2610 756 τὴν

175 786 320 858 τοῦ
355 777 787 881 πράγματος
826 779 1132 875 ἔκβασιν
1169 783 1547 877 ἀνατιθεὶς,
1589 779 1710 859 διὰ
1758 787 1889 860 τοῦ
1936 777 2342 887 πανσόφως
2392 786 2608 860 εἰπεῖν
2632 810 2669 854 ο

176 901 657 1002 Δυνάμωσον
702 906 742 983 ὃ
800 901 989 988 Θεὸς
1043 912 1256 983 τοῦτο
1314 901 1354 983 ὃ
1411 905 1825 1006 κατηρτίσω
1880 904 2073 1003 ἡμῖν.
2153 900 2607 1008 ἐγχειρίζεται

99 1048 143 1109 5
175 1028 429 1107 τοίνυν
485 1027 640 1128 ἤτοι
694 1025 970 1133 δέχεται
1023 1026 1226 1131 παρὰ
1288 1036 1417 1108 τοῦ
1473 1028 1652 1108 ἰδίου
1714 1028 2010 1131 Πατρὸς
2065 1033 2136 1108 τὶ
2195 1027 2363 1106 καθ’
2422 1027 2607 1125 ἡμᾶς

182 1150 376 1259 ἔργον
431 1153 472 1231 ὃ
528 1150 728 1235 Υἱός.
810 1151 994 1232 κατὰ
1050 1151 1213 1231 τίνα
1267 1151 1345 1231 δὲ
1403 1150 1676 1256 τρόπον
1732 1149 1779 1253 ἢ
1835 1159 1992 1236 πῶς
2045 1149 2459 1230 ἐντέλλεται
2513 1147 2606 1255 τῇ

176 1275 334 1380 ἰδίᾳ
378 1274 670 1373 δυνάμει
710 1274 919 1366 Θεὸς,
958 1277 1450 1380 περιαθρῆσαί
1493 1311 1570 1357 τε
1623 1278 1740 1355 καὶ
1788 1281 2004 1355 εἶπεΐν
2042 1278 2464 1376 ἀναγκαῖον,
2510 1277 2605 1359 ὡς

177 1396 278 1478 ἂν
314 1397 680 1505 ἐνδέχηται
730 1399 916 1480 κατά
971 1434 1057 1503 γε
1108 1398 1192 1480 τὸ
1244 1402 1710 1504 ἀνθρωπίνως
1760 1404 2260 1504 διερμηνεῦσαι
2299 1396 2391 1478 τὰ
2430 1397 2608 1501 ὑπὲρ

178 1532 382 1605 νοῦν.
480 1526 887 1605 ὑποκείσθω
946 1533 1330 1627 τοιγαροῦν
1385 1522 1567 1628 ἀνήρ
1630 1558 1737 1608 τις
1793 1529 1940 1603 τῶν
1996 1524 2160 1603 καθ’
2219 1522 2429 1621 ἡμᾶς,
2487 1524 2605 1601 καὶ

58 1672 147 1716 10
178 1655 445 1729 τοῦτον
503 1646 681 1728 εἶναι
743 1647 1197 1748 πιστεύωμεν
1257 1648 1507 1752 τέχνης
1572 1646 2023 1748 ἐπιστήμονα
2092 1650 2221 1746 τῆς
2282 1656 2595 1750 χαλκευ-

176 1777 413 1873 τικῆς·
475 1807 625 1853 ειτα
661 1807 845 1877 προς
881 1769 1371 1875 ἆνδριαντος’
1335 1771 1761 1869 εκτύπωσιν,
1799 1804 2027 1872 ηγουν
2065 1771 2203 1872 ηδη
2249 1768 2607 1853 παθόντος

175 1900 303 1975 καὶ
359 1895 896 1997 λελωβημένου,
953 1892 1351 2001 τετράφθαι
1409 1894 1593 2000 πρὸς
1654 1893 2174 1999 ἐπανόρθωσιν.
2263 1900 2419 1977 πῶς
2477 1893 2603 1972 οὖν
2629 1905 2674 1970 d

175 2019 597 2122 ἐργάσεται,
636 2020 1085 2124 κατορθώσει
1135 2018 1304 2099 δὲ“
1266 2054 1460 2103 οπως
1509 2019 1592 2099 τὸ
1645 2025 1948 2100 δοκοῦν
1927 2081 1949 2117 ,
2021 2020 2414 2125 ἐπιτρέψας
2471 2021 2599 2117 δη-

177 2142 435 2224 λονότι
481 2152 574 2251 τῇ
616 2143 907 2243 δυνάμει
945 2151 1092 2224 τῶν
1130 2142 1324 2224 ιδίων
1376 2151 1634 2249 χειρῶν
1671 2146 1790 2224 καὶ
1834 2144 2070 2251 σοφία
2114 2149 2205 2248 τῇ
2253 2141 2436 2223 κατὰ
2472 2140 2606 2242 τὴν

63 2301 146 2361 ¹5
178 2267 462 2372 τέχνην,
513 2267 647 2368 τὴν
703 2271 813 2377 ἐφ’
864 2267 969 2352 οἷς
1023 2266 1114 2348 ἂν
1171 2266 1408 2348 ἕλοιτο
1454 2272 1644 2372 ’δρᾶν
1698 2268 2252 2372 ἀποπλήρωσιν.
2328 2267 2501 2346 ἀλλ’
2542 2272 2605 2347 εἶ

180 2394 307 2472 καὶ
355 2401 511 2478 ταῖς
557 2395 891 2476 ἐπινοίαις
942 2391 1193 2495 ὥσπερ
1231 2390 1467 2496 ἕτερόν
1511 2426 1582 2471 τι
1625 2393 1793 2494 παρ’
1837 2390 2054 2471 αὐτὸν
2093 2394 2604 2497 διαφαίνεσθαι

180 2521 387 2597 δοκεῖ
422 2551 578 2604 πως
614 2518 666 2619 ἥ
706 2553 783 2598 τε
830 2518 1066 2624 σοφία
1116 2519 1236 2596 καὶ
1287 2517 1332 2616 ἡ
1379 2516 1676 2616 δύναμις
1714 2517 1953 2615 αὐτοῦ,
1990 2517 2159 2595 ἀλλ’
2200 2517 2334 2621 οὐχ
2370 2515 2601 2620 ἕτεραι

178 2639 360 2743 παρ’
397 2642 613 2723 αὑτὸν
649 2641 740 2722 ἂν
777 2640 938 2723 εἷεν.
1026 2646 1101 2722 ἐν
1141 2639 1287 2745 γὰρ
1327 2646 1428 2749 τῷ
1478 2645 1606 2740 τῆς
1657 2641 1908 2724 οὐσίας
1958 2639 2161 2747 λόγῳ
2211 2643 2328 2720 καὶ
2371 2647 2597 2720 ταῦτα

180 2764 630 2866 κεκτήσεται.
735 2770 854 2847 καὶ
916 2764 1200 2866 νοήσεις
1262 2767 1393 2864 μέν
1459 2795 1530 2844 τι
1590 2771 1915 2844 τοιοῦτον
1975 2767 2089 2844 ἐπὶ
2152 2768 2362 2861 Θεοῦ,
2422 2762 2596 2871 δέξῃ
2622 2802 2661 2850 0

64 2929 148 2970 20
182 2888 421 2990 γεμὴν
457 2892 584 2972 οὐκ
621 2888 933 2973 εἶσάπαν
969 2893 1244 2994 ἐμφερῆ
1289 2888 1422 2989 τὴν
1457 2897 1587 2969 τοῦ
1639 2888 2215 2992 παραδείγματος
2267 2887 2590 2987 δύναμιν.

181 3014 378 3097 Θεὸς
444 3016 587 3119 γὰρ
649 3017 690 3095 ὃ
749 3015 924 3118 ὑπὲρ
984 3013 1244 3110 πάντα,
1302 3016 1421 3093 καὶ
1481 3011 1658 3116 ὑπὲρ
1724 3020 1936 3092 τοῦτο
1991 3010 2446 3112 νοηθήσεται.
2555 3013 2597 3092 ὃ

181 3138 403 3222 αὐτὸς
437 3141 505 3219 δ’
546 3137 636 3219 ἂν
672 3140 951 3242 γένοιτο
987 3137 1229 3242 λόγος,
1269 3139 1345 3216 ἐν
1382 3136 1546 3218 ε’ίδει
1584 3140 1701 3217 καὶ
1738 3134 1985 3244 τρόπῳ
2023 3139 2326 3242 ληφθεὶς
2362 3169 2593 3239 παρα-

180 3263 561 3363 δείγματος
597 3266 721 3345 ἐπί
749 3296 826 3343 τε
864 3263 1073 3362 ἡλίου
1108 3264 1225 3342 καὶ
1260 3259 1506 3364 πυρός.
1584 3257 2001 3341 ἐντέλλεται
2035 3257 2168 3358 μὲν
2204 3258 2349 3362 γὰρ
2387 3260 2596 3338 οἱονεὶ

181 3389 308 3465 καὶ
360 3389 400 3466 ὀ
446 3387 650 3487 ἥλιος
698 3394 801 3496 τῷ
849 3387 937 3493 ἐξ
981 3387 1199 3466 αὐτοῦ
1249 3384 1709 3493 προχεομένω
1758 3387 1949 3491 φωτὶ
1997 3390 2596 3486 καταλαμπρῦναι

64 3537 148 3598 25
179 3508 283 3590 τὰ
341 3510 756 3607 σύμπαντα·
838 3511 1049 3616 ἔργον
1110 3509 1185 3590 δὲ
1248 3507 1500 3612 ὥσπερ
1566 3515 1657 3616 τῇ
1718 3514 1865 3589 τῶν
1924 3508 2228 3588 ἀκτίνων
2285 3507 2596 3613 ἐνεργείᾳ

181 3636 447 3714 δίδωσι
499 3634 633 3735 τὴν
687 3640 814 3735 τῆς
872 3632 1303 3738 θερμότητος
1361 3632 1659 3730 δύναμιν
1716 3640 1863 3718 τοῖς
1919 3631 2141 3733 αὐτὴν
2194 3629 2594 3737 δεχομένοις

180 3761 561 3858 ἐμβαλεῖν·
625 3760 881 3859 ὁμοίως
918 3760 993 3840 δὲ
1033 3762 1151 3839 καὶ
1187 3757 1272 3839 τὸ
1308 3766 1455 3863 πῦρ
1493 3757 1912 3839 ἐντέλλεταί
1950 3791 2027 3836 τε
2078 3758 2196 3837 καὶ
2238 3755 2592 3858 ἐπιτρέπει
2617 3790 2655 3835 ει
2691 3778 2825 3834 958
2843 3775 2934 3837 Δ.

181 3883 462 3986 τρόπον
506 3883 665 3964 τινὰ
711 3891 801 3989 τῇ
853 3888 980 3982 τῆς
1032 3883 1292 3967 οἰκείας
1342 3883 1637 3989 φύσεως
1687 3880 1977 3983 ἰδιότητι
2034 3879 2127 3960 τὰ
2183 3881 2361 3985 αὐτῇ
2408 3880 2584 3982 πρέ·

179 4043 424 4091 ποντα
478 4016 828 4111 πληροῦν·
905 4009 1075 4086 ἀλλ’
1118 4009 1201 4087 οὐ
1253 4004 1456 4110 παρὰ
1510 4004 1722 4087 τοῦτό
1781 4013 2017 4113 φαμεν
2070 4007 2146 4084 ἐν
2202 4003 2595 4107 ὑπουργίας

66 4174 152 4231 30
182 4131 392 4240 τάξει
428 4136 555 4232 τῆς
593 4136 1125 4236 δουλοπρεποῦς
1157 4129 1289 4231 τὴν
1325 4133 1577 4211 ἀκτῖνα
1612 4129 1744 4228 μὲν
1781 4133 1896 4208 καὶ
1934 4128 2017 4208 τὸ
2054 4133 2214 4236 φῶς
2248 4131 2351 4235 τῷ
2385 4128 2590 4235 ἡλίῳ,

2698 903 2784 954 Pe.
2807 905 2949 956 lxvii.

2701 985 2781 1037 29.

267 4415 316 4454 1.
353 4398 601 4453 συνάπτει
628 4398 693 4452 Ε.
720 4396 876 4466 Mign
880 4414 925 4451 e.
952 4396 1215 4450 συνάπτον
1240 4395 1364 4463 (sic)
1390 4395 1534 4449 Aub.
1845 4412 1896 4462 4.
1936 4392 2228 4464 κατηρτίσω
2253 4392 2318 4446 Ε.
2327 4390 2382 4445 F.
2387 4409 2433 4445 8.
2461 4391 2584 4444 “.81

185 4470 501 4539 nummio-00⁹
505 4468 651 4522 ’.Ed
677 4486 789 4538 mg.
817 4469 1140 4537 κατειργάσω
1169 4466 1268 4520 Ed.
1370 4464 1614 4519 Statim’
1587 4488 1642 4518 εν
1665 4463 1814 4518 addit
1839 4483 1887 4517 8.
2259 4475 2307 4532 7.
2345 4464 2374 4515 ὁ
2400 4461 2514 4516 θεὸς
2538 4479 2586 4515 a.

193 4558 278 4595 12.
316 4539 606 4610 τετράφθαι
635 4538 701 4592 Ε.
726 4539 1002 4610 τετράφθω
1030 4537 1131 4591 Ed.
1483 4553 1564 4602 14.
1601 4538 1664 4604 τῇ
1691 4535 1794 4604 ῖδίᾳ
1820 4536 2027 4602 δυνάμει
2052 4539 2154 4589 τῶν
2179 4534 2320 4588 ἷδίων
2343 4551 2390 4586 8.
2496 4532 2589 4599 τὴν

184 4621 532 4683 assumptum
556 4626 622 4664 ex
649 4608 762 4664 E.a.
1193 4624 1278 4673 24.
1315 4606 1681 4678 προερχομένῳ
1709 4605 1929 4675 (errore)
1957 4624 2005 4659 a.

1295 4708 1481 4772 432
