<?xml version="1.0" encoding="UTF-8"?>
<!DOCTYPE html PUBLIC "-//W3C//DTD XHTML 1.0 Transitional//EN"
    "http://www.w3.org/TR/xhtml1/DTD/xhtml1-transitional.dtd">
<html xmlns="http://www.w3.org/1999/xhtml" xml:lang="en" lang="en">
 <head>
  <title>
</title>
<meta http-equiv="Content-Type" content="text/html;charset=utf-8" />
  <meta name='ocr-system' content='tesseract 3.04.00' />
  <meta name='ocr-capabilities' content='ocr_page ocr_carea ocr_par ocr_line ocrx_word'/>
</head>
<body>
  <div class='ocr_page' id='page_1' title='image "./sanctipatrisnos03pusegoog_0666.png"; bbox 0 0 3238 5158; ppageno 0'>
   <div class='ocr_carea' id='block_1_1' title="bbox 283 977 528 1108">
    <p class='ocr_par' dir='ltr' id='par_1_1' title="bbox 283 977 528 1108">
     <span class='ocr_line' id='line_1_1' title="bbox 283 977 528 1030; baseline 0.013 -4"><span class='ocrx_word' id='word_1_1' title='bbox 283 977 421 1027; x_wconf 69' lang='lat' dir='ltr'>Acta</span> <span class='ocrx_word' id='word_1_2' title='bbox 441 977 528 1030; x_wconf 90' lang='grc'>88.</span> 
     </span>
     <span class='ocr_line' id='line_1_2' title="bbox 283 1043 466 1108; baseline 0.005 -14"><span class='ocrx_word' id='word_1_3' title='bbox 283 1043 388 1108; x_wconf 79' lang='lat' dir='ltr'>Ap.</span> <span class='ocrx_word' id='word_1_4' title='bbox 416 1059 466 1095; x_wconf 73' lang='lat' dir='ltr'>V.</span> 
     </span>
    </p>
   </div>
   <div class='ocr_carea' id='block_1_2' title="bbox 283 1122 461 1289">
    <p class='ocr_par' dir='ltr' id='par_1_2' title="bbox 283 1122 461 1289">
     <span class='ocr_line' id='line_1_3' title="bbox 283 1122 461 1224; baseline 0.006 -1"><span class='ocrx_word' id='word_1_5' title='bbox 283 1122 365 1224; x_wconf 67' lang='grc' dir='ltr'>ῗὲἶ</span> <span class='ocrx_word' id='word_1_6' title='bbox 391 1173 461 1224; x_wconf 72' lang='lat' dir='ltr'>iv.</span> 
     </span>
     <span class='ocr_line' id='line_1_4' title="bbox 287 1253 365 1289; baseline -0.013 0"><span class='ocrx_word' id='word_1_7' title='bbox 287 1253 365 1289; x_wconf 63' lang='grc' dir='ltr'>ιο.</span> 
     </span>
    </p>
   </div>
   <div class='ocr_carea' id='block_1_3' title="bbox 618 321 3044 410">
    <p class='ocr_par' dir='ltr' id='par_1_3' title="bbox 618 321 3044 410">
     <span class='ocr_line' id='line_1_5' title="bbox 618 321 3044 410; baseline 0.001 -25"><span class='ocrx_word' id='word_1_8' title='bbox 618 321 752 386; x_wconf 79' lang='lat'>654</span> <span class='ocrx_word' id='word_1_9' title='bbox 1228 324 1307 390; x_wconf 90' lang='grc' dir='ltr'>Β.</span> <span class='ocrx_word' id='word_1_10' title='bbox 1357 323 1783 389; x_wconf 85' lang='lat' dir='ltr'><strong>OYRILLI</strong></span> <span class='ocrx_word' id='word_1_11' title='bbox 1844 324 2432 391; x_wconf 85' lang='lat' dir='ltr'>ALEXANDR.</span> <span class='ocrx_word' id='word_1_12' title='bbox 2642 323 3044 410; x_wconf 82' lang='lat' dir='ltr'>xvi.31‚32-</span> 
     </span>
    </p>
   </div>
   <div class='ocr_carea' id='block_1_4' title="bbox 618 485 3047 967">
    <p class='ocr_par' dir='ltr' id='par_1_4' title="bbox 618 485 3047 967">
     <span class='ocr_line' id='line_1_6' title="bbox 620 485 3046 597; baseline 0.001 -29"><span class='ocrx_word' id='word_1_13' title='bbox 620 485 1056 593; x_wconf 73' lang='grc' dir='ltr'>φράσαντες,</span> <span class='ocrx_word' id='word_1_14' title='bbox 1121 491 1735 591; x_wconf 87' lang='grc' dir='ltr'>ἀκαταγωνίστοις</span> <span class='ocrx_word' id='word_1_15' title='bbox 1804 490 2204 597; x_wconf 76' lang='grc' dir='ltr'>διέπρεψαν</span> <span class='ocrx_word' id='word_1_16' title='bbox 2259 490 2698 588; x_wconf 74' lang='grc' dir='ltr'>εὐτολμίαις,</span> <span class='ocrx_word' id='word_1_17' title='bbox 2761 489 2855 568; x_wconf 76' lang='grc' dir='ltr'>οὐ</span> <span class='ocrx_word' id='word_1_18' title='bbox 2918 486 3046 571; x_wconf 73' lang='grc' dir='ltr'>τὰς</span> 
     </span>
     <span class='ocr_line' id='line_1_7' title="bbox 619 610 3047 717; baseline 0 -25"><span class='ocrx_word' id='word_1_19' title='bbox 619 618 765 692; x_wconf 92' lang='grc' dir='ltr'>τῶν</span> <span class='ocrx_word' id='word_1_20' title='bbox 798 610 1162 694; x_wconf 85' lang='grc' dir='ltr'>Ἰουδαίων</span> <span class='ocrx_word' id='word_1_21' title='bbox 1203 613 1754 712; x_wconf 76' lang='grc' dir='ltr'>ἐπαναστάσεις,</span> <span class='ocrx_word' id='word_1_22' title='bbox 1800 615 1886 694; x_wconf 81' lang='grc' dir='ltr'>οὐ</span> <span class='ocrx_word' id='word_1_23' title='bbox 1927 614 2057 695; x_wconf 83' lang='grc' dir='ltr'>τὸν</span> <span class='ocrx_word' id='word_1_24' title='bbox 2101 615 2393 717; x_wconf 76' lang='grc' dir='ltr'>ἄκριτον</span> <span class='ocrx_word' id='word_1_25' title='bbox 2425 621 2574 694; x_wconf 89' lang='grc' dir='ltr'>τῶν</span> <span class='ocrx_word' id='word_1_26' title='bbox 2609 613 3047 714; x_wconf 75' lang='grc' dir='ltr'>Φαρισαίων</span> 
     </span>
     <span class='ocr_line' id='line_1_8' title="bbox 618 734 3046 844; baseline 0.001 -28"><span class='ocrx_word' id='word_1_27' title='bbox 618 734 867 835; x_wconf 79' lang='grc' dir='ltr'>θυμὸν,</span> <span class='ocrx_word' id='word_1_28' title='bbox 912 738 1046 843; x_wconf 76' lang='grc' dir='ltr'>οὐχ</span> <span class='ocrx_word' id='word_1_29' title='bbox 1090 736 1328 842; x_wconf 81' lang='grc' dir='ltr'>ἕτερόν</span> <span class='ocrx_word' id='word_1_30' title='bbox 1371 771 1442 818; x_wconf 91' lang='grc' dir='ltr'>τι</span> <span class='ocrx_word' id='word_1_31' title='bbox 1485 744 1636 818; x_wconf 90' lang='grc' dir='ltr'>τῶν</span> <span class='ocrx_word' id='word_1_32' title='bbox 1679 741 1927 819; x_wconf 90' lang='grc' dir='ltr'>δεινῶν</span> <span class='ocrx_word' id='word_1_33' title='bbox 1969 738 2293 838; x_wconf 74' lang='grc' dir='ltr'>δεδιότες,</span> <span class='ocrx_word' id='word_1_34' title='bbox 2329 740 2506 818; x_wconf 85' lang='grc' dir='ltr'>ἀλλ’</span> <span class='ocrx_word' id='word_1_35' title='bbox 2546 740 2624 819; x_wconf 87' lang='grc' dir='ltr'>ἐν</span> <span class='ocrx_word' id='word_1_36' title='bbox 2659 739 3046 844; x_wconf 64' lang='grc' dir='ltr'>παῤῥησίᾳ</span> 
     </span>
     <span class='ocr_line' id='line_1_9' title="bbox 618 858 3047 967; baseline 0.002 -25"><span class='ocrx_word' id='word_1_37' title='bbox 618 858 1142 964; x_wconf 78' lang='grc' dir='ltr'>προεστηκότες</span> <span class='ocrx_word' id='word_1_38' title='bbox 1174 871 1305 942; x_wconf 88' lang='grc' dir='ltr'>τοῦ</span> <span class='ocrx_word' id='word_1_39' title='bbox 1352 860 1543 942; x_wconf 81' lang='grc' dir='ltr'>θείου</span> <span class='ocrx_word' id='word_1_40' title='bbox 1593 894 2069 966; x_wconf 87' lang='grc' dir='ltr'>κηρυγματος,</span> <span class='ocrx_word' id='word_1_41' title='bbox 2106 866 2223 943; x_wconf 80' lang='grc' dir='ltr'>καὶ</span> <span class='ocrx_word' id='word_1_42' title='bbox 2274 864 2665 967; x_wconf 84' lang='grc' dir='ltr'>διαῤῥήδην</span> <span class='ocrx_word' id='word_1_43' title='bbox 2702 862 3047 964; x_wconf 77' lang='grc' dir='ltr'>λέγοντες</span> 
     </span>
    </p>
   </div>
   <div class='ocr_carea' id='block_1_5' title="bbox 618 983 3098 1339">
    <p class='ocr_par' dir='ltr' id='par_1_5' title="bbox 618 983 3098 1339">
     <span class='ocr_line' id='line_1_10' title="bbox 620 983 3098 1094; baseline 0 -30"><span class='ocrx_word' id='word_1_44' title='bbox 620 993 665 1032; x_wconf 81' lang='grc'><strong>“</strong></span> <span class='ocrx_word' id='word_1_45' title='bbox 705 989 1133 1091; x_wconf 86' lang='grc' dir='ltr'>Πειθαρχεῖν</span> <span class='ocrx_word' id='word_1_46' title='bbox 1184 989 1296 1067; x_wconf 88' lang='grc' dir='ltr'>δεῖ</span> <span class='ocrx_word' id='word_1_47' title='bbox 1349 991 1515 1094; x_wconf 74' lang='grc' dir='ltr'>Θεῷ</span> <span class='ocrx_word' id='word_1_48' title='bbox 1572 993 1868 1087; x_wconf 80' lang='grc' dir='ltr'>μᾶλλον</span> <span class='ocrx_word' id='word_1_49' title='bbox 1920 983 1970 1087; x_wconf 81' lang='grc' dir='ltr'>ἢ</span> <span class='ocrx_word' id='word_1_50' title='bbox 2028 987 2450 1091; x_wconf 76' lang='grc' dir='ltr'>ἀνθρώποις·</span> <span class='ocrx_word' id='word_1_51' title='bbox 2524 989 2611 1065; x_wconf 85' lang='grc' dir='ltr'>οὐ</span> <span class='ocrx_word' id='word_1_52' title='bbox 2673 986 3044 1086; x_wconf 81' lang='grc' dir='ltr'>δυνάμεθα</span> <span class='ocrx_word' id='word_1_53' title='bbox 3064 1004 3098 1065; x_wconf 79' lang='grc'>5</span> 
     </span>
     <span class='ocr_line' id='line_1_11' title="bbox 620 1105 3044 1217; baseline -0.001 -23.896"><span class='ocrx_word' id='word_1_54' title='bbox 620 1106 848 1213; x_wconf 78' lang='grc' dir='ltr'>“γὰρ</span> <span class='ocrx_word' id='word_1_55' title='bbox 885 1110 1083 1209; x_wconf 81' lang='grc' dir='ltr'>ἡμεῖς</span> <span class='ocrx_word' id='word_1_56' title='bbox 1125 1108 1174 1189; x_wconf 83' lang='grc' dir='ltr'>ἃ</span> <span class='ocrx_word' id='word_1_57' title='bbox 1207 1109 1484 1210; x_wconf 80' lang='grc' dir='ltr'>εἴδομεν</span> <span class='ocrx_word' id='word_1_58' title='bbox 1522 1144 1639 1190; x_wconf 87' lang='grc' dir='ltr'>και</span> <span class='ocrx_word' id='word_1_59' title='bbox 1691 1108 2104 1210; x_wconf 83' lang='grc' dir='ltr'>ἠκούσαμεν</span> <span class='ocrx_word' id='word_1_60' title='bbox 2139 1109 2239 1212; x_wconf 88' lang='grc' dir='ltr'>μὴ</span> <span class='ocrx_word' id='word_1_61' title='bbox 2284 1108 2612 1192; x_wconf 43' lang='grc' dir='ltr'>λαλεΐνῗ</span> <span class='ocrx_word' id='word_1_62' title='bbox 2683 1112 2766 1189; x_wconf 81' lang='grc' dir='ltr'>ἐν</span> <span class='ocrx_word' id='word_1_63' title='bbox 2804 1105 3044 1217; x_wconf 63' lang='grc' dir='ltr'>ταύτῷ</span> 
     </span>
     <span class='ocr_line' id='line_1_12' title="bbox 618 1231 3044 1339; baseline -0 -26"><span class='ocrx_word' id='word_1_64' title='bbox 618 1241 1000 1337; x_wconf 84' lang='grc' dir='ltr'>τοιγαροῦν</span> <span class='ocrx_word' id='word_1_65' title='bbox 1053 1232 1525 1338; x_wconf 83' lang='grc' dir='ltr'>καθιδρύσθαι</span> <span class='ocrx_word' id='word_1_66' title='bbox 1579 1232 1712 1333; x_wconf 79' lang='grc' dir='ltr'>μὲν</span> <span class='ocrx_word' id='word_1_67' title='bbox 1767 1236 1969 1316; x_wconf 80' lang='grc' dir='ltr'>οὔπω</span> <span class='ocrx_word' id='word_1_68' title='bbox 2021 1269 2205 1339; x_wconf 90' lang='grc' dir='ltr'>προς</span> <span class='ocrx_word' id='word_1_69' title='bbox 2257 1235 2510 1314; x_wconf 86' lang='grc' dir='ltr'>πίστιν</span> <span class='ocrx_word' id='word_1_70' title='bbox 2565 1231 2706 1332; x_wconf 84' lang='grc' dir='ltr'>τὴν</span> <span class='ocrx_word' id='word_1_71' title='bbox 2760 1234 3044 1312; x_wconf 81' lang='grc' dir='ltr'>τελείαν</span> 
     </span>
    </p>
   </div>
   <div class='ocr_carea' id='block_1_6' title="bbox 286 1355 3037 1465">
    <p class='ocr_par' dir='ltr' id='par_1_6' title="bbox 286 1355 3037 1465">
     <span class='ocr_line' id='line_1_13' title="bbox 286 1355 3037 1465; baseline 0.003 -36"><span class='ocrx_word' id='word_1_72' title='bbox 286 1374 420 1429; x_wconf 75' lang='lat'>948</span> <span class='ocrx_word' id='word_1_73' title='bbox 438 1373 522 1432; x_wconf 72' lang='lat' dir='ltr'>A.</span> <span class='ocrx_word' id='word_1_74' title='bbox 558 1388 596 1429; x_wconf 76' lang='lat' dir='ltr'><strong>a</strong></span> <span class='ocrx_word' id='word_1_75' title='bbox 617 1355 963 1465; x_wconf 80' lang='grc' dir='ltr'>ἀπέδειξε,</span> <span class='ocrx_word' id='word_1_76' title='bbox 1008 1356 1128 1439; x_wconf 78' lang='grc' dir='ltr'>διὰ</span> <span class='ocrx_word' id='word_1_77' title='bbox 1173 1355 1261 1437; x_wconf 77' lang='grc' dir='ltr'>τὸ</span> <span class='ocrx_word' id='word_1_78' title='bbox 1308 1356 1528 1459; x_wconf 86' lang='grc' dir='ltr'>μήπω</span> <span class='ocrx_word' id='word_1_79' title='bbox 1577 1364 1971 1462; x_wconf 84' lang='grc' dir='ltr'>γεγεῦσθαι</span> <span class='ocrx_word' id='word_1_80' title='bbox 2020 1361 2150 1458; x_wconf 88' lang='grc' dir='ltr'>τῆς</span> <span class='ocrx_word' id='word_1_81' title='bbox 2198 1358 2564 1441; x_wconf 83' lang='grc' dir='ltr'>κοινωνίας</span> <span class='ocrx_word' id='word_1_82' title='bbox 2616 1365 2752 1437; x_wconf 91' lang='grc' dir='ltr'>τοῦ</span> <span class='ocrx_word' id='word_1_83' title='bbox 2797 1357 3037 1436; x_wconf 81' lang='grc' dir='ltr'>Πνεύ-</span> 
     </span>
    </p>
   </div>
   <div class='ocr_carea' id='block_1_7' title="bbox 607 1479 3130 2332">
    <p class='ocr_par' dir='ltr' id='par_1_7' title="bbox 607 1479 3130 2332">
     <span class='ocr_line' id='line_1_14' title="bbox 614 1479 3042 1587; baseline -0.001 -26"><span class='ocrx_word' id='word_1_84' title='bbox 614 1513 860 1580; x_wconf 88' lang='grc' dir='ltr'>ματος,</span> <span class='ocrx_word' id='word_1_85' title='bbox 897 1484 1242 1584; x_wconf 78' lang='grc' dir='ltr'>παραθεὶς</span> <span class='ocrx_word' id='word_1_86' title='bbox 1296 1487 1392 1568; x_wconf 81' lang='grc' dir='ltr'>εἶς</span> <span class='ocrx_word' id='word_1_87' title='bbox 1440 1479 1750 1587; x_wconf 76' lang='grc' dir='ltr'>ἔλεγχον</span> <span class='ocrx_word' id='word_1_88' title='bbox 1798 1479 1931 1582; x_wconf 83' lang='grc' dir='ltr'>τὴν</span> <span class='ocrx_word' id='word_1_89' title='bbox 1977 1480 2158 1562; x_wconf 84' lang='grc' dir='ltr'>ὅσον</span> <span class='ocrx_word' id='word_1_90' title='bbox 2204 1482 2481 1561; x_wconf 76' lang='grc' dir='ltr'>οὐδέπω</span> <span class='ocrx_word' id='word_1_91' title='bbox 2524 1482 3042 1583; x_wconf 77' lang='grc' dir='ltr'>παρεσομένην</span> 
     </span>
     <span class='ocr_line' id='line_1_15' title="bbox 615 1602 3130 1707; baseline -0.002 -21"><span class='ocrx_word' id='word_1_92' title='bbox 615 1606 907 1704; x_wconf 83' lang='grc' dir='ltr'>δειλίαν,</span> <span class='ocrx_word' id='word_1_93' title='bbox 980 1608 1099 1687; x_wconf 80' lang='grc' dir='ltr'>καὶ</span> <span class='ocrx_word' id='word_1_94' title='bbox 1180 1604 1313 1686; x_wconf 76' lang='grc' dir='ltr'>ὅτι</span> <span class='ocrx_word' id='word_1_95' title='bbox 1365 1604 1455 1706; x_wconf 86' lang='grc' dir='ltr'>δὴ</span> <span class='ocrx_word' id='word_1_96' title='bbox 1545 1604 1813 1706; x_wconf 73' lang='grc' dir='ltr'>μέλλοι</span> <span class='ocrx_word' id='word_1_97' title='bbox 1887 1603 2410 1705; x_wconf 85' lang='grc' dir='ltr'>συμβήσεσθαι</span> <span class='ocrx_word' id='word_1_98' title='bbox 2479 1602 2884 1707; x_wconf 77' lang='grc' dir='ltr'>προειπὼν,</span> <span class='ocrx_word' id='word_1_99' title='bbox 2959 1605 3038 1683; x_wconf 82' lang='grc' dir='ltr'>οὐ</span> <span class='ocrx_word' id='word_1_100' title='bbox 3064 1641 3130 1682; x_wconf 86' lang='lat'>10</span> 
     </span>
     <span class='ocr_line' id='line_1_16' title="bbox 614 1726 3041 1832; baseline 0.001 -23"><span class='ocrx_word' id='word_1_101' title='bbox 614 1729 913 1831; x_wconf 82' lang='grc' dir='ltr'>μετρίως</span> <span class='ocrx_word' id='word_1_102' title='bbox 967 1727 1220 1814; x_wconf 75' lang='grc' dir='ltr'>αὐτοὺς</span> <span class='ocrx_word' id='word_1_103' title='bbox 1277 1728 1551 1829; x_wconf 82' lang='grc' dir='ltr'>ὀνήσας</span> <span class='ocrx_word' id='word_1_104' title='bbox 1607 1730 1883 1832; x_wconf 82' lang='grc' dir='ltr'>ὁρᾶται.</span> <span class='ocrx_word' id='word_1_105' title='bbox 1970 1732 2448 1811; x_wconf 83' lang='grc' dir='ltr'>διακείσονται</span> <span class='ocrx_word' id='word_1_106' title='bbox 2498 1729 2646 1832; x_wconf 82' lang='grc' dir='ltr'>γὰρ</span> <span class='ocrx_word' id='word_1_107' title='bbox 2695 1726 3041 1832; x_wconf 76' lang='grc' dir='ltr'>μειζόνως</span> 
     </span>
     <span class='ocr_line' id='line_1_17' title="bbox 611 1851 3040 1961; baseline -0.001 -28"><span class='ocrx_word' id='word_1_108' title='bbox 611 1887 691 1934; x_wconf 93' lang='grc' dir='ltr'>τε</span> <span class='ocrx_word' id='word_1_109' title='bbox 740 1857 858 1933; x_wconf 85' lang='grc' dir='ltr'>καὶ</span> <span class='ocrx_word' id='word_1_110' title='bbox 899 1853 1429 1958; x_wconf 80' lang='grc' dir='ltr'>ἐρηρεισμένως,</span> <span class='ocrx_word' id='word_1_111' title='bbox 1469 1852 1580 1934; x_wconf 86' lang='grc' dir='ltr'>ὅτι</span> <span class='ocrx_word' id='word_1_112' title='bbox 1618 1853 1802 1939; x_wconf 80' lang='grc' dir='ltr'>Θεὸς</span> <span class='ocrx_word' id='word_1_113' title='bbox 1850 1852 2035 1934; x_wconf 76' lang='grc' dir='ltr'>κατὰ</span> <span class='ocrx_word' id='word_1_114' title='bbox 2080 1853 2312 1961; x_wconf 83' lang='grc' dir='ltr'>φύσιν</span> <span class='ocrx_word' id='word_1_115' title='bbox 2363 1856 2585 1950; x_wconf 81' lang='grc' dir='ltr'>ἐστὶν,</span> <span class='ocrx_word' id='word_1_116' title='bbox 2626 1851 2844 1933; x_wconf 76' lang='grc' dir='ltr'>οὐδὲν</span> <span class='ocrx_word' id='word_1_117' title='bbox 2891 1859 3040 1931; x_wconf 88' lang='grc' dir='ltr'>τῶν</span> 
     </span>
     <span class='ocr_line' id='line_1_18' title="bbox 609 1975 3036 2081; baseline 0 -24"><span class='ocrx_word' id='word_1_118' title='bbox 609 1976 1031 2076; x_wconf 82' lang='grc' dir='ltr'>μελλόντων</span> <span class='ocrx_word' id='word_1_119' title='bbox 1055 1976 1459 2081; x_wconf 87' lang='grc' dir='ltr'>ἠγνοηκότα</span> <span class='ocrx_word' id='word_1_120' title='bbox 1484 1977 2188 2077; x_wconf 84' lang='grc' dir='ltr'>καταλαμβάνοντες.</span> <span class='ocrx_word' id='word_1_121' title='bbox 2247 1975 2400 2058; x_wconf 76' lang='grc' dir='ltr'>ἰδοὺ</span> <span class='ocrx_word' id='word_1_122' title='bbox 2425 1985 2823 2080; x_wconf 85' lang='grc' dir='ltr'>τοιγαροῦν</span> <span class='ocrx_word' id='word_1_123' title='bbox 2847 2011 3036 2079; x_wconf 84' lang='grc' dir='ltr'>παρ-</span> 
     </span>
     <span class='ocr_line' id='line_1_19' title="bbox 607 2099 3035 2208; baseline 0 -28"><span class='ocrx_word' id='word_1_124' title='bbox 607 2100 835 2199; x_wconf 79' lang='grc' dir='ltr'>έσται,</span> <span class='ocrx_word' id='word_1_125' title='bbox 892 2104 1144 2208; x_wconf 81' lang='grc' dir='ltr'>φησὶν,</span> <span class='ocrx_word' id='word_1_126' title='bbox 1202 2101 1331 2182; x_wconf 79' lang='grc' dir='ltr'>οὐκ</span> <span class='ocrx_word' id='word_1_127' title='bbox 1393 2106 1491 2186; x_wconf 78' lang='grc' dir='ltr'>εἷς</span> <span class='ocrx_word' id='word_1_128' title='bbox 1560 2099 1846 2204; x_wconf 77' lang='grc' dir='ltr'>μακρὰν</span> <span class='ocrx_word' id='word_1_129' title='bbox 1911 2102 1953 2181; x_wconf 84' lang='grc' dir='ltr'><em>ὃ</em></span> <span class='ocrx_word' id='word_1_130' title='bbox 2018 2100 2289 2205; x_wconf 83' lang='grc' dir='ltr'>καιρὸς,</span> <span class='ocrx_word' id='word_1_131' title='bbox 2353 2107 2645 2199; x_wconf 78' lang='grc' dir='ltr'>μᾶλλον</span> <span class='ocrx_word' id='word_1_132' title='bbox 2710 2100 2797 2180; x_wconf 76' lang='grc' dir='ltr'>δὲ</span> <span class='ocrx_word' id='word_1_133' title='bbox 2856 2101 3035 2180; x_wconf 81' lang='grc' dir='ltr'>εἴσω</span> 
     </span>
     <span class='ocr_line' id='line_1_20' title="bbox 612 2223 3125 2332; baseline -0.002 -27"><span class='ocrx_word' id='word_1_134' title='bbox 612 2226 880 2325; x_wconf 79' lang='grc' dir='ltr'>βέβηκε</span> <span class='ocrx_word' id='word_1_135' title='bbox 939 2232 1198 2329; x_wconf 82' lang='grc' dir='ltr'>θυρῶν,</span> <span class='ocrx_word' id='word_1_136' title='bbox 1255 2224 1372 2305; x_wconf 88' lang='grc' dir='ltr'>ὅτε</span> <span class='ocrx_word' id='word_1_137' title='bbox 1447 2226 1638 2330; x_wconf 78' lang='grc' dir='ltr'>μόνον</span> <span class='ocrx_word' id='word_1_138' title='bbox 1710 2223 2015 2332; x_wconf 79' lang='grc' dir='ltr'>ἀφέντες</span> <span class='ocrx_word' id='word_1_139' title='bbox 2086 2223 2227 2331; x_wconf 79' lang='grc' dir='ltr'>ἐμὲ,</span> <span class='ocrx_word' id='word_1_140' title='bbox 2284 2223 2790 2305; x_wconf 80' lang='grc' dir='ltr'>ἀπελεύσεσθε</span> <span class='ocrx_word' id='word_1_141' title='bbox 2850 2224 3035 2326; x_wconf 84' lang='grc' dir='ltr'>πρὸς</span> <span class='ocrx_word' id='word_1_142' title='bbox 3060 2258 3125 2317; x_wconf 81' lang='lat'>¹⁵</span> 
     </span>
    </p>
   </div>
   <div class='ocr_carea' id='block_1_8' title="bbox 538 2343 3035 2452">
    <p class='ocr_par' dir='ltr' id='par_1_8' title="bbox 538 2343 3035 2452">
     <span class='ocr_line' id='line_1_21' title="bbox 538 2343 3035 2452; baseline 0.003 -25"><span class='ocrx_word' id='word_1_143' title='bbox 538 2361 581 2427; x_wconf 93' lang='lat' dir='ltr'>b</span> <span class='ocrx_word' id='word_1_144' title='bbox 607 2347 698 2429; x_wconf 66' lang='grc' dir='ltr'>ταὶ</span> <span class='ocrx_word' id='word_1_145' title='bbox 754 2343 931 2428; x_wconf 63' lang='grc' dir='ltr'>ἴδια..</span> <span class='ocrx_word' id='word_1_146' title='bbox 1011 2356 1224 2430; x_wconf 89' lang='grc' dir='ltr'>τοῦτο</span> <span class='ocrx_word' id='word_1_147' title='bbox 1279 2347 1372 2429; x_wconf 74' lang='grc' dir='ltr'>δέ</span> <span class='ocrx_word' id='word_1_148' title='bbox 1409 2351 1613 2429; x_wconf 83' lang='grc' dir='ltr'>ἐστιν</span> <span class='ocrx_word' id='word_1_149' title='bbox 1669 2348 2198 2452; x_wconf 81' lang='grc' dir='ltr'>εὖπεριστόλως</span> <span class='ocrx_word' id='word_1_150' title='bbox 2252 2356 2494 2446; x_wconf 89' lang='grc' dir='ltr'>ειπεῖν,</span> <span class='ocrx_word' id='word_1_151' title='bbox 2549 2348 2667 2430; x_wconf 90' lang='grc' dir='ltr'>ὅτε</span> <span class='ocrx_word' id='word_1_152' title='bbox 2726 2351 3035 2434; x_wconf 86' lang='grc' dir='ltr'>δειλίαις</span> 
     </span>
    </p>
   </div>
   <div class='ocr_carea' id='block_1_9' title="bbox 606 2469 3122 3365">
    <p class='ocr_par' dir='ltr' id='par_1_9' title="bbox 606 2469 3122 3324">
     <span class='ocr_line' id='line_1_22' title="bbox 606 2469 3024 2579; baseline 0 -26"><span class='ocrx_word' id='word_1_153' title='bbox 606 2470 978 2577; x_wconf 84' lang='grc' dir='ltr'>ἀνάνδροις</span> <span class='ocrx_word' id='word_1_154' title='bbox 1032 2472 1554 2575; x_wconf 82' lang='grc' dir='ltr'>κεκρατημένοι,</span> <span class='ocrx_word' id='word_1_155' title='bbox 1602 2469 1827 2573; x_wconf 88' lang='grc' dir='ltr'>μόνης</span> <span class='ocrx_word' id='word_1_156' title='bbox 1884 2477 2013 2574; x_wconf 88' lang='grc' dir='ltr'>τῆς</span> <span class='ocrx_word' id='word_1_157' title='bbox 2068 2474 2339 2553; x_wconf 81' lang='grc' dir='ltr'>ἑαυτῶν</span> <span class='ocrx_word' id='word_1_158' title='bbox 2396 2477 2644 2579; x_wconf 77' lang='grc' dir='ltr'>ψυχῆς</span> <span class='ocrx_word' id='word_1_159' title='bbox 2695 2473 3024 2576; x_wconf 83' lang='grc' dir='ltr'>προνοή-</span> 
     </span>
     <span class='ocr_line' id='line_1_23' title="bbox 607 2595 3032 2705; baseline -0 -27"><span class='ocrx_word' id='word_1_160' title='bbox 607 2632 803 2694; x_wconf 83' lang='grc' dir='ltr'>σετε,</span> <span class='ocrx_word' id='word_1_161' title='bbox 883 2601 1000 2678; x_wconf 78' lang='grc' dir='ltr'>καὶ</span> <span class='ocrx_word' id='word_1_162' title='bbox 1072 2596 1204 2698; x_wconf 82' lang='grc' dir='ltr'>τὴν</span> <span class='ocrx_word' id='word_1_163' title='bbox 1276 2603 1380 2705; x_wconf 76' lang='grc' dir='ltr'>τῷ</span> <span class='ocrx_word' id='word_1_164' title='bbox 1468 2595 1891 2705; x_wconf 77' lang='grc' dir='ltr'>διδασκάλῳ</span> <span class='ocrx_word' id='word_1_165' title='bbox 1977 2597 2570 2703; x_wconf 77' lang='grc' dir='ltr'>χρεωστουμένην</span> <span class='ocrx_word' id='word_1_166' title='bbox 2645 2599 3032 2698; x_wconf 82' lang='grc' dir='ltr'>ἀγάπησιν</span> 
     </span>
     <span class='ocr_line' id='line_1_24' title="bbox 608 2718 3032 2825; baseline 0 -24"><span class='ocrx_word' id='word_1_167' title='bbox 608 2720 909 2803; x_wconf 89' lang='grc' dir='ltr'>κατόπιν</span> <span class='ocrx_word' id='word_1_168' title='bbox 949 2727 1074 2821; x_wconf 85' lang='grc' dir='ltr'>τῆς</span> <span class='ocrx_word' id='word_1_169' title='bbox 1125 2724 1394 2802; x_wconf 81' lang='grc' dir='ltr'>ἑαυτῶν</span> <span class='ocrx_word' id='word_1_170' title='bbox 1429 2722 1793 2824; x_wconf 76' lang='grc' dir='ltr'>σωτηρίας</span> <span class='ocrx_word' id='word_1_171' title='bbox 1834 2719 2331 2822; x_wconf 90' lang='grc' dir='ltr'>ποιησάμενοι,</span> <span class='ocrx_word' id='word_1_172' title='bbox 2367 2718 2549 2825; x_wconf 76' lang='grc' dir='ltr'>πρὸς</span> <span class='ocrx_word' id='word_1_173' title='bbox 2597 2723 2884 2823; x_wconf 77' lang='grc' dir='ltr'>οὕσπερ</span> <span class='ocrx_word' id='word_1_174' title='bbox 2942 2719 3032 2801; x_wconf 80' lang='grc' dir='ltr'>ἀν</span> 
     </span>
     <span class='ocr_line' id='line_1_25' title="bbox 607 2842 3122 2953; baseline -0.003 -28"><span class='ocrx_word' id='word_1_175' title='bbox 607 2848 852 2949; x_wconf 78' lang='grc' dir='ltr'>εὕρητε</span> <span class='ocrx_word' id='word_1_176' title='bbox 902 2847 1360 2951; x_wconf 86' lang='grc' dir='ltr'>διοιχήσεσθε</span> <span class='ocrx_word' id='word_1_177' title='bbox 1408 2844 1695 2929; x_wconf 87' lang='grc' dir='ltr'>τόπους.</span> <span class='ocrx_word' id='word_1_178' title='bbox 1767 2851 1923 2927; x_wconf 90' lang='grc' dir='ltr'>πῶς</span> <span class='ocrx_word' id='word_1_179' title='bbox 1967 2846 2095 2926; x_wconf 78' lang='grc' dir='ltr'>οὖν</span> <span class='ocrx_word' id='word_1_180' title='bbox 2138 2844 2287 2953; x_wconf 68' lang='grc' dir='ltr'>ἄρτι</span> <span class='ocrx_word' id='word_1_181' title='bbox 2335 2842 2704 2943; x_wconf 74' lang='grc' dir='ltr'>πιστεύετε,</span> <span class='ocrx_word' id='word_1_182' title='bbox 2744 2850 2898 2924; x_wconf 87' lang='grc' dir='ltr'>τῶν</span> <span class='ocrx_word' id='word_1_183' title='bbox 2935 2851 3033 2930; x_wconf 79' lang='grc' dir='ltr'>εἷς</span> <span class='ocrx_word' id='word_1_184' title='bbox 3056 2879 3122 2920; x_wconf 80' lang='lat'>20</span> 
     </span>
     <span class='ocr_line' id='line_1_26' title="bbox 610 2966 3032 3076; baseline -0 -27"><span class='ocrx_word' id='word_1_185' title='bbox 610 2971 935 3072; x_wconf 86' lang='grc' dir='ltr'>ἀνδρείαν</span> <span class='ocrx_word' id='word_1_186' title='bbox 982 2970 1304 3075; x_wconf 79' lang='grc' dir='ltr'>ἐλέγχων</span> <span class='ocrx_word' id='word_1_187' title='bbox 1353 2970 1555 3049; x_wconf 76' lang='grc' dir='ltr'>οὔπω</span> <span class='ocrx_word' id='word_1_188' title='bbox 1608 2967 1738 3050; x_wconf 83' lang='grc' dir='ltr'>τὸν</span> <span class='ocrx_word' id='word_1_189' title='bbox 1793 2968 2039 3076; x_wconf 80' lang='grc' dir='ltr'>ψόγον</span> <span class='ocrx_word' id='word_1_190' title='bbox 2094 2966 2705 3072; x_wconf 60' lang='grc' dir='ltr'>διακρουσάμενος</span> <span class='ocrx_word' id='word_1_191' title='bbox 2765 2966 2890 3047; x_wconf 78' lang='grc' dir='ltr'>διὰ</span> <span class='ocrx_word' id='word_1_192' title='bbox 2946 2967 3032 3048; x_wconf 80' lang='grc' dir='ltr'>τὸ</span> 
     </span>
     <span class='ocr_line' id='line_1_27' title="bbox 607 3090 3032 3199; baseline -0 -25"><span class='ocrx_word' id='word_1_193' title='bbox 607 3091 826 3193; x_wconf 87' lang='grc' dir='ltr'>μήπω</span> <span class='ocrx_word' id='word_1_194' title='bbox 890 3099 1321 3199; x_wconf 85' lang='grc' dir='ltr'>μεταλαχεῖν</span> <span class='ocrx_word' id='word_1_195' title='bbox 1381 3097 1510 3193; x_wconf 87' lang='grc' dir='ltr'>τῆς</span> <span class='ocrx_word' id='word_1_196' title='bbox 1578 3090 1698 3173; x_wconf 77' lang='grc' dir='ltr'>διὰ</span> <span class='ocrx_word' id='word_1_197' title='bbox 1765 3095 2184 3193; x_wconf 80' lang='grc' dir='ltr'>Πνεύματος</span> <span class='ocrx_word' id='word_1_198' title='bbox 2250 3092 2682 3191; x_wconf 84' lang='grc' dir='ltr'>εὐτολμίας;</span> <span class='ocrx_word' id='word_1_199' title='bbox 2773 3090 2888 3171; x_wconf 86' lang='grc' dir='ltr'>ὅτι</span> <span class='ocrx_word' id='word_1_200' title='bbox 2953 3091 3032 3173; x_wconf 79' lang='grc' dir='ltr'>δὲ</span> 
     </span>
     <span class='ocr_line' id='line_1_28' title="bbox 611 3214 3023 3365; baseline -0 -68"><span class='ocrx_word' id='word_1_201' title='bbox 611 3215 1003 3321; x_wconf 81' lang='grc' dir='ltr'>ἐτράποντο</span> <span class='ocrx_word' id='word_1_202' title='bbox 1056 3251 1236 3321; x_wconf 91' lang='grc' dir='ltr'>προς</span> <span class='ocrx_word' id='word_1_203' title='bbox 1293 3214 1536 3365; x_wconf 78' lang='grc' dir='ltr'>φυγὴν</span> <span class='ocrx_word' id='word_1_204' title='bbox 1583 3222 1651 3297; x_wconf 82' lang='grc' dir='ltr'>οὶ</span> <span class='ocrx_word' id='word_1_205' title='bbox 1704 3214 2036 3320; x_wconf 88' lang='grc' dir='ltr'>μακάριοι</span> <span class='ocrx_word' id='word_1_206' title='bbox 2090 3218 2424 3316; x_wconf 79' lang='grc' dir='ltr'>μαθηταὶ,</span> <span class='ocrx_word' id='word_1_207' title='bbox 2469 3214 2600 3316; x_wconf 87' lang='grc' dir='ltr'>τὴν</span> <span class='ocrx_word' id='word_1_208' title='bbox 2643 3221 2796 3295; x_wconf 89' lang='grc' dir='ltr'>τῶν</span> <span class='ocrx_word' id='word_1_209' title='bbox 2827 3214 3023 3296; x_wconf 80' lang='lat' dir='ltr'>&#39;Iov-</span> 
     </span>
    </p>
   </div>
   <div class='ocr_carea' id='block_1_10' title="bbox 552 3337 3030 3446">
    <p class='ocr_par' dir='ltr' id='par_1_10' title="bbox 552 3337 3030 3446">
     <span class='ocr_line' id='line_1_29' title="bbox 552 3337 3030 3446; baseline -0.001 -26"><span class='ocrx_word' id='word_1_210' title='bbox 552 3364 589 3408; x_wconf 68' lang='grc' dir='ltr'><strong>ο</strong></span> <span class='ocrx_word' id='word_1_211' title='bbox 614 3341 831 3422; x_wconf 89' lang='grc' dir='ltr'>δαίων</span> <span class='ocrx_word' id='word_1_212' title='bbox 892 3342 1020 3422; x_wconf 81' lang='grc' dir='ltr'>οὐκ</span> <span class='ocrx_word' id='word_1_213' title='bbox 1073 3338 1474 3445; x_wconf 82' lang='grc' dir='ltr'>ἐνεγκόντες</span> <span class='ocrx_word' id='word_1_214' title='bbox 1528 3341 1814 3446; x_wconf 81' lang='grc' dir='ltr'>ἔφοδον,</span> <span class='ocrx_word' id='word_1_215' title='bbox 1880 3339 1998 3422; x_wconf 86' lang='grc' dir='ltr'>ὅτε</span> <span class='ocrx_word' id='word_1_216' title='bbox 2051 3344 2294 3443; x_wconf 84' lang='grc' dir='ltr'>παρῆν</span> <span class='ocrx_word' id='word_1_217' title='bbox 2348 3341 2390 3420; x_wconf 85' lang='grc' dir='ltr'>ὁ</span> <span class='ocrx_word' id='word_1_218' title='bbox 2453 3337 2837 3442; x_wconf 75' lang='grc' dir='ltr'>προδότης,</span> <span class='ocrx_word' id='word_1_219' title='bbox 2893 3338 3030 3438; x_wconf 79' lang='grc' dir='ltr'>τὴν</span> 
     </span>
    </p>
   </div>
   <div class='ocr_carea' id='block_1_11' title="bbox 604 3460 3194 4559">
    <p class='ocr_par' dir='ltr' id='par_1_11' title="bbox 604 3460 3194 4559">
     <span class='ocr_line' id='line_1_30' title="bbox 611 3460 3118 3569; baseline -0.002 -24"><span class='ocrx_word' id='word_1_220' title='bbox 611 3465 907 3545; x_wconf 88' lang='grc' dir='ltr'>ἀνόσιον</span> <span class='ocrx_word' id='word_1_221' title='bbox 941 3472 1088 3545; x_wconf 89' lang='grc' dir='ltr'>τῶν</span> <span class='ocrx_word' id='word_1_222' title='bbox 1132 3472 1597 3569; x_wconf 83' lang='grc' dir='ltr'>στρατιωτῶν</span> <span class='ocrx_word' id='word_1_223' title='bbox 1640 3462 2080 3566; x_wconf 84' lang='grc' dir='ltr'>ἐπαγόμενος</span> <span class='ocrx_word' id='word_1_224' title='bbox 2135 3471 2446 3567; x_wconf 88' lang='grc' dir='ltr'>σπεῖραν</span> <span class='ocrx_word' id='word_1_225' title='bbox 2489 3497 2607 3542; x_wconf 91' lang='grc' dir='ltr'>και</span> <span class='ocrx_word' id='word_1_226' title='bbox 2658 3460 2829 3548; x_wconf 74' lang='grc' dir='ltr'>τοὺς</span> <span class='ocrx_word' id='word_1_227' title='bbox 2879 3471 3028 3544; x_wconf 85' lang='grc' dir='ltr'>τῶν</span> <span class='ocrx_word' id='word_1_228' title='bbox 3054 3494 3118 3553; x_wconf 80' lang='lat'>25</span> 
     </span>
     <span class='ocr_line' id='line_1_31' title="bbox 609 3584 3027 3694; baseline -0 -26"><span class='ocrx_word' id='word_1_229' title='bbox 609 3589 1022 3691; x_wconf 82' lang='grc' dir='ltr'>ἡγουμένων</span> <span class='ocrx_word' id='word_1_230' title='bbox 1078 3589 1449 3691; x_wconf 78' lang='grc' dir='ltr'>ὑπηρέτας,</span> <span class='ocrx_word' id='word_1_231' title='bbox 1505 3585 1899 3687; x_wconf 81' lang='grc' dir='ltr'>οὐδαμόθεν</span> <span class='ocrx_word' id='word_1_232' title='bbox 1953 3589 2389 3694; x_wconf 85' lang='grc' dir='ltr'>ἀμφίλογον.</span> <span class='ocrx_word' id='word_1_233' title='bbox 2477 3589 2664 3692; x_wconf 79' lang='grc' dir='ltr'>μὸνον</span> <span class='ocrx_word' id='word_1_234' title='bbox 2727 3584 2809 3665; x_wconf 78' lang='grc' dir='ltr'>δὲ</span> <span class='ocrx_word' id='word_1_235' title='bbox 2857 3587 3027 3667; x_wconf 83' lang='grc' dir='ltr'>τότε</span> 
     </span>
     <span class='ocr_line' id='line_1_32' title="bbox 610 3708 3030 3818; baseline 0 -27"><span class='ocrx_word' id='word_1_236' title='bbox 610 3712 1183 3792; x_wconf 86' lang='grc' dir='ltr'>καταλελοίπασι</span> <span class='ocrx_word' id='word_1_237' title='bbox 1240 3709 1370 3791; x_wconf 81' lang='grc' dir='ltr'>τὸν</span> <span class='ocrx_word' id='word_1_238' title='bbox 1428 3709 1786 3815; x_wconf 88' lang='grc' dir='ltr'>Χριστόν·</span> <span class='ocrx_word' id='word_1_239' title='bbox 1884 3713 2074 3818; x_wconf 71' lang='grc' dir='ltr'>μόνον</span> <span class='ocrx_word' id='word_1_240' title='bbox 2145 3711 2222 3792; x_wconf 80' lang='grc' dir='ltr'>δὲ</span> <span class='ocrx_word' id='word_1_241' title='bbox 2293 3710 2554 3817; x_wconf 72' lang='grc' dir='ltr'>φαμὲν,</span> <span class='ocrx_word' id='word_1_242' title='bbox 2609 3708 2798 3789; x_wconf 86' lang='grc' dir='ltr'>ὅσον</span> <span class='ocrx_word' id='word_1_243' title='bbox 2855 3710 3030 3811; x_wconf 75' lang='grc' dir='ltr'>ἧκεν</span> 
     </span>
     <span class='ocr_line' id='line_1_33' title="bbox 609 3830 3024 3938; baseline -0 -23"><span class='ocrx_word' id='word_1_244' title='bbox 609 3840 824 3915; x_wconf 77' lang='grc' dir='ltr'>εἰπεῖν</span> <span class='ocrx_word' id='word_1_245' title='bbox 877 3839 976 3918; x_wconf 79' lang='grc' dir='ltr'>εἷς</span> <span class='ocrx_word' id='word_1_246' title='bbox 1028 3830 1112 3914; x_wconf 75' lang='grc' dir='ltr'>τὸ</span> <span class='ocrx_word' id='word_1_247' title='bbox 1167 3841 1492 3938; x_wconf 88' lang='grc' dir='ltr'>παρεῖναι</span> <span class='ocrx_word' id='word_1_248' title='bbox 1553 3834 1824 3934; x_wconf 69' lang='grc' dir='ltr'>μηδένα</span> <span class='ocrx_word' id='word_1_249' title='bbox 1887 3840 2032 3915; x_wconf 88' lang='grc' dir='ltr'>τῶν</span> <span class='ocrx_word' id='word_1_250' title='bbox 2089 3832 2396 3914; x_wconf 78' lang='grc' dir='ltr'>ἕπεσθαί</span> <span class='ocrx_word' id='word_1_251' title='bbox 2442 3867 2518 3914; x_wconf 89' lang='grc' dir='ltr'>τε</span> <span class='ocrx_word' id='word_1_252' title='bbox 2575 3835 2694 3912; x_wconf 81' lang='grc' dir='ltr'>καὶ</span> <span class='ocrx_word' id='word_1_253' title='bbox 2742 3867 3024 3935; x_wconf 88' lang='grc' dir='ltr'>προσε-</span> 
     </span>
     <span class='ocr_line' id='line_1_34' title="bbox 609 3953 3028 4064; baseline 0 -26"><span class='ocrx_word' id='word_1_254' title='bbox 609 3956 879 4059; x_wconf 80' lang='grc' dir='ltr'>δρεύειν</span> <span class='ocrx_word' id='word_1_255' title='bbox 930 3957 1279 4038; x_wconf 81' lang='grc' dir='ltr'>εἶωθότων</span> <span class='ocrx_word' id='word_1_256' title='bbox 1333 3959 1550 4064; x_wconf 76' lang='grc' dir='ltr'>αὐτῷ’</span> <span class='ocrx_word' id='word_1_257' title='bbox 1630 3953 1848 4056; x_wconf 89' lang='grc' dir='ltr'>μόνος</span> <span class='ocrx_word' id='word_1_258' title='bbox 1908 3956 2053 4059; x_wconf 80' lang='grc' dir='ltr'>γὰρ</span> <span class='ocrx_word' id='word_1_259' title='bbox 2111 3959 2239 4037; x_wconf 83' lang='grc' dir='ltr'>οὐκ</span> <span class='ocrx_word' id='word_1_260' title='bbox 2293 3953 2406 4056; x_wconf 87' lang='grc' dir='ltr'>ἦν,</span> <span class='ocrx_word' id='word_1_261' title='bbox 2462 3955 2642 4036; x_wconf 77' lang='grc' dir='ltr'>καθὸ</span> <span class='ocrx_word' id='word_1_262' title='bbox 2699 3958 2896 4042; x_wconf 78' lang='grc' dir='ltr'>Θεὸς</span> <span class='ocrx_word' id='word_1_263' title='bbox 2954 3965 3028 4040; x_wconf 87' lang='grc' dir='ltr'>ἐκ</span> 
     </span>
     <span class='ocr_line' id='line_1_35' title="bbox 610 4078 3194 4188; baseline 0.001 -26"><span class='ocrx_word' id='word_1_264' title='bbox 610 4087 803 4162; x_wconf 88' lang='grc' dir='ltr'>Θεοῦ</span> <span class='ocrx_word' id='word_1_265' title='bbox 850 4083 968 4163; x_wconf 81' lang='grc' dir='ltr'>καὶ</span> <span class='ocrx_word' id='word_1_266' title='bbox 1013 4084 1088 4162; x_wconf 85' lang='grc' dir='ltr'>ἐν</span> <span class='ocrx_word' id='word_1_267' title='bbox 1123 4085 1291 4188; x_wconf 76' lang='grc' dir='ltr'>Θεῷ</span> <span class='ocrx_word' id='word_1_268' title='bbox 1314 4087 1667 4186; x_wconf 70' lang='grc' dir='ltr'>,φυσικῶς</span> <span class='ocrx_word' id='word_1_269' title='bbox 1701 4114 1779 4161; x_wconf 88' lang='grc' dir='ltr'>τε</span> <span class='ocrx_word' id='word_1_270' title='bbox 1833 4085 1951 4160; x_wconf 86' lang='grc' dir='ltr'>καὶ</span> <span class='ocrx_word' id='word_1_271' title='bbox 2005 4078 2480 4165; x_wconf 89' lang='grc' dir='ltr'>ἀδιαστάτως·</span> <span class='ocrx_word' id='word_1_272' title='bbox 2556 4083 3021 4184; x_wconf 78' lang='grc' dir='ltr'>ἀνθρωπινῶ-</span> <span class='ocrx_word' id='word_1_273' title='bbox 3047 4118 3112 4176; x_wconf 81' lang='grc' dir='ltr'>3ο</span> <span class='ocrx_word' id='word_1_274' title='bbox 3193 4179 3194 4184; x_wconf 9' lang='lat'>¹</span> 
     </span>
     <span class='ocr_line' id='line_1_36' title="bbox 604 4200 3026 4313; baseline -0.001 -25"><span class='ocrx_word' id='word_1_275' title='bbox 604 4241 814 4311; x_wconf 92' lang='grc' dir='ltr'>τερον</span> <span class='ocrx_word' id='word_1_276' title='bbox 863 4206 951 4286; x_wconf 78' lang='grc' dir='ltr'>δέ</span> <span class='ocrx_word' id='word_1_277' title='bbox 988 4239 1143 4288; x_wconf 91' lang='grc' dir='ltr'>πως</span> <span class='ocrx_word' id='word_1_278' title='bbox 1192 4208 1309 4284; x_wconf 83' lang='grc' dir='ltr'>καὶ</span> <span class='ocrx_word' id='word_1_279' title='bbox 1344 4211 1560 4283; x_wconf 88' lang='grc' dir='ltr'>τοῦτο</span> <span class='ocrx_word' id='word_1_280' title='bbox 1597 4203 1684 4283; x_wconf 85' lang='grc' dir='ltr'>δι’</span> <span class='ocrx_word' id='word_1_281' title='bbox 1725 4203 1912 4304; x_wconf 81' lang='grc' dir='ltr'>ἡμᾶς</span> <span class='ocrx_word' id='word_1_282' title='bbox 1960 4203 2379 4313; x_wconf 82' lang='grc' dir='ltr'>ἐφθέγξατο</span> <span class='ocrx_word' id='word_1_283' title='bbox 2410 4200 2767 4307; x_wconf 69' lang='grc' dir='ltr'>Χριστὸς,</span> <span class='ocrx_word' id='word_1_284' title='bbox 2803 4208 3026 4286; x_wconf 85' lang='grc' dir='ltr'>ἐκεῖνο</span> 
     </span>
     <span class='ocr_line' id='line_1_37' title="bbox 1037 4412 3019 4486; baseline 0 -14"><span class='ocrx_word' id='word_1_285' title='bbox 1037 4412 3019 4486; x_wconf 54' lang='lat' dir='ltr'>cEwFEdmgoodemeEd.1o.6cMwE6wxceossd.</span> 
     </span>
     <span class='ocr_line' id='line_1_38' title="bbox 608 4484 3016 4559; baseline -0.001 -15"><span class='ocrx_word' id='word_1_286' title='bbox 608 4490 694 4544; x_wconf 87' lang='lat'>18.</span> <span class='ocrx_word' id='word_1_287' title='bbox 728 4485 1253 4543; x_wconf 75' lang='grc' dir='ltr'>τοῦδιδασκάλουΕ.</span> <span class='ocrx_word' id='word_1_288' title='bbox 1487 4500 1680 4555; x_wconf 76' lang='lat'>19-21.</span> <span class='ocrx_word' id='word_1_289' title='bbox 1715 4485 2284 4555; x_wconf 67' lang='grc' dir='ltr'>ἃν-διακρουσάμενοι</span> <span class='ocrx_word' id='word_1_290' title='bbox 2305 4502 2417 4543; x_wconf 86' lang='lat' dir='ltr'>om.</span> <span class='ocrx_word' id='word_1_291' title='bbox 2445 4484 2512 4541; x_wconf 87' lang='lat' dir='ltr'>E.</span> <span class='ocrx_word' id='word_1_292' title='bbox 2752 4503 2847 4559; x_wconf 76' lang='lat'>23.</span> <span class='ocrx_word' id='word_1_293' title='bbox 2883 4490 3016 4559; x_wconf 63' lang='lat' dir='ltr'>‘&#39;rpi-</span> 
     </span>
    </p>
   </div>
   <div class='ocr_carea' id='block_1_12' title="bbox 601 4558 854 4614">
    <p class='ocr_par' dir='ltr' id='par_1_12' title="bbox 601 4558 854 4614">
     <span class='ocr_line' id='line_1_39' title="bbox 601 4558 854 4614; baseline -0.013 1"><span class='ocrx_word' id='word_1_294' title='bbox 601 4558 854 4614; x_wconf 70' lang='grc' dir='ltr'>πουτοΕ.</span> 
     </span>
    </p>
   </div>
   <div class='ocr_carea' id='block_1_13' title="bbox 3192 4225 3195 4740">
    <p class='ocr_par' dir='ltr' id='par_1_13' title="bbox 3192 4225 3195 4740">
     <span class='ocr_line' id='line_1_40' title="bbox 3192 4225 3195 4740; baseline 0 0"><span class='ocrx_word' id='word_1_295' title='bbox 3192 4225 3195 4740; x_wconf 95' lang='lat' dir='ltr'> </span> 
     </span>
    </p>
   </div>
  </div>
 </body>
</html>
