3238 5158
617 325 749 391 504
792 424 801 429 ι
1225 331 1303 397 Β.
1352 330 1773 397 CYBILLI
1833 330 2417 398 ALEXANDR.
2765 329 3034 407 xitu-

556 499 599 564 d
622 490 961 594 ῥημάτων
997 494 1044 594 ἡ
1080 495 1477 581 παίδευσις.
1554 494 1796 597 ἐπειδὴ
1835 494 1911 576 δὲ
1961 500 2091 595 τῆς
2142 497 2484 598 ἀληθείας
2528 493 2667 594 ἤδη
2704 498 3032 591 διαλαμ-

622 613 926 715 πούσης,
963 616 1297 721 περιττὸν
1334 618 1422 721 ἦν
1457 617 1562 700 ἔτι
1610 617 2091 721 κρατύνεσθαι
2141 617 2276 720 τὴν
2318 617 2556 716 σκιὰν,
2591 617 2832 698 οὐκέτι
2887 623 3042 702 τοῖς

622 746 933 834 νομικοῖς
966 741 1216 826 τύποις
1253 743 1768 824 πολιτεύεσθαι
1804 743 2202 844 ἐνομοθέτει
2225 739 2553 846 Χριστὸς
2586 739 2760 826 τοὺς
2793 774 3043 842 προσ-

623 859 858 948 ιόντας
903 866 1096 973 αὐτῷ
1140 866 1261 946 διὰ
1309 870 1437 968 τῆς
1483 867 1823 954 πίστεως.
1897 876 2114 948 τοῦτο
2149 867 2318 949 λίαν
2353 865 2603 947 ἐλύπει
2638 863 2812 949 τοὺς
2845 866 3039 946 Ἰου-

624 986 887 1087 δαίους,
924 985 1152 1097 ᾤοντό
1197 1024 1274 1071 τε
1325 989 1438 1072 ὅτι
1470 988 1600 1073 τὸν
1637 994 1939 1098 ἀρχαῖον
1974 991 2415 1072 καταλύσων
2450 988 2671 1089 νόμον
2687 989 3042 1090 .ἐπιδεδὴ-
3065 1012 3100 1071 5

290 1095 538 1225 §ffffitg
625 1145 850 1211 μηκεν
883 1114 927 1193 ὃ
959 1112 1309 1217 Χριστος,
1344 1116 1574 1197 καίτοι
1609 1115 1999 1221 διαῤῥήδην
2027 1122 2353 1212 βοῶντος
2385 1115 2768 1199 ἀκούοντες
2807 1125 2854 1162 “
2877 1116 3047 1194 Οὐκ

627 1233 983 1392 “ἦλθονα
973 1247 1384 1319 καταλῦσαι
1432 1273 1561 1319 τον
1605 1238 1850 1339 νόμον,
1887 1237 2089 1320 ἀλλά
2139 1244 2556 1342 πληρῶσαι·
2633 1238 2840 1340 λέγω
2895 1237 3048 1343 γὰρ

628 1360 892 1459 “ὑμῖν,
943 1359 1055 1442 ὅτι
1102 1367 1278 1442 lerna
1319 1361 1398 1443 ἓν
1443 1360 1488 1464 ἢ
1538 1362 1669 1463 μία
1723 1363 1970 1467 κεραία
2023 1363 2108 1443 οὐ
2156 1360 2258 1464 μὴ
2308 1361 2642 1468 παρέλθῃ
2699 1397 2857 1443 mro
2912 1371 3046 1444 τοῦ

625 1484 953 1586 “νόμου,
988 1486 1120 1571 ἕως
1155 1484 1248 1568 ἀν
1281 1485 1522 1567 πάντα
1563 1486 1917 1589 γένηται.”
1975 1484 2342 1590 πλήρωμα
2375 1485 2520 1589 γὰρ
2555 1483 2704 1591 ἔχει
2739 1490 2877 1587 τῆς
2914 1494 3047 1567 τοῦ

624 1607 845 1708 νόμου
879 1615 1091 1694 σκιᾶς
1125 1611 1171 1712 ἡ
1215 1608 1402 1690 κατὰ
1454 1608 1804 1711 ἀλήθειαν
1837 1609 2052 1715 ἀρετὴ
2084 1608 2204 1691 διὰ
2236 1616 2385 1690 τῶν
2417 1614 2758 1712 Χριστοῦ
2797 1607 3043 1709 νόμων
3068 1640 3122 1681 10

625 1734 1239 1836 εἰσκεκομισμένη,
1319 1733 1647 1838 καθάπερ
1725 1735 1986 1837 ἀρτίως
2072 1732 2439 1836 ἐλέγομεν.
2554 1730 2806 1832 ἐπειδὴ
2899 1734 3042 1837 γὰρ

287 1856 895 2004 ἓι.21ὶοω.ἆκρίτω
958 1862 1163 1965 θυμῷ
1226 1855 1786 1959 διωλισθηκότες
1848 1893 1948 1943 εις
2010 1855 2396 1954 ἀπείθειαν,
2452 1858 2569 1936 καὶ
2636 1889 2735 1940 εις
2806 1854 3042 1959 ζῆλον

628 1977 854 2065 ἰόντες
904 1988 1033 2061 τοῦ
1087 1980 1310 2081 νόμου
1354 1984 1438 2063 οὐ
1486 1984 1638 2063 κατ’
1677 1982 2092 2085 ἐπίγνωσιν,
2128 1984 2559 2085 συνηγορεῖν
2601 1976 2910 2060 ἐδόκουν
2944 1979 3042 2088 τᾷ

627 2100 825 2211 νόμῳ
876 2101 971 2183 τὰ
1025 2102 1142 2185 διὰ
1185 2109 1519 2209 Χριστοῦ
1570 2103 2137 2210 παρωθούμενοι,
2175 2103 2295 2186 δια
2346 2111 2563 2185 τοῦτο
2616 2105 3034 2209 χρησίμως,

625 2226 742 2307 ἵνα
776 2225 877 2327 μὴ
915 2228 1157 2331 δοκοίη
1193 2264 1345 2311 τισι
1382 2264 1666 2315 καινους
1697 2263 1896 2316 τινας
1948 2227 1995 2332 ἢ
2047 2229 2261 2313 ἰδίους
2307 2227 2508 2330 παρὰ
2555 2260 2694 2327 την
2726 2229 3040 2308 ἐνοῦσαν
3063 2250 3117 2306 ¹5

626 2347 991 2452 βούλησιν
1044 2358 1147 2461 τῷ
1204 2359 1373 2462 Θεῷ
1436 2357 1552 2435 καὶ
1612 2357 1852 2457 Πατρὶ
1909 2352 2233 2458 διορίζειν
2289 2350 2572 2452 νόμους,
2630 2351 3040 2455 ἀναγκαίως

295 2497 524 2557 886Δ.
566 2512 602 2554 a
628 2474 1009 2578 ἐπήνεγκεν
1053 2476 1165 2558 ὅτι
1213 2487 1243 2561 ὁ
1300 2478 1507 2584 λόγος
1561 2479 1627 2560 ὀν
1682 2477 1957 2561 ἀκούετε
2015 2484 2135 2559 οὐκ
2192 2477 2367 2558 ἔστιν
2422 2473 2585 2586 ε’μὶς
2650 2473 2872 2557 ἀλλα.
2933 2512 3038 2556 του

626 2595 1048 2709 πέμψαντὸς
1099 2639 1216 2709 με.

744 2723 880 2825 Μὴ
917 2724 1062 2831 γὰρ
1099 2726 1188 2828 δή
1226 2762 1334 2812 τις
1369 2719 1629 2808 οἶέσθω
1666 2729 1857 2836 φησὶ
1893 2731 2042 2808 τῶν
2076 2723 2528 2828 προσιόντων
2562 2724 2718 2823 ἐμοὶ
2754 2720 2882 2802 διὰ
2917 2726 3040 2822 τῆς

627 2848 965 2949 πίστεως,
1020 2854 1118 2935 ὡς
1172 2849 1464 2959 ἀπῳδόν
1516 2884 1678 2931 τινα
1732 2847 1963 2951 λόγον
2014 2847 2466 2949 ἐποιησάμην
2519 2854 2625 2956 τῷ
2687 2848 2868 2955 Θεῷ
2926 2849 3040 2926 καὶ
3061 2885 3114 2926 20

633 2973 896 3076 Πατρί’
975 2976 1193 3056 αὐτοῦ
1247 2974 1476 3056 πάλιν
1530 2978 1650 3055 καὶ
1704 2975 1842 3080 οὐχ
1905 2975 2146 3079 ἑτέρου
2204 2971 2292 3053 τὸ
2353 2970 2832 3075 εὐαγγελικόν
2883 2973 3039 3050 ἐστι

629 3093 983 3199 κήρυγμα,
1041 3100 1171 3179 οὐκ
1232 3096 1790 3203 ἐρυθριάσαντος
1852 3096 2102 3201 ὥσπερ
2167 3098 2282 3178 ἐπὶ
2340 3103 2490 3182 τοῖς
2548 3095 3041 3200 ἀρχαιοτέρας

630 3226 947 3320 θεσμοῖς,
983 3223 1155 3303 ἀλλ’
1194 3221 1436 3305 οὐδὲο
1391 3258 1489 3308 ως
1528 3230 1655 3303 νῦν
1693 3221 2087 3328 ηὑρημένης
2122 3224 2252 3320 τῆς
2294 3217 2659 3321 ἀμείνονος
2705 3220 3035 3317 ἐντολῆς,

628 3346 956 3430 ἀλλ’ὡς
1007 3348 1083 3427 ε’ν
1137 3351 1361 3456 καιρῷ
1414 3353 1518 3455 τῷ
1571 3345 1801 3428 δέοντι
1852 3344 2555 3445 μεταπεπλασμένου
2613 3348 2745 3422 τοῦ
2813 3340 3041 3423 τύπου

627 3501 809 3570 προς
857 3467 1221 3569 ἀλήθειαν.
1303 3473 1344 3550 ὃ
1381 3469 1526 3575 γὰρ
1561 3472 1790 3551 ἐκεῖνα
1826 3466 2168 3570 λαλήσας
2205 3468 2292 3549 δι’
2332 3469 2507 3566 εμοῦ
2543 3471 2692 3549 τοῖς
2733 3467 3037 3571 ἀρχαιο·
3063 3493 3121 3552 ²5

559 3596 603 3660 b
628 3592 856 3694 τέροις
890 3591 1073 3690 τότε,
1110 3596 1226 3673 καὶ
1260 3602 1489 3674 ταῦτα
1525 3597 1678 3674 νυνὶ
1716 3592 1899 3696 πρὸς
1945 3595 2154 3694 ὑμᾶς·
2221 3589 2466 3692 Λόγος
2515 3588 2660 3694 γάρ
2710 3594 2862 3687 εἶμι
2907 3588 3042 3692 §rw

627 3720 755 3814 τῆς
805 3724 934 3795 τοῦ
982 3721 1174 3796 Θεοῦ
1222 3719 1341 3797 καὶ
1378 3716 1672 3819 Πατρὸς
1728 3715 2041 3822 ἀρῥήτου
2096 3712 2465 3816 θελήσεως
2518 3710 3040 3823 ἐρμηνευτικός,

292 3858 377 3908 Es-
397 3856 466 3910 ix·
485 3855 535 3908 6-
630 3836 740 3918 διὸ
776 3841 895 3920 καὶ
932 3839 1279 3940 κέκλημαι
1316 3850 1359 3887 “
1387 3840 1746 3943 Μεγάλης
1778 3844 2059 3939 βουλῆς
2095 3838 2483 3943 ἅγγελος.”

728 3960 839 4043 *H
879 3961 1024 4068 γὰρ
1060 3961 1244 4044 κατὰ
1278 3972 1536 4046 τοῦτον
1570 3964 1700 4047 τὸν
1734 3963 2008 4069 τρόπον
2041 3961 2470 4071 ἐκδεξόμεθα
2503 3958 2590 4041 τὸ
2636 3961 3036 4064 εἰρημένον,

629 4089 818 4193 φημὶ
882 4087 958 4169 δὲ
1017 4086 1101 4169 τό
1155 4089 1245 4171 ‘0
1300 4091 1507 4194 λόγος
1570 4091 1636 4172 ὃν
1689 4089 1966 4171 ἀκούετε
2026 4094 2146 4170 οὐκ
2204 4088 2378 4168 ἔστιν
2434 4084 2598 4194 ἕμὶς
2661 4083 2878 4165 ιὶλλῖι
2934 4086 3121 4166 τῶ30

629 4201 1043 4320 πέμψαντός
1076 4248 1168 4319 με
1208 4212 1497 4323 Πατρὶς,
1534 4211 1760 4316 ἤγουν
1797 4216 1915 4294 καὶ
1950 4209 2203 4316 ἑτέρως
2251 4207 2633 4311 νοῆσομεν.
2715 4215 2849 4288 τοῦ
2898 4206 3040 4311 γὰρ

631 4337 825 4415 Θεοῦ
851 4338 967 4415 καὶ
998 4334 1291 4441 Πατρός
1318 4336 1443 4419 τὸν
1468 4338 1723 4418 ἑαυτοῦ
1749 4338 1968 4441 λόγον
1990 4338 2242 4443 φησὶν,
2256 4334 2376 4414 ἵνα
2404 4338 2470 4413 οὶ
2499 4331 2631 4431 μὲν
2659 4337 3039 4433 τηροῦντες

701 4504 753 4558 8.
791 4505 941 4576 κερέα
966 4504 1030 4561 Ε.
1204 4507 1285 4560 18.
1323 4503 1413 4576 με]
1448 4513 1504 4571 4-
1538 4507 1745 4576 Πατρός
1769 4503 1914 4560 Catt.
2085 4519 2171 4558 2ο.
2207 4502 2407 4558 ἀποδόν
2431 4500 2496 4556 Ε.
2663 4514 2749 4565 24.
2785 4496 3033 4570 πρέποντι

633 4574 774 4630 Catt.
993 4575 1079 4630 26.
1116 4597 1244 4631 ποτε
1272 4575 1413 4630 Catt.
1632 4591 1719 4647 27.
1757 4576 2063 4645 ἑρμηνευτὴς
2091 4574 2233 4629 Catt.
2449 4586 2539 4643 32.
2575 4568 2638 4625 ἵν’
2667 4570 2733 4625 Ε.
