3238 5158
219 323 352 390 viii.
378 345 487 409 42.
614 329 729 393 IN
793 330 860 396 S.
910 331 1426 397 JOANNEM.
1519 332 1710 397 LIB.
1745 333 1827 398 V.
1919 335 2126 399 CAP.
2160 334 2241 398 V.
2547 336 2629 394 85

225 492 511 595 ἑτέροις,
553 495 880 599 ἁρμόσει.
960 495 1105 598 ἐγὼ
1161 496 1252 578 τὰ
1308 497 1680 579 κάλλιστα
1731 499 2315 596 συμβουλεύσων
2364 497 2451 603 ἐξ
2501 498 2624 575 οὐ·

226 626 449 718 ρανοῦ
484 620 968 723 παραγέγονα,
1010 627 1124 702 καὶ
1170 622 1353 725 πρὸς
1400 621 1531 723 τὴν
1567 632 1698 702 τοῦ
1732 629 1926 704 Θεοῦ
1960 621 2350 730 μόρφωσιν
2385 628 2632 700 καλῶν

230 744 414 838 ὑμᾶς
465 745 505 822 ὁ
556 742 724 844 ἐμὸς
774 745 1172 848 εὑρίσκεται
1208 745 1454 848 λόγος.
1531 749 1701 826 ἀλλ’
1743 747 1936 849 εἴπερ
1973 746 2060 847 ἦν
2097 747 2320 830 ὅντως
2358 748 2522 843 ὑμῖν
2557 745 2632 825 ἐν
2655 779 2690 818 a
2740 766 2871 820 553
2889 763 2971 820 A.

230 871 520 972 σπουδῇ
557 871 675 948 καὶ
710 866 915 976 πόθῳ
954 869 1036 949 τὸ
1073 870 1259 974 ἔχειν
1294 870 1569 973 πατέρα
1603 870 1733 950 τὸν
1772 869 1984 969 Θεὸν,
2021 871 2310 954 πάντως
2357 869 2466 950 ὅτι
2515 872 2633 949 καὶ

165 1012 201 1074 5
229 990 670 1090 ἠγαπήσατέ
724 1027 834 1091 με,
892 992 1019 1072 τὸν
1075 998 1202 1093 τῆς
1261 994 1590 1094 τοιαύτης
1652 998 1819 1074 ὁδοῦ
1878 998 1993 1074 καὶ
2045 993 2459 1095 καθηγητὴν
2516 997 2632 1073 καὶ

230 1113 701 1213 διδάσκαλον,
740 1115 865 1196 τὸν
901 1118 1188 1198 διδόντα
1226 1123 1352 1216 τῆς
1388 1117 1574 1220 πρὸς
1614 1117 1745 1198 τὸν
1782 1118 1906 1197 ἕνα
1959 1120 2078 1197 καὶ
2127 1120 2417 1217 ἀληθῶς
2452 1114 2636 1197 Υὶὸν

228 1236 644 1339 ὁμοιότητος
730 1239 861 1324 τὰς
943 1240 1301 1346 ἀφορμὰς,
1374 1239 1500 1320 τὸν
1581 1244 2076 1322 ἀποτελοῦντα
2153 1238 2635 1345 συμμόρφους

225 1361 460 1469 ἑαυτῷ
525 1361 642 1442 διὰ
698 1372 830 1444 τοῦ
880 1365 1138 1468 Ἀγίου
1197 1365 1621 1463 Πνεύματος
1682 1363 1845 1451 τοῦς
1905 1365 2323 1469 δεχομένους
2389 1364 2627 1445 αὐτόν.

226 1485 273 1564 ὁ
330 1483 409 1566 δὲ
460 1486 675 1586 ὅλως,
727 1491 980 1594 φησὶν,
1030 1486 1400 1589 οἰκειότητι
1452 1496 1544 1593 τῇ
1597 1487 1781 1593 πρὸς
1839 1487 2030 1570 Θεὸν
2080 1491 2438 1594 ἐπαυχῶν,
2478 1496 2636 1574 πῶς

125 1643 203 1683 10
230 1614 361 1692 οὐκ
398 1610 489 1692 ἂν
527 1610 866 1715 ἠγάπησε
902 1613 1034 1694 τὸν
1066 1612 1266 1717 παρὰ
1304 1619 1540 1712 Θεοῦ;
1602 1620 1760 1698 πῶς
1797 1612 1943 1715 γὰρ
1986 1614 2144 1695 εἶπέ
2183 1647 2302 1711 μοι
2347 1612 2636 1713 τιμήσει

229 1734 318 1816 τὸ
393 1735 686 1841 δένδρον
753 1740 793 1816 ὁ
858 1736 988 1818 τὸν
1051 1738 1141 1844 ἐξ
1202 1740 1420 1818 αὐτοῦ
1482 1736 1914 1840 γεννηθέντα
1976 1735 2253 1840 καρπὸν
2317 1736 2636 1837 ἀνοήτως

228 1862 906 1961 ἐκμυσαττόμενος;
971 1872 1015 1909 “
1039 1859 1149 1942 Ἢ
1215 1863 1474 1960 τοίνυν,
1528 1865 1739 1967 φησὶ,
1790 1862 2143 1962 ποιήσατε
2201 1859 2287 1943 τὸ
2344 1862 2636 1964 δένδρον
2725 1875 2975 1991 &Matth-

233 1997 281 2034 ‘⁴
317 1986 548 2068 καλὸν
586 1988 702 2067 καὶ
740 1984 868 2067 τὸν
907 1985 1184 2089 καρπὸν
1221 1987 1438 2067 αὐτοῦ
1475 1984 1724 2083 καλὸν,
1754 1984 1800 2088 ἢ
1837 1987 2189 2087 ποιήσατε
2225 1982 2310 2068 τὸ
2347 1987 2637 2090 δένδρον
2662 2005 2704 2071 b
2800 1979 2813 1992 ⁸
2842 1955 2923 2005 ³3⁸

230 2122 279 2159 “
317 2108 609 2214 σαπρὸν
668 2113 784 2190 καὶ
850 2108 978 2189 τὸν
1038 2108 1316 2212 καρπὸν
1376 2111 1593 2190 αὐτοῦ
1658 2110 2019 2214 σαπρόν.”
2116 2111 2369 2190 οὐκοῦν
2428 2117 2488 2189 εὶ
2553 2108 2637 2190 τὸ

120 2258 203 2320 ¹5
233 2236 527 2338 δένδρον
583 2234 879 2338 εὐγενὲς,
927 2234 1317 2330 τουτέστιν,
1364 2236 1403 2313 ὁ
1461 2233 1649 2319 Θεὸς
1707 2239 1825 2314 καὶ
1880 2233 2159 2337 Πατὴρ,
2206 2236 2321 2315 καὶ
2377 2232 2508 2334 τὴν
2556 2235 2645 2342 ἐξ

231 2362 454 2440 αὐτοῦ
508 2358 989 2463 λαμπρότητα
1041 2364 1197 2442 ταῖς
1251 2361 1521 2438 ἑαυτῶν
1571 2364 1920 2465 κεφαλαῖς
1974 2361 2354 2439 ἐπαντλεῖν
2408 2359 2632 2460 ἐγνώ·

230 2519 426 2583 κατε,
482 2484 600 2564 διὰ
661 2484 738 2563 τί
795 2482 897 2584 μὴ
963 2486 1080 2563 καὶ
1142 2480 1271 2562 τὸν
1326 2482 1414 2590 ἐξ
1475 2483 1710 2577 αὐτοῦ,
1754 2481 2030 2585 καρπὸν
2084 2491 2406 2562 τοιοῦτον
2462 2479 2636 2562 εἶναι

228 2609 758 2693 πιστεύσαντες
812 2605 1292 2709 ἠγαπήσατε;
1367 2610 1546 2700 ὁμοῦ
1568 2652 1575 2659 =
1600 2617 1985 2710 τοιγαροῦν
2034 2608 2118 2688 τὸ
2173 2610 2635 2711 προκείμενον

231 2737 353 2815 καὶ
401 2733 658 2837 πικρὸν
704 2733 848 2839 ἔχει
902 2729 1085 2834 πρὸς
1117 2732 1506 2816 Ἰουδαίους
1554 2731 1681 2811 τὸν
1726 2726 2058 2837 ἔλεγχον·
2141 2733 2434 2813 δεικνύει
2490 2731 2635 2836 γὰρ

112 2888 203 2929 20
234 2856 745 2965 ψευδομένους.
808 2855 926 2936 ὅτε
964 2852 1107 2959 γὰρ
1143 2855 1420 2957 πατέρα
1457 2862 1704 2934 καλεῖν
1728 2854 1920 2935 Θεὸν
1954 2857 2412 2961 ἐπιχειροῦσι,
2439 2857 2636 2937 πολύ

229 3016 306 3063 τι
359 2987 487 3082 τῆς
542 2985 796 3085 ἀρετῆς
851 2987 997 3060 τῶν
1046 2985 1142 3064 εἷς
1197 2986 1409 3058 τοῦτο
1466 2978 1919 3079 κεκλημένων
1973 2978 2464 3085 ἀφεστηκότες
2519 2977 2635 3061 διὰ
2660 3012 2697 3055 ο

228 3115 364 3188 τοῦ
400 3104 501 3206 μὴ
537 3110 829 3210 ἀγαπᾶν
864 3102 992 3184 τὸν
1027 3107 1106 3184 ἐκ
1142 3109 1334 3184 Θεοῦ
1370 3100 1556 3182 κατὰ
1589 3101 1844 3206 φύσιν·
1911 3104 2092 3202 ὁμοῦ
2136 3102 2215 3183 δὲ
2258 3102 2636 3209 χρησίμως

231 3237 353 3312 καὶ
401 3235 528 3331 τῆς
579 3229 891 3335 ἀῤῥήτου
938 3225 1341 3330 γεννήσεως
1389 3223 1706 3333 εἰσφέρει
1742 3224 1876 3327 τὴν
1909 3228 2218 3329 μνήμην,
2255 3230 2373 3309 ἵνα
2406 3227 2637 3309 πάλιν

232 3357 371 3437 κάν
431 3355 663 3462 τούτῳ
729 3356 1264 3448 δυσσεβοῦντες
1327 3351 1803 3449 ἁλίσκωνται,
1866 3356 2180 3454 δυσγενῆ
2239 3354 2358 3433 καὶ
2422 3352 2638 3432 νόθον

106 3499 200 3561 25
230 3483 772 3562 ἀποκαλοῦντες
816 3472 1055 3557 αὐτόν.
1133 3482 1194 3555 εὶ
1240 3474 1371 3575 μὲν
1410 3475 1536 3554 οὖν
1571 3475 1657 3554 τὸ
1706 3476 1945 3578 λέγειν
1977 3475 2164 3579 Ἐγὼ
2203 3479 2281 3557 ἐκ
2317 3480 2427 3558 τοῦ
2463 3480 2637 3558 Θεοῦ

230 3600 511 3711 ἐξῆλθον,
558 3601 692 3703 τὴν
747 3603 825 3682 ἐκ
884 3597 1179 3702 Πατρὸς
1233 3599 1546 3704 ἅῤῥητόν
1599 3634 1677 3680 τε
1734 3603 1851 3680 καὶ
1914 3600 2233 3707 ἄναρχον
2291 3602 2633 3703 γέννησιν

228 3732 485 3809 ἑαυτοῦ
539 3726 900 3826 σημαίνει·
980 3723 1065 3804 τὸ
1121 3725 1209 3803 δέ
1239 3721 1445 3804 ’Ἠκω
1498 3728 1932 3827 προστιθεὶς,
1988 3725 2122 3825 τὴν
2175 3728 2251 3806 ἐν
2304 3731 2485 3831 τῷδε
2529 3729 2632 3833 τῷ

228 3850 490 3961 κόσμῳ
551 3848 872 3954 πάροδον
932 3845 1065 3950 τὴν
1131 3846 1312 3945 μετὰ
1376 3851 1671 3952 σαρκός.
1773 3852 1890 3929 καὶ
1954 3851 2039 3929 οὐ
2104 3849 2334 3950 δήπου
2401 3852 2632 3956 φησὶν

227 3979 466 4057 ἔναντι
531 3980 650 4057 καὶ
716 3981 1007 4077 πρῶτον
1061 3969 1220 4052 τότε
1276 3974 1354 4052 ἐκ
1412 3977 1604 4052 Θεοῦ
1666 3976 1782 4053 καὶ
1841 3973 2134 4077 Πατρὸς
2195 3972 2631 4080 ἀναλάμψαι

308 4195 355 4234 1.
393 4175 810 4248 συμβουλεῦσων
836 4178 900 4234 Β.
929 4176 1112 4233 Holet.
1139 4175 1514 4247 συμβουλεῦων
1539 4175 1687 4231 Aub.
1954 4196 2007 4245 4.
2043 4179 2247 4235 πάντως
2269 4177 2350 4233 ὅτι
2375 4177 2536 4233 habet
2562 4178 2628 4233 Β.

221 4251 429 4308 πάντως
451 4250 516 4304 ἂν
539 4247 624 4319 ἧγ.
646 4249 861 4304 abbrev.
888 4266 938 4304 a.
1159 4263 1242 4318 15.
1280 4249 1339 4317 ἐξ
1362 4248 1521 4302 αὐτοῦ
1549 4247 1614 4301 Β.
1647 4247 1743 4303 Ht.
1770 4248 1955 4303 ἑαυτοῦ
1979 4249 2123 4304 Aub.
2278 4266 2365 4316 24.
2401 4250 2627 4320 δυσγενῆ

228 4322 297 4377 Β.
323 4322 565 4390 δυσσεβῆ
594 4320 692 4376 Ht.
717 4318 818 4373 Ed.
1084 4334 1171 4390 25.
1208 4318 1254 4372 εἶ
1275 4319 1374 4387 μὲν
1396 4316 1489 4373 οὖν
1510 4320 1572 4373 τὸ
1601 4318 1666 4373 Β.
1697 4318 1794 4373 Ht.
1821 4319 1878 4374 ἐν
1898 4320 1994 4388 μὲν
2016 4318 2108 4375 οὖν
2129 4322 2202 4392 τῷ
2228 4337 2257 4374 e
2285 4319 2404 4374 Cat.
2430 4329 2525 4432 Ιὶιθῐπ
2517 4319 2625 4375 vid.

222 4442 373 4497 Aub.
399 4453 453 4496 et
476 4441 552 4496 ita
574 4458 621 4496 a.
816 4438 903 4495 26.
938 4441 1097 4496 αὐτοῦ
1118 4438 1362 4512 γέννησιν
1385 4459 1434 4496 a.
1638 4457 1725 4507 29.
1762 4441 1929 4495 ἔναντι
1953 4442 2036 4496 καὶ
2059 4441 2219 4497 edidi.
2243 4442 2533 4496 ἐναντισκαι
2563 4440 2627 4495 Β.

221 4515 345 4567 ἕνον
378 4534 430 4567 τι
466 4515 585 4568 τότε
623 4512 707 4567 καὶ
746 4510 844 4566 Ht.
980 4534 999 4566 ι
1033 4514 1152 4566 τότε
1187 4512 1272 4567 καὶ
1307 4512 1452 4568 Aub.
1525 4516 1563 4541 “
1584 4510 1774 4567 Malim
1812 4512 1869 4566 ἐν
1903 4512 2141 4587 ἇγχίστφ
2177 4535 2231 4568 τε
2269 4513 2398 4568 καὶ”
2430 4511 2627 4582 Ηογοο.

226 4584 476 4640 Fortasse
500 4583 668 4638 ἔναντι
692 4585 809 4638 τότε
846 4604 908 4636 κα
955 4582 1095 4652 (τότε
1120 4583 1343 4638 alterum
1372 4582 1600 4652 delens).
