3238 5158
610 295 742 358 384
1205 295 1281 359 B.
1331 291 1748 359 cYRILLI
1810 292 2392 358 ALEXANDR.
2757 292 2908 358 nii.
2935 312 3050 378 34.

609 492 719 557 με,
775 461 891 538 καὶ
946 459 1082 563 οὐχ
1137 457 1487 562 εὑρήσετέ
1530 485 1641 560 με·
1720 466 1869 543 τοῖς
1924 457 2151 561 γεμὴν
2201 460 2453 538 ἑαυτοῦ
2505 463 2902 557 μαθηταῖς,
2957 454 3050 535 τό

611 580 941 674 Ζητήσετέ
980 618 1071 686 με
1115 580 1340 680 μόνον
1378 586 1634 686 φησὶν,
1672 585 2067 689 ἀποσιωπᾷ
2123 580 2198 661 δὲ
2253 578 2669 684 πρεπόντως
2727 580 2819 659 τό
2865 582 3048 683 Οὐχ

610 703 968 809 εὑρήσετε·
1041 694 1157 786 καὶ
1216 707 1335 787 διὰ
1386 712 1602 790 ποίαν
1652 712 1930 808 αἰτίαν;
2001 707 2305 814 ἁρμόσει
2353 709 2485 810 μὲν
2534 707 2680 810 γὰρ
2736 709 3046 790 ἐκείνοις

610 828 696 909 τὸ
731 829 833 928 μὴ
871 832 1221 934 εὑρίσκειν
1258 831 1498 933 αὐτὸν,
1538 834 1658 915 διά
1702 868 1780 915 τε
1830 834 1961 934 τὴν
1997 834 2308 938 ἄμετρον
2342 836 2691 913 ἀπιστίαν
2727 834 2856 912 καὶ
2903 837 3045 931 τῆς

610 961 708 1039 εἷς
765 956 984 1035 αὐτὸν
1041 960 1471 1053 δυσσεβείας
1524 957 1660 1060 τὴν
1715 957 2149 1063 ὑπερβολήν·
2222 967 2371 1041 τοῖς
2426 956 2504 1039 δὲ
2554 956 2879 1061 γνήσιον
2935 963 3042 1039 εἷς
3073 978 3118 1036 5

611 1078 830 1162 αὐτὸν
865 1080 1118 1186 ἔχουσι
1167 1082 1252 1163 τὸ
1303 1081 1647 1189 φρόνημα
1695 1086 1812 1165 καὶ
1857 1082 2360 1184 ἀκαπήλευτον
2396 1082 2857 1162 ἀποσῶσασι
2895 1081 3046 1181 τὴν

612 1201 1005 1306 ἀγάπησιν,
1035 1209 1267 1287 οὐκέτι
1298 1209 1719 1310 πρεπόντως
1756 1209 1848 1288 ἂν
1886 1207 2171 1310 λέγοιτο
2206 1205 2292 1288 τό
2329 1209 2495 1313 Οὐχ
2530 1208 2897 1311 εὑρήσετέ
2916 1245 3038 1308 με.

544 1336 590 1402 d
613 1334 845 1429 συνῆν
880 1331 1024 1436 γὰρ
1062 1334 1319 1432 αὐτοῖς,
1359 1336 1474 1413 καὶ
1513 1332 1861 1414 συνέσται
1898 1333 2016 1413 διὰ
2052 1331 2345 1416 παντός.

511 1608 588 1666 34
642 1598 966 1665 Ἐντολιὶν
1022 1601 1250 1666 καινήν
1305 1600 1541 1677 δίδωμι
1595 1597 1762 1682 ὑμῖν,
1815 1600 1921 1666 ἴνα
1978 1601 2272 1676 &rendre
2324 1599 2676 1665 ἀλλήλους·
2760 1600 2995 1665 καθὼς

797 1725 929 1799 ferd>
982 1726 1285 1801 ιῖιΓάπι-ισα
1342 1729 1530 1809 ὑμᾶς,
1582 1727 1689 1792 ἵνα
1748 1727 1854 1792 καὶ
1907 1724 2087 1802 ὑμεῖς
2138 1727 2434 1801 ἀγαπᾶτε
2488 1726 2844 1791 ἀλλήλους.
3072 1742 3150 1781 10

728 1892 998 1971 Καλῶς
1075 1922 1152 1967 τε
1239 1926 1355 1970 και
1427 1894 1719 1991 ἀληθῶς
1793 1891 1833 1970 ὁ
1907 1889 2295 1975 θεσπέσιος
2366 1888 2634 2042 γράφει
2711 1895 3034 1974 Παῦλος

277 2016 487 2145 {ffuv-
612 2020 655 2057 ‘⁶
680 2006 922 2090 ’Ὠστε
979 2010 1046 2090 εἴ
1092 2047 1198 2096 τις
1254 2016 1329 2093 ἐν
1372 2020 1701 2123 Χριστῷ,
1756 2012 1960 2115 καινὴ
2018 2016 2291 2165 κτίσιςᾷ
2347 2012 2439 2093 τὰ
2493 2017 2759 2118 ἀρχαῖα
2812 2049 3024 2115 παρ-

611 2139 935 2233 “ἣλθεν,
999 2133 1150 2216 ἶδου
1210 2172 1462 2241 γεγονε
1536 2137 1628 2218 τὰ
1700 2137 1939 2220 πάντα
2013 2136 2269 2219 καινα.’
2274 2136 2793 2240 ’ἀνακαινίζει
2868 2138 3028 2240 γὰρ

610 2259 816 2358 ἡμᾶς,
876 2263 996 2340 καὶ
1062 2262 1501 2342 ἀναπλάττει
1565 2263 1838 2368 τρόπον
1893 2260 2052 2343 τινὰ
2107 2262 2289 2367 πρὸς
2355 2263 2735 2361 καινότητα
2795 2262 3017 2365 ζωῆς,

549 2422 585 2465 e
610 2387 883 2484 ἀστιβῆ
924 2385 998 2466 δὲ
1035 2391 1151 2467 καὶ
1188 2395 1336 2472 τοῖς
1374 2388 1637 2473 ἄλλοις
1675 2389 1757 2468 οὐ
1802 2388 2287 2492 τετριμμένην,
2326 2388 2529 2473 ὅσοις
2571 2385 2655 2468 τὸ
2701 2389 2776 2465 ἐν
2815 2386 3022 2496 νόμῳ
3060 2430 3134 2487 15

611 2509 1123 2592 πολιτεύεσθαι
1190 2513 1431 2620 φίλον,
1494 2516 1611 2594 καὶ
1674 2519 1828 2597 ταῖς
1892 2511 2007 2593 διὰ
2071 2512 2448 2597 Μωυσέως
2506 2513 3024 2616 προσεδρεύειν

271 2644 513 2775 {fb-vii·
612 2636 952 2720 ἐντολαῖς.
1034 2644 1298 2717 τελειοῖ
1330 2634 1464 2738 μὲν
1499 2636 1643 2742 γὰρ
1696 2639 1736 2717 ὁ
1789 2635 2005 2736 νόμος
2054 2636 2278 2736 οὐδὲν,
2315 2636 2498 2717 κατὰ
2546 2634 2630 2716 τὸ
2679 2671 3010 2739 γεγραμ-

609 2760 843 2859 μένον·
908 2760 1421 2866 πληρέστατον
1471 2760 1546 2842 δὲ
1600 2765 1730 2862 τῆς
1787 2768 1885 2845 εἰς
1942 2762 2134 2842 Θεὸν
2188 2762 2554 2857 εὐσεβείας
2607 2758 2692 2841 τὸ
2748 2762 3018 2862 μέτρον

608 2886 685 2964 ἐν
727 2893 873 2972 τοῖς
925 2895 1054 2966 τοῦ
1103 2891 1438 2990 Σωτῆρος
1485 2887 1688 2986 ἡμῶν
1736 2888 2009 2967 κατίδοι
2061 2921 2166 2971 τις
2222 2884 2313 2965 ἀν
2348 2885 2811 2988 διατάγμασι.
2892 2885 3015 2963 διὰ

267 3012 516 3131 ξῑξέξῡὴ·
609 3008 754 3182 γὰρ
792 3019 1025 3163 τοῦτο)
1041 3014 1157 3090 καὶ
1198 3008 1410 3096 αὐτός
1459 3046 1603 3091 που
1651 3008 1835 3114 πρὸς
1885 3013 2072 3112 ἡμᾶς
2107 3007 2250 3090 ὧδέ
2285 3046 2388 3111 πη
2427 3011 2659 3116 φησίν
2697 3020 2738 3056 “
2767 3009 3010 3110 Ἀμὴν
3044 3050 3127 3091 20

611 3133 880 3233 “ἀμὴν
929 3137 1123 3237 λέγω
1180 3138 1345 3235 ὑμῖν
1395 3134 1517 3215 ε’ὰν
1567 3132 1667 3233 μὴ
1723 3134 2179 3241 περισσεύσῃ
2234 3135 2278 3233 ἡ
2337 3134 2752 3235 δικαιοσύνη
2810 3137 3009 3231 ὑμῶν

608 3266 941 3339 “πλεῖον
987 3267 1131 3340 τῶν
1172 3260 1654 3362 γραμματέων
1700 3294 1818 3339 και
1870 3253 2311 3363 Φαρισαίων,
2351 3260 2434 3339 οὐ
2483 3255 2585 3358 μὴ
2633 3257 3007 3357 εἰσελθητε

268 3396 503 3456 75οΔ.
546 3413 583 3453 a
610 3392 654 3430 “
690 3416 785 3467 εις
840 3381 974 3482 τὴν
1027 3386 1418 3479 βασιλείαν
1472 3390 1619 3465 τῶν
1668 3385 2033 3486 οὐρανῶν.
2116 3419 2201 3463 ου
2255 3381 2399 3486 γὰρ
2454 3390 2602 3467 τοῖς
2645 3384 3010 3462 Ἰουδαίων

607 3508 1086 3607 ἀμιλλώμεθα
1125 3506 1439 3611 τρόποις,
1480 3510 1651 3588 ἀλλ
1693 3544 1752 3588 ει
1788 3508 1889 3607 μὴ
1927 3544 2043 3589 και
2080 3506 2380 3616 σφόδρα
2421 3507 3010 3611 παραδράμοιμεν

603 3629 737 3730 τὴν
772 3633 849 3711 ἐν
896 3629 1093 3739 νόμῳ
1145 3631 1629 3732 δικαιοσύνην,
1668 3634 1796 3713 οὐκ
1847 3631 1940 3712 ἀν
1984 3629 2187 3733 οἶααί
2226 3667 2406 3713 ποτε
2454 3629 2634 3735 πρὸς
2687 3628 2819 3731 τὴν
2862 3637 3008 3710 τῶν
3038 3663 3120 3724 25

604 3757 924 3859 οὐρανῶν
964 3753 1376 3835 εἰσελάσειν
1411 3756 1596 3855 ἡμᾶς
1645 3758 2058 3851 βασιλείαν.
2134 3759 2253 3836 καὶ
2303 3758 2437 3862 οὐχ
2487 3759 2584 3839 ὡς
2635 3755 3008 3860 ἄχρηστον

602 3888 977 3964 παντελῶς
1035 3877 1079 3982 ἢ
1136 3877 1484 3981 ἀνόνητον
1540 3879 1669 3961 τὸν
1724 3881 1840 3961 διὰ
1901 3881 2279 3966 Μωυσέως
2332 3878 2508 3962 εἶναι
2565 3879 3006 3984 διοριζόμεθα

604 4003 845 4104 νόμον·
906 4005 1345 4105 εἶσκεκόμικε
1392 4005 1537 4110 γὰρ
1583 4006 1772 4105 ἡμῖν,
1813 4010 1872 4085 εἰ
1909 4009 2027 4085 καὶ
2062 4004 2165 4106 μὴ
2214 4007 2523 4104 τελείως,
2564 4004 2646 4085 τὸ
2692 4005 2998 4109 ἀγαθὸν,
3093 4109 3104 4118 Ι

603 4131 773 4210 ἀλλ’
814 4131 940 4210 οὖν
978 4165 1064 4232 γε
1099 4129 1564 4234 παιδαγωγὸς
1614 4133 1729 4210 ἐπὶ
1776 4128 1909 4230 τὴν
1944 4134 2073 4230 τῆς
2124 4131 2590 4234 εὖαγγελικῆς
2639 4132 3004 4214 πολιτείας

600 4256 999 4358 εὑρίσκεται
1058 4253 1402 4354 μάθησιν,
1462 4258 1581 4335 καὶ
1639 4256 1724 4335 δι’
1783 4254 2225 4357 αἰνιγμάτων
2281 4256 2397 4334 καὶ
2460 4252 2706 4334 τύπων
2769 4253 3003 4334 εἰκόνα
3030 4291 3108 4349 30

598 4382 729 4479 τῆς
765 4382 1082 4479 ἀληθοῦς
1117 4380 1487 4476 εὐσεβείας
1522 4379 1903 4488 εἰσφέρων,
1938 4378 2331 4487 ἐνεχάραξέ
2357 4413 2513 4463 πως
2548 4386 2702 4462 ταῖς
2746 4376 2994 4478 ἡμετέ-

529 4526 571 4593 b
598 4540 754 4610 ραις
806 4506 1143 4592 διανοίαις
1193 4509 1321 4606 τῆς
1370 4503 1486 4584 διὰ
1530 4511 1864 4609 Χριστοῦ
1901 4505 2345 4596 παιδεύσεως
2395 4502 2528 4605 τὴν
2561 4502 2800 4585 σκιάν.
2882 4503 2998 4582 διὰ
