3238 5158
226 377 335 420 ιιι
359 376 468 443 49,
490 375 598 444 50.
797 363 914 427 IN
975 364 1044 428 s,
1091 364 1604 431 JOANNEM.
1697 364 1888 430 ΜΒ.
1938 364 2060 432 1x.
2493 363 2625 429 339

228 519 360 619 μὲν
396 522 623 625 οὐδὲν,
659 535 989 611 λαλεῖται
1024 527 1102 611 δὲ
1137 528 1338 634 παρὰ
1374 527 1691 634 Πατρὸς,
1717 533 1981 612 ἀδικεῖν
2016 529 2236 611 αὐτὸν
2272 529 2629 610 δύνασθαι

227 646 415 728 κατά
450 682 543 744 τι,
566 659 747 753 γοῦν
784 651 1002 752 ὅλως,
1042 652 1088 755 ἢ
1140 652 1326 735 κατὰ
1373 650 1503 735 τὸν
1536 658 1668 753 τῆς
1703 654 1955 740 οὐσίας
1991 657 2231 754 αὐτῆς,
2266 653 2493 757 ἤγουν
2530 659 2630 737 εἷς

227 769 435 877 ἀξίας
470 770 699 877 λόγον
733 780 862 877 τῆς
911 782 1368 882 θεοπρεποῦς·
1425 777 1629 859 ἀλλὰ
1674 786 1964 883 πρῶτον
2000 779 2131 879 μὲν
2166 781 2387 860 ἐκεῖνο
2438 782 2625 858 διεν-

241 898 610 993 θυμείσθω
663 934 741 980 τε
795 899 1045 1001 πάλιν,
1100 903 1219 981 καὶ
1274 905 1546 1006 λεγέτω
1603 906 1961 1007 ἐρομένοις
2013 904 2182 1004 ἡμῖν
2224 900 2425 1006 Ἀρα
2486 900 2631 1005 γὰρ

167 1046 203 1107 5
232 1016 527 1122 πρέπειν
563 1022 893 1124 οἶήσεταί
919 1059 1028 1111 τις
1070 1032 1174 1133 τῷ
1208 1060 1295 1128 γε
1350 1025 1541 1111 ὅλως
1589 1026 1744 1107 ὄντι
1792 1060 1870 1107 τε
1907 1032 2026 1107 καὶ
2063 1025 2417 1135 νοουμένῳ
2450 1023 2636 1106 κατὰ

238 1143 471 1249 φύσιν
509 1149 674 1255 Θεῷ
707 1144 792 1228 τὸ
828 1153 956 1250 τῆς
989 1150 1432 1257 προφητείας
1471 1149 1703 1250 ὄνομά
1738 1184 1816 1232 τε
1853 1154 1971 1232 καὶ
2004 1157 2355 1254 πρᾶγμα;
2406 1150 2639 1229 καίτοι

231 1277 649 1392 παστισοῦν
711 1268 906 1382 οἶμαι
982 1276 1101 1354 καὶ
1165 1280 1314 1353 τῶν
1387 1274 1557 1354 λίαν
1625 1276 1935 1380 εὐχερῶν
2000 1274 2447 1382 ἀποφήσειεν
2510 1270 2632 1369 ἂν,

232 1394 585 1474 ἀπίθανον
628 1392 803 1477 εἶναι
858 1399 1095 1501 λέγων
1144 1400 1676 1479 ἀποκαλεῖσθαι
1728 1399 2116 1507 προφήτην
2160 1397 2289 1479 τὸν
2332 1401 2408 1478 ἐν
2442 1431 2629 1500 προ-
2659 1420 2697 1463 θ

239 1515 502 1623 φήταις
549 1529 921 1603 λαλοῦντα
956 1522 1173 1603 Θεόν·
1249 1519 1463 1608 αὖτός
1514 1522 1662 1628 γὰρ
1709 1522 1999 1628 ὁράσεις
2053 1521 2408 1624 ἐπλήθυνε
2452 1517 2639 1602 κατὰ
2727 1525 2854 1641 ᾖξ’·
2870 1521 2965 1574 ¹³³·

134 1677 209 1722 ιο
233 1641 319 1722 τὸ
374 1644 889 1746 γεγραμμένον,
940 1649 1056 1727 καὶ
1107 1649 1186 1728 ἐν
1239 1650 1452 1753 χερσὶ
1504 1655 1905 1755 προφητῶν
1961 1647 2317 1748 ὦμοιῶθη.
2396 1642 2638 1744 ἐπειδὴ

234 1766 473 1848 τοίνυν
527 1766 612 1848 τὸ
666 1774 794 1871 τῆς
847 1773 1173 1857 δουλείας
1230 1771 1459 1873 ὄνομα
1518 1776 1638 1853 καὶ
1698 1777 1955 1878 σχῆμα
2019 1777 2148 1873 τῆς
2212 1770 2417 1875 πρὸς
2456 1770 2645 1870 ἡμᾶς

236 1890 651 1994 ὁμοιότητος
699 1896 1114 1995 ἀναλαβὼν,
1153 1897 1317 1976 καθ’
1355 1897 1708 2000 ἡμετέραν
1745 1898 2095 1996 ὁμοίωσιν
2132 1897 2404 1996 ἐκλήθη
2452 1928 2638 1996 προ-

241 2014 499 2121 φήτης,
538 2020 942 2122 ἀναγκαίως
977 2022 1171 2127 αὐτῷ
1207 2024 1324 2101 καὶ
1363 2018 1453 2101 τὰ
1488 2027 1595 2129 τῷ
1631 2020 1976 2129 προφήτῃ
2025 2020 2393 2124 πρέποντα
2436 2051 2639 2123 περι-

242 2140 548 2221 τέθεικεν
584 2144 625 2222 ὅ
662 2141 898 2244 νόμος,
926 2144 1282 2244 τουτέστι,
1307 2144 1394 2225 τὸ
1429 2147 1791 2226 πυθέσθαι
1823 2180 1895 2226 τι
1929 2143 2132 2248 παρὰ
2164 2151 2294 2226 τοῦ
2331 2140 2648 2247 Πατρὸς,

137 2287 212 2349 15
245 2266 497 2360 ἐντολήν
554 2301 631 2347 τε
694 2270 1066 2376 εἰληφέναι
1127 2274 1202 2350 τί
1261 2271 1423 2376 εἴπῃ
1477 2273 1595 2349 καὶ
1650 2273 1718 2351 τί
1769 2272 2085 2377 >santia-y.
2190 2265 2373 2373 πρὸς
2427 2266 2514 2348 δέ
2565 2300 2649 2368 γε
2675 2297 2713 2339 a
2768 2280 2983 2341 ’117Α-

244 2387 479 2498 τούτῳ
552 2393 831 2472 κάκεῖνο
896 2397 1116 2473 εἰπεῖν
1181 2391 1523 2493 οἰήσομαι
1587 2398 1755 2474 δεῖν·
1832 2395 1908 2473 ἐν
1960 2400 2214 2500 πολλῇ
2276 2391 2652 2499 προλήψει

242 2511 621 2617 γεγονότες
661 2513 989 2599 Ἰουδαῖοι
1042 2520 1206 2622 περὶ
1253 2517 1389 2600 τὸν
1444 2514 1693 2618 νόμον,
1750 2522 2217 2618 λελαλῆσθαι
2269 2514 2471 2621 παρὰ
2524 2523 2654 2597 τοῦ
2680 2551 2709 2591 -·,

244 2642 438 2720 Θεοῦ
491 2640 954 2726 πιστεύοντες
1003 2639 1245 2742 αὐτὸν,
1287 2642 1417 2723 οὐκ
1471 2640 1562 2721 ἂν
1603 2642 2093 2749 παρεδέξαντο
2138 2650 2268 2722 τοῦ
2317 2644 2657 2743 Σωτῆρος

245 2760 414 2848 τοὺς
469 2763 758 2867 λόγους,
807 2772 908 2850 εἰς
959 2765 1445 2868 πνευματικὴν
1495 2766 1840 2870 λατρείαν
1884 2765 2515 2866 μεταπλάττοντος
2565 2762 2660 2843 τὰ

131 2924 217 2965 80
246 2884 477 2968 πάλαι
513 2888 969 2993 διωρισμένα.

364 3015 512 3093 Καὶ
544 3015 651 3098 τίς
696 3014 743 3114 ἡ
792 3013 1167 3123 πρόφασις
1214 3023 1345 3096 τοῦ
1392 3013 1495 3116 μὴ
1545 3014 1781 3095 θέλειν
1817 3011 2073 3099 αὐτοῦς
2108 3012 2663 3121 παραδέξασθαι

249 3136 381 3218 τὸν
435 3144 530 3223 εἰς
593 3139 938 3240 ἀλήθειαν
989 3145 1137 3219 τῶν
1200 3138 1447 3220 τύπων
1511 3138 2104 3250 μεταπλασμόν;
2192 3139 2321 3218 οὐκ
2386 3134 2664 3244 ᾔδεσαν

254 3260 441 3342 κατὰ
491 3261 724 3368 φύσιν
760 3262 935 3343 ὄντα
982 3260 1197 3362 Θεὸν,
1233 3264 1404 3343 ἀλλ’
1446 3262 1607 3343 οὐδὲ
1659 3259 1853 3369 εἶχον
1897 3268 1995 3346 εἶς
2046 3271 2237 3360 νοῦν,
2274 3261 2386 3343 ὅτι
2420 3258 2662 3364 Λόγος
2680 3276 2727 3342 b

251 3383 356 3488 ὧν
391 3394 521 3467 τοῦ
571 3384 866 3491 Πατρὸς
916 3387 957 3467 ὅ
1011 3383 1436 3490 Μονογενὴς
1485 3384 1618 3489 τὴν
1664 3385 2017 3491 ἡμετέραν
2062 3387 2149 3466 δι’
2189 3385 2375 3486 ἡμᾶς
2421 3383 2657 3494 πεφό-

135 3541 220 3603 ⁸5
254 3543 413 3614 ρεκε
468 3509 736 3615 σάρκα·
816 3509 864 3613 ἢ
920 3509 1066 3615 γὰρ
1120 3508 1211 3591 ἂν
1260 3511 1465 3596 εὐθὺς
1521 3510 2011 3594 ὑποπεσόντες
2056 3514 2244 3618 Θεῷ,
2280 3505 2466 3614 πρὸς
2519 3516 2668 3591 πᾶν

249 3634 493 3713 ὁτιοῦν
537 3637 897 3738 ἀμελλητὶ
951 3632 1481 3734 μεθιστάμενοι,
1518 3634 1652 3735 τὴν
1705 3636 1899 3743 αὐτῷ
1950 3630 2372 3737 πρέπουσαν
2425 3631 2659 3734 διετή-

253 3791 501 3860 ρησαν
536 3758 784 3867 δόξαν.
857 3757 1084 3870 ᾤοντο
1141 3759 1218 3840 δὲ
1270 3765 1565 3859 μᾶλλον
1622 3765 1770 3840 τῶν
1814 3759 1980 3839 καθ’
2024 3760 2208 3859 ἡμᾶς
2256 3762 2322 3837 οἶ
2372 3758 2670 3838 δείλαιοι

263 3880 609 3987 ὑπάρχειν
641 3883 786 3980 ἕνα,
825 3886 942 3964 καὶ
977 3885 1358 3988 ἄνθρωπον
1392 3882 1569 3963 ὄντα
1601 3880 1842 3990 ψιλὸν
1880 3885 2247 3988 φρονῆσαι
2282 3889 2666 3980 τοσοῦτον,

253 4010 354 4091 ὡς
410 4010 528 4087 καὶ
580 4005 836 4093 αὐτοῦς
888 4008 1264 4112 ἐπιχειρεῖν
1306 4003 1472 4092 τοῦς
1526 4004 1731 4110 παρὰ
1785 4015 1914 4087 τοῦ
1970 4010 2164 4086 Θεοῦ
2212 4008 2331 4084 καὶ
2379 4002 2673 4108 Πατρὸς

129 4168 223 4228 39
251 4128 653 4234 παραλύειν
709 4130 989 4231 νόμους.
1081 4136 1199 4210 καὶ
1256 4139 1437 4233 γοῦν
1496 4132 1754 4230 ἀνέδην
1818 4130 2147 4237 ἔφασκον
2207 4125 2392 4231 πρὸς
2456 4127 2674 4210 αὐτόν

145 4334 156 4342 .
254 4264 302 4303 “
341 4258 524 4357 Περὶ
570 4264 800 4337 καλοῦ
851 4256 1066 4360 ἔργου
1112 4256 1198 4335 οὐ
1249 4253 1633 4359 λιθάζομέν
1681 4288 1794 4352 σε,
1834 4251 2038 4334 ἀλλὰ
2089 4254 2254 4357 περὶ
2305 4258 2666 4358 βλασφη-
2766 4264 2932 4330 Supra
2948 4279 3000 4313 ¹·

257 4388 307 4426 ‘⁶
342 4378 532 4477 μίας,
596 4378 708 4460 ὅτι
781 4379 883 4460 σὺ
947 4379 1325 4483 ἅνθρωπος
1389 4376 1490 4459 ὧν
1551 4384 1778 4463 ποιεῖς
1841 4374 2153 4458 σεαυτὸν
2208 4374 2472 4456 Θεόν.”
2558 4371 2677 4453 διὰ
2697 4417 2734 4459 ο
2760 4344 2843 4393 ³3·

245 4586 262 4597 .
341 4555 389 4593 1.
424 4540 581 4593 λαλεῖ
603 4540 668 4593 τὰ
691 4539 748 4594 δὲ
774 4538 840 4595 Ε.
1054 4538 1108 4596 6.
1143 4539 1197 4594 τί
1219 4556 1319 4610 pro
1342 4539 1403 4593 τὸ
1428 4539 1495 4595 Ε.
1720 4552 1805 4609 15.
1843 4536 2069 4607 λαλήσει
2094 4535 2161 4592 Ε.
2387 4550 2475 4601 24.
2508 4533 2679 4604 πεφό·

260 4631 388 4681 ρηκε
413 4608 719 4665 emendavit
744 4610 951 4682 Migne.
1168 4626 1256 4680 30.
1291 4609 1474 4679 ἀνέδην
1497 4610 1565 4666 Ε.
1589 4609 1805 4679 ἇναίδην
1829 4608 1939 4665 Ed.

1377 4712 1567 4759 xx2
