3238 5158
196 356 551 423 xvi.8-11.
625 358 741 425 IN
805 360 872 425 S.
921 359 1435 429 JOANNEM.
1527 362 1721 428 LIB.
1769 361 1853 429 X.
1944 361 2152 428 CAP.
2198 361 2296 428 ΙΙ.
2474 362 2598 427 621

198 537 246 572 “
282 523 546 612 πάντες
632 528 1284 637 ἀνακεκαλυμμένῳ
1367 528 1747 637 προσώπῳ
1820 529 1954 630 τὴν
2029 529 2253 637 δόξαν
2333 529 2605 632 Κυρίου

198 650 925 755 “κατοπτριᾷ>’μενοι,
976 652 1111 754 τὴν
1170 653 1394 754 αὐτὴν
1447 651 1683 734 εἰκόνα
1742 653 2399 766 μεταμορφουμεθα
2456 650 2602 735 ἀπὸ

198 785 244 823 “
281 774 501 884 δόξης
555 783 652 861 εἶς
709 773 957 883 δόξαν,
1016 774 1340 880 καθάπερ
1394 774 1539 857 ἀπὸ
1582 779 1852 882 Κυρίου
1911 780 2353 879 Πνεύματος’
2429 779 2470 858 5
2529 775 2605 857 δὲ

197 912 245 951 “
286 899 555 1004 Κύριος
623 899 709 981 τὸ
787 897 1091 998 Πνεῦμά
1163 902 1412 982 ἐστιν.’
1521 902 1695 1009 ὁρᾷς
1771 902 1883 983 ὅτι
1964 900 2448 1002 μεταπλάττει
2519 901 2605 982 τὸ

122 1050 170 1111 5
199 1030 509 1125 Πνεῦμα
554 1059 737 1128 προς
785 1025 1031 1129 ἑτέραν
1067 1059 1316 1129 ωσπερ
1358 1022 1592 1106 εἰκόνα
1644 1061 1809 1111 τους
1862 1029 1937 1108 ἐν
1981 1025 2086 1112 οἷς
2137 1025 2229 1109 ἀν
2276 1029 2604 1135 φαίνοιτο

196 1148 737 1247 καταυλισθέν;
825 1151 1220 1250 μεθίστησι
1290 1148 1433 1254 γάρ
1508 1148 1824 1235 εὐκόλως
1888 1152 2034 1233 ἀπὸ
2105 1160 2235 1232 τοῦ
2310 1158 2603 1259 φρονεῖν
2627 1167 2672 1233 b

196 1271 474 1353 ἐθέλειν
508 1272 603 1353 τά
651 1274 767 1355 ἐπὶ
810 1277 936 1373 τῆς
974 1277 1111 1376 γῆς
1147 1279 1245 1358 εὶς
1278 1272 1364 1355 τὸ
1414 1271 1601 1373 μόνα
1651 1275 1951 1371 βλέπειν
2000 1273 2095 1356 τὰ
2147 1279 2223 1356 ἐν
2261 1277 2604 1379 οὐρανοῖς,

197 1400 324 1477 καὶ
367 1397 457 1505 ἐξ
499 1396 853 1501 ἀνάνδρου
904 1398 1173 1483 δειλίας
1217 1404 1315 1484 εἷς
1365 1397 1900 1501 εὐτολμοτάτην
1952 1397 2296 1481 διάνοιαν.
2364 1398 2476 1480 ὅτι
2528 1397 2604 1480 δὲ

196 1525 321 1603 καὶ
358 1520 524 1608 τοὺς
557 1520 888 1624 μαθητὰς
918 1531 1134 1603 τοῦτο
1168 1521 1536 1609 παθόντας
1582 1524 2003 1628 εὑρήσομεν,
2044 1525 2162 1605 καὶ
2209 1535 2603 1630 κεχαλκευ-

78 1680 170 1721 ιο
194 1644 456 1746 μένους
512 1646 631 1728 διά
682 1656 814 1727 τοῦ
872 1646 1294 1747 Πνεύματος
1337 1653 1435 1733 εἷς
1480 1647 1565 1729 τὸ
1611 1646 1792 1749 μήτε
1835 1646 1966 1733 τὰς
2012 1655 2161 1729 τῶν
2204 1647 2605 1760 διωκόντων

194 1769 735 1856 ἐπαναστάσεις
790 1778 1266 1875 καταναρκᾶν,
1302 1771 1504 1851 ἀλλά
1559 1778 1679 1853 καὶ
1733 1777 1862 1873 τῆς
1909 1778 2007 1858 εἷς
2042 1770 2375 1876 Χριστὸν
2409 1773 2597 1875 ἀγά-

195 1931 347 1997 πης
387 1897 618 2005 ἀπρὶξ
649 1895 1046 2002 ἐχομένους,
1082 1895 1479 1996 οὐδαμόθεν
1518 1898 1961 2002 ἀμφίβολον.
2036 1898 2290 1978 οὐκοῦν
2327 1896 2608 1999 ἀληθὴς

198 2029 335 2102 τοῦ
365 2023 703 2123 Σωτῆρος
743 2021 784 2099 5
823 2017 1043 2122 λόγος
1079 2020 1414 2127 Συμφέρει
1452 2024 1601 2127 ὑμῖν
1638 2019 1979 2123 λέγοντος
2014 2019 2100 2101 τὸ
2138 2022 2614 2122 ἀποδημῆσαί

198 2179 296 2245 με
360 2150 457 2229 εὶς
511 2142 872 2249 οὐρανούς·
950 2145 1209 2228 ἐκεῖνος
1262 2141 1406 2247 γὰρ
1441 2141 1531 2245 ἦν
1567 2144 1608 2224 5
1654 2144 1898 2249 καιρὸς
1940 2148 2068 2245 τῆς
2113 2143 2421 2226 καθόδου
2477 2153 2609 2226 τοῦ

84 2304 113 2344 ι
129 2299 168 2359 5
203 2269 652 2369 Πνεύματος.
2371 2367 2380 2376 ,
2631 2285 2669 2330 ⁰

206 2540 327 2608 Καὶ
379 2541 594 2609 ἐλθὼν
652 2538 904 2610 ἐκεῖνος
957 2542 1208 2620 ὲλὲΓξει
1260 2541 1375 2609 τὸν
1434 2543 1675 2622 κόσμον
1724 2541 1875 2634 περὶ
1928 2540 2252 2634 ἁμαρτίας
2299 2541 2406 2608 καὶ
2455 2539 2671 2630 nepte

309 2669 721 2737 δικαιοσύνης
785 2671 892 2736 καὶ
952 2671 1104 2760 περὶ
1169 2668 1466 2759 κρίσεως·
1556 2668 1708 2759 περὶ
1770 2667 2095 2760 ἁμαρτίας
2162 2667 2302 2749 μὲν,
2363 2669 2465 2733 ὅτι
2531 2668 2670 2754 ού9

308 2797 716 2863 πιστεύουσιν
789 2792 884 2862 εἰς
962 2796 1099 2875 ἐμὲ·
1209 2796 1362 2886 περὶ
1432 2795 1851 2863 δικαιοσύνης
1922 2795 2017 2876 δὲ,
2086 2796 2188 2861 ὅτι
2256 2793 2424 2883 πρὸς
2493 2791 2607 2859 τὸν
2640 2821 2715 2863 ιο

308 2922 571 3011 Πατέρα
626 2924 857 2998 ύπάΓω
895 2921 1001 2987 καὶ
1055 2922 1273 2988 οὐκέτι
1328 2917 1641 3012 θεωρεῖτέ
1693 2946 1793 3001 με·
1860 2922 2012 3012 περὶ
2051 2919 2329 3009 κρίσεως
2376 2917 2469 2999 δὲ,
2508 2920 2607 2987 ὅτι
2642 2947 2709 2987 ιι

84 3082 172 3122 20
309 3048 347 3115 5
401 3047 620 3138 ἅρχων
675 3054 789 3115 τοῦ
848 3049 1089 3127 κόσμου
1142 3049 1377 3116 τούτου
1434 3050 1746 3139 κέκριται.

321 3219 599 3323 Καιρὸν
648 3220 1003 3329 ἐπιδείξας
1051 3218 1180 3301 τὸν
1216 3219 1467 3301 δέοντα
1503 3224 1633 3321 τῆς
1668 3228 1798 3302 τοῦ
1837 3219 2259 3318 Πνεύματος
2300 3215 2612 3299 καθόδου
2636 3229 2682 3295 d

197 3347 325 3426 καὶ
378 3347 827 3446 ἀποστολῆς,
883 3345 970 3425 τὸ
1026 3347 1494 3446 ἀποδημῆσαι
1548 3342 1733 3447 πρὸς
1788 3340 1917 3423 τὸν
1956 3343 2272 3447 Πατέρα,
2309 3348 2426 3423 καὶ
2481 3340 2614 3442 τὴν

197 3471 283 3549 ἐν
339 3476 487 3554 τοῖς
553 3470 781 3571 ἁγίοις
839 3472 1191 3571 μαθηταῖς
1254 3469 1773 3572 ἀγριαίνουσαν
1832 3468 2073 3568 λύπην
2131 3466 2616 3572 ἀποχρώντως

201 3592 328 3674 διὰ
388 3593 644 3675 τούτου
702 3592 1253 3698 τεθεραπευκὼς,
1328 3595 1448 3673 καὶ
1521 3593 1734 3674 τίνων
1795 3592 2002 3673 ἔσται
2076 3587 2508 3695 δημιουργὸς
2574 3592 2615 3670 5

84 3742 171 3805 25
207 3715 694 3822 Παράκλητος
743 3719 1118 3824 χρησίμως
1159 3717 1863 3821 προσεπιδείκνυσιν.
1945 3713 2143 3799 ἐλθων
2191 3717 2334 3820 γάρ
2384 3724 2619 3822 φησιν

202 3842 472 3951 ἐλέγξει
531 3880 636 3924 τον
699 3846 947 3950 κόσμον
1003 3878 1154 3950 περι
1211 3844 1565 3950 ἁμαρτίας
1628 3877 1746 3923 και
1810 3877 1956 3950 περι
2016 3836 2434 3935 δικαιοσύνης
2495 3847 2615 3922 και

1684 3963 2032 3993 .....

197 4091 439 4191 μένων
481 4089 787 4198 ’ἐλεγχος
829 4092 1061 4191 ἔσται,
1107 4091 1623 4192 διαμεμήνυκεν
1678 4094 2020 4195 ἀκριβῶς’
2088 4087 2289 4190 πλὴν
2326 4093 2616 4195 ἐπείπερ

199 4215 293 4293 οὐ
350 4216 520 4296 λίαν
578 4216 890 4303 εὐκόλως
951 4213 1462 4320 προσβάλλειν
1523 4214 1709 4300 εἰκὸς
1771 4220 1875 4322 τῷ
1941 4213 2347 4319 θεωρήματί
2393 4249 2618 4314 τινας,
2642 4254 2678 4298 e

282 4487 335 4525 2.
371 4471 464 4541 τὴν
486 4470 554 4526 E.
580 4473 654 4529 εἷς
676 4471 769 4542 τὴν
791 4471 896 4530 Ed.
1142 4489 1224 4528 11.
1263 4493 1391 4526 κατα
1487 4474 1580 4527 κᾶν
1604 4471 1669 4526 Ε.
1697 4480 1750 4525 et
1774 4471 1847 4525 ita
1864 4471 1977 4542 jam
2003 4472 2377 4529 emendaverat
2403 4470 2619 4562 (Migne

202 4539 277 4597 ad
301 4542 405 4597 loc.
412 4545 431 4611 )
457 4493 756 4600 cotelerius
780 4542 1414 4600 Monum.Eeel.G1-.ni.
1475 4556 1545 4613 53
1550 4580 1565 4597 .
1590 4545 1860 4597 κατανικᾶν
1886 4542 2030 4598 Aub.
2287 4558 2368 4613 19.
2407 4538 2614 4613 υπσγω]

202 4610 497 4684 πορεύομαι
523 4611 591 4668 Ε.
948 4630 1035 4686 23.
1072 4613 1409 4686 ὀποχρόντως
1434 4613 1538 4669 Ed.
1563 4611 1845 4669 emendavi
1868 4631 1934 4668 ex
1961 4612 2027 4668 E.
