3238 5158
204 347 364 415 xvii.
400 352 499 433 18,
531 374 633 441 19⁷.
702 355 816 423 IN
876 357 947 425 S.
995 354 1515 424 JOANNEM.
1605 355 1802 423 LIB.
1849 356 1972 423 XI.
2063 356 2272 424 ΟΑΡ.
2303 356 2387 424 X.
2493 356 2624 423 72⁷

204 519 649 622 βαπτιστής·
725 519 931 627 ἅγιος
982 522 1127 629 γὰρ
1179 522 1272 626 ἦν
1329 527 1448 605 καὶ
1503 526 1582 605 ἐν
1635 520 1928 633 ἐμβρύῳ
1979 525 2098 604 καὶ
2156 522 2421 632 μήτρᾳ.
2502 524 2622 602 καὶ
2645 531 2691 598 b

206 649 394 744 γοῦν
449 645 740 748 ἐλέγετο
789 645 975 753 πρὸς
1026 647 1162 750 τὴν
1197 649 1556 752 μακαρίαν
1588 647 1945 753 παρθένον
1997 657 2043 697 “
2068 653 2371 747 Πνεῦμα
2412 645 2656 750 ἅγιον
2711 669 2765 721 Β.
2785 668 2912 720 Luc.
2930 666 2966 718 i.

207 774 259 827 ·“
297 767 760 852 ἐπελεύσεται
806 775 924 854 ἐπὶ
969 772 1088 872 σὲ,
1131 776 1250 854 καὶ
1286 771 1581 873 δύναμις
1618 774 1943 880 ὑψίστου
1980 770 2389 854 ἐπισκιάσει
2425 772 2619 852 σοι·”
2713 747 2796 800 ³⁵⁴

209 891 421 972 ἀλλὰ
456 892 735 976 δέδοται
769 895 904 998 μὲν
938 902 1037 983 εἰς
1073 905 1374 999 σημεῖον
1408 900 1515 1007 τῷ
1548 902 1928 1003 βαπτιστῇ
1962 894 2048 978 τὸ
2088 894 2341 996 θέαμα.
2409 905 2619 998 λογι·

138 1034 183 1096 5
213 1014 482 1120 ᾤμεθα
517 1017 579 1097 δ’
621 1021 748 1101 οὖν
784 1019 978 1122 ὅμως
1032 1021 1382 1126 ἡγιάσθαι
1436 1056 1513 1102 τε
1567 1019 1703 1122 τὴν
1749 1019 1995 1127 σάρκα
2047 1020 2167 1103 διὰ
2222 1028 2353 1101 τοῦ
2390 1017 2624 1099 Πνεύ-

212 1176 466 1241 ματος,
503 1147 668 1225 καθ’
710 1145 1094 1247 ὁμοιότητα
1129 1151 1257 1248 τῆς
1293 1146 1531 1247 ἄλλης
1575 1147 1878 1230 κτίσεως·
1931 1144 2060 1227 τὸν
2096 1145 2280 1227 ’ίδιον
2313 1146 2391 1225 ἐν
2437 1144 2629 1250 αὐτῷ

213 1269 730 1373 καταχρίοντος
794 1268 969 1351 ναὸν
1024 1279 1152 1352 τοῦ
1213 1269 1398 1351 κατὰ
1462 1269 1696 1379 φύσιν
1753 1270 1966 1374 ἁγίου
2024 1272 2140 1351 καὶ
2199 1272 2278 1350 ἐκ
2337 1264 2633 1372 Πατρὸς

214 1388 429 1478 ὄντος
473 1391 744 1498 Λόγου·
824 1398 943 1477 καὶ
1001 1405 1214 1477 τοῦτο
1274 1395 1475 1482 εἰδὼς
1533 1395 1574 1475 ὁ
1617 1393 1945 1505 μελῳδὸς
1997 1394 2370 1501 ἀνεφῶνει,
2416 1391 2502 1474 τὸ
2557 1392 2634 1472 ἐν

214 1515 722 1619 ἀνθρωπότητι
757 1520 1162 1624 πρόσωπον
1198 1519 1711 1625 ἀναθεωρήσας
1746 1525 1877 1600 τοῦ
1915 1522 2378 1622 Μονογενοῦς
2411 1527 2457 1591 “
2479 1514 2634 1597 Διὰ
2723 1531 2808 1645 ξε·
2823 1528 2945 1580 xliv.

108 1675 192 1716 10
221 1650 271 1688 “
305 1649 517 1723 τοῦτο
572 1641 826 1749 ἔχρισέ
872 1678 964 1725 σε
1015 1646 1056 1725 ὁ
1093 1643 1281 1729 Θεὸς
1318 1647 1358 1725 ὃ
1395 1635 1585 1729 Θεός
1634 1677 1780 1725 σου
1832 1640 2081 1724 ἐ’λαιον
2117 1640 2636 1745 ἀγαλλιάσεως
2760 1633 2774 1648 ’

222 1776 271 1814 “
305 1765 508 1871 παρὰ
550 1766 717 1855 τοὺς
758 1768 1103 1876 μετόχους
1139 1765 1343 1852 σου.”
1400 1770 1911 1874 καταχρίοντος
1945 1765 2092 1871 γὰρ
2125 1774 2258 1848 τοῦ
2291 1770 2472 1846 Υἶοῦ
2506 1762 2635 1845 τὸν
2658 1803 2695 1850 ο

221 1889 406 1972 ἰ’διον
456 1891 650 1991 ναὸν,
697 1894 739 1973 ὀ
791 1893 1053 1999 Πατὴρ
1108 1893 1396 1998 λέγεται
1445 1900 1660 1975 τοῦτο
1717 1897 1917 1997 δρᾶν.
1988 1893 2263 1997 ἐνεργεῖ
2303 1888 2450 1996 γὰρ
2501 1889 2639 1995 οὐχ

226 2014 478 2120 ἑτέρως
521 2016 568 2120 ἢ
615 2020 703 2099 δι’
744 2024 952 2100 Υἶοῦ.
1021 2018 1450 2127 ἀναφέρεται
1507 2015 1584 2097 δὲ
1636 2023 1784 2099 πᾶν
1835 2015 2014 2118 ὅπερ
2062 2013 2155 2097 ἂν
2209 2013 2541 2120 δράσειεν
2596 2015 2638 2094 ὃ

228 2140 404 2225 Υἱὸς
452 2148 548 2227 εἷς
608 2141 738 2224 τὸν
787 2144 876 2253 ἐξ
927 2142 1145 2249 οὗπέρ
1197 2147 1357 2226 ἐστι
1406 2141 1727 2248 Πατέρα·
1807 2139 1967 2247 ῥίζα
2024 2138 2171 2246 γὰρ
2225 2136 2478 2245 ὥσπερ
2532 2172 2643 2224 τις

117 2283 200 2346 15
228 2268 389 2347 ἐστὶ
424 2270 541 2347 καὶ
575 2266 777 2371 πηγὴ
812 2277 942 2350 τοῦ
979 2270 1157 2351 ἰδίου
1188 2267 1632 2374 γεννήματος
1668 2269 1710 2348 ὁ
1749 2265 2038 2371 Πατήρ.

345 2391 798 2492 Θαυμαστὸν
860 2392 936 2475 δὲ
994 2390 1218 2493 οὐδὲν,
1277 2399 1337 2473 εὶ
1396 2395 1514 2474 καὶ
1575 2389 2006 2495 ἁγιάζεσθαί
2065 2395 2303 2497 φησιν
2367 2386 2642 2487 ἑαυτὸν,

231 2517 458 2598 καίτοι
488 2516 671 2599 κατὰ
708 2516 938 2626 φύσιν
973 2516 1177 2624 ἅγιος
1212 2517 1338 2612 ὧν,
1378 2515 1498 2599 ὅτε
1533 2519 1652 2597 καὶ
1693 2514 1887 2596 Θεὸν
1923 2515 2143 2596 αὐτοῦ
2177 2511 2308 2595 τὸν
2346 2511 2638 2617 Πατέρα

231 2651 588 2723 καλοῦσιν
643 2648 719 2724 αἱ
763 2646 1066 2753 γραφαὶ,
1104 2642 1329 2724 καίτοι
1388 2640 1574 2723 κατὰ
1630 2639 1861 2748 φύσιν
1907 2639 2114 2723 ὄντος
2170 2644 2387 2720 Θεοῦ.
2464 2638 2636 2719 ἀλλ’

233 2763 431 2867 οἶμαι
494 2770 698 2849 ταυτὶ
761 2775 917 2854 ταῖς
977 2771 1107 2868 τῆς
1171 2765 1728 2873 ἀνθρωπότητος
1793 2763 2061 2869 χρείαις
2123 2765 2242 2843 καὶ
2306 2764 2411 2871 τῷ
2472 2762 2636 2843 καθ’

118 2910 207 2952 ²0
236 2890 424 2992 ἡμᾶς
473 2892 819 2995 πρέποντι
873 2891 1202 2998 σχήματι
1249 2898 1492 2976 καλῶς
1540 2892 1660 2970 καὶ
1710 2890 1997 2974 δικαίως
2051 2887 2343 2987 ἀναθείη
2390 2920 2498 2971 τις
2527 2882 2645 2983 ἂν,

232 3018 354 3095 καὶ
390 3016 520 3096 οὐκ
552 3015 644 3096 ἂν
680 3014 987 3121 ἁμάρτοι
1028 3024 1159 3098 τοῦ
1190 3014 1613 3121 πρέποντος.
1664 3011 1917 3117 ὥσπερ
1953 3012 2081 3093 οὖν
2116 3009 2426 3093 ἀπέθανε
2461 3007 2646 3091 κατὰ
2672 3026 2718 3093 d

235 3139 482 3243 σάρκα
518 3139 696 3246 ὑπὲρ
732 3142 956 3243 ἡμῶν,
993 3144 1091 3226 ὡς
1125 3141 1528 3246 ἅνθρωπος,
1552 3141 1784 3220 καίτοι
1819 3135 2003 3218 κατὰ
2031 3135 2264 3243 φύσιν
2302 3130 2647 3240 ὑπάρχων

236 3267 337 3350 ὡς
374 3265 585 3351 Θεός·
654 3270 772 3348 καὶ
820 3263 1071 3370 ὥσπερ
1106 3269 1184 3347 ἐν
1215 3273 1366 3352 τοῖς
1420 3261 1763 3369 γεγονόσι
1821 3264 1939 3343 καὶ
1976 3258 2115 3342 ὑπὸ
2153 3255 2368 3365 ζυγὸν
2417 3292 2642 3339 κατα·

236 3391 668 3492 τεταγμένος
722 3389 839 3472 διὰ
886 3390 1021 3493 τὴν
1074 3387 1617 3495 ἀνθρωπότητα,
1674 3386 1899 3468 καίτοι
1954 3390 2104 3466 τῶν
2157 3382 2355 3464 ὅλων
2411 3380 2650 3486 κύριος

124 3529 208 3592 25
239 3511 371 3614 ὧν,
428 3513 621 3596 Θεὸν
666 3516 919 3597 ἑαυτοῦ
968 3513 1097 3596 τὸν
1135 3511 1427 3618 Πατέρα
1463 3513 1722 3621 φησίν·
1796 3513 1984 3591 οὕτω
2029 3509 2116 3588 δι’
2166 3506 2354 3608 ἡμᾶς
2399 3502 2653 3587 ἑαυτὸν

238 3638 566 3750 ἁγιάζειν
600 3640 1121 3746 διισχυρίζεται,
1158 3639 1276 3720 ἵνα
1318 3639 1435 3719 καὶ
1471 3642 1567 3721 εἷς
1603 3636 1789 3737 ἡμᾶς
1838 3630 2237 3738 δραμόντος
2285 3639 2416 3712 τοῦ
2458 3627 2650 3734 πρά·

240 3798 537 3866 γματος,
590 3767 687 3848 ὡς
739 3766 816 3844 ἐν
864 3766 1158 3870 ἀπαρχῇ
1207 3767 1335 3863 τῆς
1386 3760 1898 3861 ἀνανεουμένης
1951 3757 2276 3867 φύσεως,
2328 3757 2407 3837 ἐν
2459 3755 2654 3861 αὐτῷ

241 3890 361 3969 καὶ
412 3889 612 3989 ἡμεῖς
660 3884 852 3986 ὦμεν
905 3887 1303 3996 ἡγιασμένοι
1356 3888 1417 3968 ἐν
1475 3883 1778 3997 ἀληθείᾳ,
1829 3882 2236 3980 τουτέστιν,
2294 3882 2373 3961 ἐν
2422 3878 2655 3986 Ἀγίῳ

246 4011 637 4114 Πνεύματι.
746 4011 831 4094 τὸ
905 4011 1051 4118 γὰρ
1117 4010 1416 4113 Πνεῦμά
1490 4012 1697 4092 ἐστιν
1759 4009 1805 4109 ἡ
1871 4005 2195 4109 ἀλήθεια,
2260 4003 2445 4086 κατὰ
2518 4000 2653 4101 τὴν
2747 4037 2994 4088 nsaw.

131 4174 216 4233 30
240 4136 579 4219 Ἰωάννου
616 4137 895 4245 φωνήν·
976 4139 1062 4217 οὐ
1117 4136 1261 4241 γὰρ
1313 4137 1556 4239 ἕτερον
1607 4130 1811 4238 παρὰ
1846 4129 1974 4214 τὸν
2008 4126 2192 4212 Υἱόν
2229 4128 2315 4208 τὸ
2353 4132 2652 4225 Πνεῦμα
2741 4120 2796 4155 v.
2814 4102 2863 4155 ⁶·

244 4262 483 4361 αὐτοῦ,
521 4258 704 4342 κατά
750 4298 833 4367 γε
882 4259 1012 4344 τὸν
1054 4262 1129 4340 ἐν
1179 4259 1392 4367 οὐσίᾳ
1449 4255 1700 4361 λόγον,
1739 4252 1866 4338 ἅτε
1913 4253 2002 4356 δὴ
2048 4255 2166 4336 καὶ
2212 4254 2287 4333 ἐν
2332 4253 2526 4358 αὐτῷ
2575 4283 2652 4330 τε

245 4386 572 4494 ὑπάρχον
608 4390 724 4470 καὶ
761 4388 848 4469 δι’
887 4387 1107 4469 αὐτοῦ
1140 4381 1417 4487 προῖόν.

1219 4615 1271 4665 4.
1307 4597 1378 4670 τῷ
1405 4611 1503 4667 pro
1526 4594 1588 4650 τὸ
1615 4592 1682 4648 Ε.
