3238 5158
208 346 461 436 viii-32.
588 349 704 415 IN
764 350 831 414 S.
877 349 1386 416 JOANNEM.
1477 352 1669 417 LIB.
1702 352 1786 417 V.
1877 351 2080 417 CAP.
2112 352 2194 417 V.
2503 350 2583 414 61

210 517 307 619 τῷ
365 521 877 620 μηλοσφαγεῖν
934 523 1146 596 ,ποῖον
1211 512 1300 594 ἂν
1363 516 1531 620 εὕρῃ
1595 550 1701 599 τις
1762 514 1849 596 τὸ
1916 515 2213 618 κέρδος;
2304 514 2379 594 τί
2444 512 2591 617 γὰρ

205 643 540 737 χαριεῖται
596 636 714 718 διὰ
765 638 1039 719 τούτων
1092 643 1320 735 οἱονεὶ,
1376 637 1558 718 ὅσον
1612 639 1781 739 ἧκεν
1834 645 1932 723 εἷς
1991 637 2126 738 τὴν
2178 647 2308 718 τοῦ
2369 634 2590 737 νόμου

204 758 641 860 παράβασιν,
715 763 1130 870 ὑβρισμένῳ
1213 769 1318 869 τῷ
1401 766 1569 871 Θεῷ
1606 796 1627 859 ;
1720 764 1939 844 αὐτοῦ
2020 762 2166 865 γὰρ
2247 761 2589 864 λέγοντος

202 880 512 963 ἄκουσον
582 895 624 931 “
664 885 795 985 Μὴ
872 885 1221 993 φάγωμαι
1294 885 1465 990 κρέα
1537 887 1837 990 ταύρων,
1912 884 1959 988 ἢ
2043 884 2219 986 αἷμα
2297 885 2586 987 τράγων
2677 893 2762 1021 fg:
2783 891 2909 945 xlix.

144 1025 178 1087 5
203 1013 245 1051 “
270 1006 539 1104 πίωμαι
563 1008 627 1102 ;”
685 1008 867 1112 πρὸς
913 1008 1190 1095 τούτοις
1243 1011 1347 1091 ἔτι
1394 1007 1573 1113 πρός
1614 1012 1997 1095 Ἰουδαίους
2045 1013 2357 1114 ἐναργῶς
2396 1020 2439 1056 “
2467 1008 2586 1090 Τὰ
2676 1025 2819 1141 {1113
2832 1040 2922 1076 *υ

200 1137 241 1176 “
274 1129 840 1230 ὁλοκαυτώματα
895 1136 1092 1234 ὑμῶν
1143 1133 1326 1214 κατὰ
1378 1140 1525 1214 τῶν
1575 1140 1851 1215 θυσιῶν
1896 1137 2095 1233 ὑμῶν
2136 1131 2588 1235 συναγάγετε
2811 1105 2858 1156 ³⁸

199 1261 242 1301 ‘⁴
274 1257 387 1333 καὶ
455 1252 731 1362 φάγετε
793 1256 983 1361 κρέα,
1044 1257 1154 1338 ὅτι
1220 1259 1348 1338 οὐκ
1407 1257 1748 1359 ἐλάλησα
1802 1256 1985 1362 πρὸς
2049 1256 2212 1341 τοὺς
2274 1256 2587 1358 πατέρας

198 1385 241 1423 “
274 1378 472 1478 ὑμῶν
520 1383 684 1481 περὶ
742 1375 1364 1480 ὁλοκαυτωμάτων
1410 1384 1528 1460 καὶ
1582 1386 1877 1477 θυσιῶν,
1928 1381 2100 1460 ἀλλ’
2148 1378 2196 1480 ἢ
2251 1378 2335 1460 τὸ
2389 1383 2584 1484 ῥῆμα
2609 1398 2657 1464 <1

196 1508 239 1546 ‘⁶
271 1509 481 1582 τοῦτο
538 1502 997 1603 ἐνετειλάμην
1039 1505 1274 1587 αὐτοῖς
1330 1504 1567 1606 λέγων
1606 1509 1853 1605 Κρῖμα
1910 1504 2180 1584 δίκαιον
2229 1505 2580 1607 κρίνατε.”

105 1652 176 1693 10
196 1624 444 1705 οὐκοῦν
498 1627 845 1727 ἀνόνητος
898 1634 1273 1712 παντελῶς
1326 1628 1372 1727 ἡ
1432 1629 1521 1707 δι’
1569 1625 1891 1728 αἱμάτων
1943 1627 2420 1731 προσαγωγὴ,
2470 1632 2585 1707 καὶ

195 1747 635 1829 ἀποπλύνειν
707 1753 835 1831 οὐκ
907 1749 1054 1831 οἶδε
1126 1749 1259 1850 τὴν
1332 1751 1422 1858 ἐξ
1488 1751 1839 1854 ἁμαρτίας
1920 1751 2588 1856 προστετριμμένην

195 1871 546 1982 ἀνθρώπῳ
587 1875 866 1975 κηλῖδα.
947 1874 1502 1980 πληροφορήσει
1553 1874 1630 1955 δὲ
1675 1875 1922 1973 πάλιν,
1958 1875 2134 1955 ὅταν
2170 1875 2326 1981 ἴδῃς
2368 1876 2588 1955 αὐτὸν

195 1993 497 2095 λέγοντα
555 1997 739 2098 πρὸς
793 1997 927 2099 τὴν
980 2005 1126 2077 τῶν
1178 2000 1543 2079 Ἰουδαίων
1594 1999 1865 2100 μητέρα
1919 1997 2053 2100 τὴν
2104 1998 2587 2103 Ἰερουσαλὴμ

197 2116 307 2196 διὰ
368 2125 618 2225 φωνῆς
677 2122 1019 2225 Ἱερεμίου
1086 2134 1128 2170 “
1165 2125 1268 2203 Τί
1325 2123 1371 2222 ἡ
1435 2122 1860 2224 ἠγαπημένη
1922 2126 1999 2203 ἐν
2053 2125 2156 2231 τῷ
2218 2122 2387 2232 οἴκῳ
2447 2158 2587 2220 μου
2677 2145 2923 2209 mxi-15·

109 2268 176 2329 ι5
199 2251 241 2287 “
272 2244 568 2345 ἐποίησε
614 2245 1136 2347 βδελύγματα;
1195 2245 1298 2346 μὴ
1335 2248 1533 2351 εὐχαὶ
1583 2249 1702 2327 καὶ
1753 2247 1924 2351 κρέα
1971 2245 2141 2350 ἅγια
2184 2250 2588 2351 ἀφελοῦσιν

197 2373 238 2412 “
270 2367 412 2446 ἀπὸ
448 2376 600 2447 σοῦ
635 2367 765 2453 τὰς
800 2370 1049 2454 κακίας
1085 2368 1316 2470 σου,ἢ
1352 2369 1629 2455 τούτοις
1665 2370 2015 2478 διαφεύξῃ
2037 2372 2097 2465 ;”
2127 2381 2169 2418 “
2190 2370 2589 2452 Ἀδύνατον
2612 2397 2649 2440 θ
2679 2395 2925 2461 Eeb-¹4·

198 2496 240 2534 “
272 2488 409 2596 γὰρ
466 2490 650 2591 αἷμα
703 2494 984 2598 ταύρων
1030 2496 1148 2572 καὶ
1201 2492 1491 2598 τράγων
1545 2497 1876 2601 ἀφαιρεῖν
1930 2497 2341 2599 ἁμαρτίας,”
2397 2500 2493 2579 ὡς
2548 2498 2589 2577 ὃ

200 2616 490 2702 Παῦλός
529 2623 790 2725 φησιν.
871 2616 981 2697 ὅτι
1028 2616 1105 2697 δὲ
1155 2619 1251 2702 ὡς
1300 2620 1570 2699 εἰκαίαν
1604 2627 2040 2718 μελετῶντες
2078 2621 2436 2721 λατρείαν,
2472 2623 2592 2700 καὶ

199 2737 320 2824 τὰς
383 2744 469 2821 δι’
523 2738 850 2841 αἱμάτων
909 2742 1405 2846 προσαγωγὰς
1463 2744 1623 2844 ἤτοι
1686 2744 2133 2850 δωροφορίας
2200 2745 2307 2824 ἐπ’
2362 2746 2593 2824 οὐδενὶ

110 2895 177 2938 20
198 2869 336 2944 τῶν
393 2867 780 2971 χρησίμων
843 2868 1194 2947 ἐπιτελεῖν
1252 2864 1800 2970 σπουδάζοντες,
1862 2871 1991 2966 τῆς
2055 2867 2247 2951 θείας
2309 2866 2592 2950 εἰκότως

102 3064 107 3069 .
199 2989 414 3089 αὐλῆς
464 2989 976 3097 ἐξεπέμποντο,
1015 2987 1285 3097 διδάξει
1334 2997 1599 3097 σαφῶς
1651 2992 1767 3070 καὶ
1820 2989 1939 3070 διὰ
1990 2994 2235 3093 φωνῆς
2270 2988 2591 3070 Ἡσαΐου

198 3111 425 3214 λέγων
498 3124 543 3160 “
588 3118 857 3194 Πατεῖν
926 3113 1059 3214 τὴν
1132 3113 1364 3213 αὐλήν
1436 3148 1577 3212 μου
1654 3115 1736 3193 οὐ
1817 3113 2366 3215 προσθήσεσθε·
2466 3111 2590 3193 ἐὰν
2678 3113 2765 3244 ξ·
2785 3113 2818 3166 ἰ·
2844 3127 2924 3178 ¹²⁹

200 3242 241 3281 “
272 3237 527 3342 φέρητε
569 3238 972 3336 σεμίδαλιν,
1008 3235 1330 3337 μάταιον·
1380 3239 1722 3338 θυμίαμα,
1751 3235 2131 3339 βδέλυγμά
2163 3272 2286 3337 μοι
2321 3237 2585 3318 ἐστίν.”

201 3359 442 3440 οὐκοῦν
489 3363 627 3440 οὐκ
674 3365 751 3441 ἐν
796 3362 1104 3445 ἐκείνοις·
1165 3369 1314 3446 τοῖς
1370 3364 1445 3442 ἐν
1490 3359 1687 3469 νόμῳ
1743 3362 2312 3464 διατεταγμένοις
2369 3364 2581 3468 φημί·
2612 3395 2650 3436 a
2698 3382 2826 3440 587
2842 3381 2922 3437 Δ.

116 3480 243 3579 ²5⁷)
299 3485 581 3586 ἀληθὴς
644 3484 987 3588 σωτηρία,
1047 3485 1217 3563 ἀλλ’
1280 3485 1432 3565 οὐδ’
1496 3482 1585 3564 ἂν
1651 3481 1889 3565 ἔλοιτό
1957 3519 2064 3569 τις
2133 3487 2394 3566 ἐκεῖθεν
2455 3485 2589 3585 τὴν

201 3607 626 3709 τριπόθητον
677 3609 1101 3709 ἐλευθερίαν,
1138 3607 1271 3708 τὴν
1322 3610 1400 3688 ἐκ
1452 3612 1581 3706 τῆς
1637 3608 1986 3712 ἁμαρτίας
2041 3609 2253 3715 φημί·
2334 3609 2589 3710 ὀλίγον

204 3728 273 3808 δὲ
301 3739 442 3812 τῶν
477 3733 730 3813 τύπων
766 3730 1380 3832 ἀναπηδήσαντες,
1416 3734 1532 3810 καὶ
1580 3736 1710 3830 τῆς
1759 3735 1835 3811 ἐν
1869 3730 2218 3831 πνεύματι
2256 3733 2588 3836 λατρείας

203 3862 734 3958 περιαθροῦντες
789 3854 929 3955 ἤδη
982 3854 1068 3935 τὸ
1118 3854 1416 3951 κάλλος,
1454 3854 1929 3957 ἐπεγνωκότες
1978 3889 2055 3935 τε
2100 3853 2207 3950 τῗιν
2252 3854 2586 3955 ἀλήθειαν,

205 3979 537 4077 τουτέστι,
579 3976 710 4059 τὸν
744 3978 1099 4083 Χριστὸν,
1143 3978 1260 4058 διὰ
1312 3982 1440 4079 τῆς
1495 3985 1591 4062 εἶς
1646 3975 1866 4058 αὐτὸν
1911 3979 2226 4063 πίστεως
2280 3979 2588 4059 δικαιού-

271 4167 320 4225 5.
353 4157 455 4210 πίω
574 4155 641 4212 Β.
670 4155 852 4211 Holst.
874 4155 1059 4225 πίομαι
1082 4155 1227 4211 Aub.
1487 4173 1540 4225 9.
1576 4154 1758 4210 Verba
1779 4178 1807 4210 κ
1841 4158 1933 4226 ἰ’μα
1957 4155 2153 4211 amato»
2176 4157 2380 4228 κρίνατε
2405 4156 2589 4212 deesse

209 4220 261 4276 in
279 4242 411 4281 vers.
509 4237 588 4298 pt.
614 4226 835 4281 adnotat
857 4226 1003 4282 Aub.
1248 4242 1334 4282 10.
1367 4224 1425 4298 ἦ]
1460 4233 1517 4292 4
1547 4230 1651 4281 τῶν
1677 4224 1777 4281 Ht.
1805 4178 1909 4281 fid.
2152 4243 2236 4294 15.
2274 4228 2359 4282 καὶ
2383 4226 2588 4282 addidit

210 4317 342 4374 Aub.
569 4322 653 4376 18.
691 4322 761 4378 ὥς
784 4321 976 4377 εἴκαζον
998 4320 1248 4376 emendat
1272 4320 1471 4395 Heyoe.
1496 4309 1622 4376 ιὀσιῗ·ι
1653 4322 1800 4376 καιὰν
1823 4320 1891 4376 Β.
1916 4320 2044 4378 ὤσει
2067 4322 2151 4376 καὶ
2175 4322 2294 4378 τοὺς
2320 4321 2417 4377 Ht.
2442 4321 2589 4378 unde

211 4431 305 4491 Ed.
375 4437 567 4494 Statim
588 4442 913 4510 μελετῶντας
937 4439 1039 4495 Ht.
1065 4439 1171 4522 E·d.
1339 4457 1426 4497 21.
1462 4405 1801 4523 ἐξεῧὲιῗτυόντο
1827 4441 1889 4497 Β.
2072 4459 2159 4514 23.
2194 4464 2285 4512 μοι
2308 4461 2415 4497 om.
2440 4442 2586 4497 Aub.

210 4518 300 4631 ἕξ
321 4509 1139 4637 ἕωτύὲοῶΒᾸΕιὶεωοηὰεὲῐ
1160 4529 1191 4566 e
1215 4510 1335 4568 Cat.
1360 4511 1506 4567 Aah.
1532 4521 1584 4567 et
1608 4521 1683 4567 xta
1706 4530 1755 4568 a.
2028 4529 2116 4584 29.
2151 4516 2245 4567 τοῦ
2267 4517 2493 4585 χριστοῦ
2519 4513 2587 4569 Β.

776 4621 791 4637 .
861 4585 1046 4653 ριστὸν
