3238 5158
203 322 345 386 xiv.
372 340 473 410 29.
597 323 711 388 IN
774 323 841 388 S.
890 321 1403 389 JOANNEM.
1496 324 1689 389 LIB.
1738 324 1821 390 X.
1913 323 2117 390 CAP.
2168 325 2224 389 Ι.
2487 325 2615 388 527

202 487 379 588 παρ’
419 489 617 586 ὑμῶν
653 490 694 567 ὁ
733 487 1013 589 Πατὴρ,
1052 489 1095 587 ἡ
1145 488 1221 569 δὲ
1263 489 1497 573 κτίσις
1540 490 1881 586 ε’λάττων,
1918 490 2108 589 μάνη
2159 522 2267 574 τις
2315 487 2406 589 ἦν
2442 488 2610 568 καθ’

203 609 396 705 ὑμᾶς
430 610 476 709 ἡ
514 619 644 691 τοῦ
684 617 1146 714 Μονογενοῦς
1184 612 1426 719 φύσις.
1504 614 2175 712 καταβιβασθείσης
2211 609 2285 694 δὲ
2321 616 2449 711 τῆς
2483 619 2613 691 τοῦ

205 730 511 836 Πατρὸς
547 733 799 817 οὐσίας
841 740 937 817 εἷς
982 732 1117 834 τὴν
1151 740 1355 831 Υἱοῦ,
1389 737 1579 820 τίνος
1626 733 1831 815 ἔσται
1881 736 2107 835 μέσος
2156 731 2440 832 λοιπὸν,
2481 736 2611 815 οὐκ

201 855 417 940 ὄντος
475 856 577 937 ἔτι
637 864 764 938 τοῦ
827 857 1319 958 ὑπερκειμένου
1377 860 1494 938 καὶ
1559 859 2025 963 ὑπερέχοντος
2056 892 2078 956 3
2160 864 2218 939 εὶ
2284 857 2361 939 δὲ
2424 856 2614 937 καθά

134 1000 172 1060 5
203 985 465 1085 φησιν,
523 983 621 1064 ὡς
678 978 1022 1082 ὁμογενὴς
1085 982 1417 1083 ὀμογενεῖ
1468 986 1571 1087 τῷ
1633 985 1871 1083 Πατρὶ
1927 982 2402 1085 συγκρίνεται,
2454 988 2610 1065 πῶς
2635 995 2678 1060 b

201 1104 342 1208 οὐχ
377 1101 476 1188 εἷς
510 1105 619 1183 ἐπ’
650 1106 924 1209 ἀμφοῖν
962 1105 1002 1183 ὁ
1038 1107 1167 1202 τῆς
1202 1102 1453 1187 οὐσίας
1491 1104 1698 1183 ἔσται
1735 1103 2002 1207 λόγος,
2062 1104 2612 1208 παραιτούμενοι

202 1225 281 1307 δὲ
336 1225 470 1307 τὸν
505 1224 687 1306 Υὶὸν
725 1226 1112 1325 ὁμοούσιον
1150 1225 1495 1331 ὑπάρχειν
1531 1228 1915 1329 ὁμολογεῖν
1950 1234 2055 1336 τῷ
2100 1232 2360 1329 Πατρὶ,
2396 1233 2613 1310 τιθεῖν

203 1348 282 1430 δὲ
320 1356 613 1449 μᾶλλον
649 1348 867 1429 αὑτὸν
902 1352 977 1429 ἐν
1011 1347 1376 1448 ἐλάττοσι,
1416 1353 1533 1429 καὶ
1568 1350 1701 1451 τὴν
1735 1359 1865 1431 τοῦ
1905 1350 2197 1454 Πατρὸς
2234 1351 2603 1433 κατεσπά-

206 1508 394 1553 σατε
450 1473 673 1580 δόξαν
716 1479 814 1558 εἰς
868 1470 1000 1572 τὴν
1048 1480 1177 1553 τοῦ
1231 1470 1396 1552 καθ’
1437 1475 1619 1571 ὑμᾶς
1675 1472 2053 1558 ε’λάττονός
2109 1508 2189 1555 τε
2250 1479 2368 1554 καὶ
2421 1509 2610 1576 μειο-

64 1600 71 1607 ’
104 1628 182 1668 10
212 1596 694 1695 νεκτουμένου,
723 1594 831 1699 ἀρ’
868 1599 1004 1700 οὐχ
1040 1597 1249 1699 ὁρᾶτε
1286 1594 1546 1676 λοιπὸν
1581 1595 1895 1698 ἀκάνθης
1932 1599 2133 1699 δίκην
2165 1595 2606 1679 ἀνατέλλου-

211 1752 362 1798 σαν
410 1717 543 1819 τὴν
586 1722 1053 1826 δυσφημίανς
1113 1716 1226 1824 ἀρ’
1266 1720 1428 1824 οὐχὶ
1466 1730 1509 1767 “
1532 1717 1690 1822 ῥίζα
1737 1723 2021 1825 πικρίας
2069 1720 2218 1801 ἅνω
2269 1720 2607 1828 φύουσα”
2699 1724 2837 1856 gob.
2857 1727 2948 1781 ¹³¹·

208 1841 345 1942 τὴν
400 1850 545 1923 τῶν
598 1845 782 1923 οὕτω
839 1843 1289 1941 διακειμένων
1343 1842 1640 1947 καρδίαν
1693 1852 2177 1951 παρενοχλεῖ;
2248 1845 2326 1925 τί
2371 1847 2610 1927 τοίνυν

208 1966 511 2074 ἀφέντες
546 1967 674 2048 τὸν
710 1971 879 2067 εὑθῆ
931 1972 1058 2066 τῆς
1109 1967 1448 2068 ἀληθείας
1498 1964 1728 2069 λόγον
1762 1974 1859 2054 εἷς
1909 1967 2269 2070 τοσαύτην
2306 1969 2608 2050 ἀτοπίαν
2632 1995 2670 2040 0

42 2176 43 2181 ἵ
206 2090 693 2194 παρελαύνετε
759 2098 1141 2193 λογισμῶν
1172 2123 1194 2187 3
1275 2088 1437 2171 δότε
1501 2089 1591 2192 δὴ
1657 2092 1818 2171 δότε
1882 2098 1985 2200 τῷ
2050 2095 2382 2194 ὀμογενεῖ
2440 2095 2606 2174 καθ’

40 2290 43 2321 ἡ
108 2235 131 2272 1
146 2232 180 2290 5
209 2215 390 2311 ὑμᾶς
426 2214 512 2295 τὸ
547 2217 624 2294 ἐν
660 2213 941 2314 ἰσότητι
978 2218 1262 2294 κεῖσθαι
1298 2222 1428 2294 τοῦ
1463 2219 1657 2294 Θεοῦ
1693 2216 1810 2296 καὶ
1849 2214 2157 2319 Πατρός.
2240 2219 2426 2296 οὕτω
2463 2215 2610 2320 γὰρ

208 2337 305 2423 εἷς
342 2340 551 2419 ἔσται
589 2337 796 2436 Θεὸς,
834 2341 909 2417 ἐν
946 2341 1120 2445 ἁγίᾳ
1155 2373 1233 2419 τε
1284 2340 1402 2418 καὶ
1450 2339 1815 2447 ὀμοουσῖῳ
1852 2340 2110 2442 Τριάδι
2143 2340 2599 2443 προσκυνού-

207 2461 421 2557 μενός
472 2498 550 2543 τε
603 2466 720 2542 καὶ
771 2460 1384 2570 δοξολογούμενος
1437 2459 1619 2563 πρός
1668 2496 1744 2541 τε
1793 2461 1930 2563 ἤδη
1981 2463 2182 2563 ἡμῶν
2217 2464 2453 2543 αὐτῶν
2489 2467 2608 2545 καὶ

208 2594 350 2666 τῶν
383 2590 614 2689 ἁγίων
649 2586 1007 2690 ἀγγέλων.

390 2789 507 2855 Καὶ
562 2794 672 2856 νῦν
726 2784 960 2879 εἴρηκα
1015 2784 1162 2864 ὑμῖν
1215 2787 1365 2878 πρὶν
1421 2789 1736 2870 Γενέσθαι,
1788 2787 1895 2854 ἵνα
1948 2787 2107 2855 ὅταν
2162 2789 2421 2863 Γένκται
2636 2777 2711 2860 ὁ9

42 2913 47 2950 ¹
110 2972 187 3010 20
1205 2916 1608 2985 πιστεύσητε.

42 3037 49 3076 l

319 3062 705 3170 Ἀσφαλὲς
760 3062 1089 3167 ἐνέχυρον
1134 3066 1279 3142 τῶν
1324 3061 1627 3142 ἔσεσθαι
1677 3057 2300 3163 προσδοκωμένων
2341 3059 2387 3161 ἦ
2442 3064 2606 3164 περὶ
2632 3076 2673 3142 d

209 3184 444 3269 αὐτῶν
498 3188 747 3290 ὁρᾶται
800 3184 1223 3291 πρόῤῥησις·
1293 3191 1587 3282 βεβαιοῖ
1633 3192 2013 3287 τοιγαροῦν
2065 3190 2212 3263 τῶν
2265 3189 2609 3284 μαθητῶν

206 3305 338 3407 τὴν
405 3311 727 3415 καρδίαν,
799 3311 916 3391 καὶ
996 3306 1363 3413 ἀραρότως
1445 3315 1739 3415 φρονεῖν
1810 3307 2173 3388 ἀναπείθει
2245 3304 2603 3408 Χριστὸς,

44 3535 47 3546 Ϋ
209 3430 318 3511 ὅτι
369 3469 511 3539 περ
566 3435 844 3515 ἄνεισιν
879 3436 1172 3534 ἀληθῶς
1226 3430 1407 3538 πρὸς
1462 3429 1591 3513 τὸν
1627 3435 1705 3513 ἐν
1740 3439 1886 3517 τοῖς
1936 3433 2256 3537 οὐρανοῖς
2311 3430 2607 3536 Πατέρα

111 3584 184 3643 25
210 3559 325 3635 καὶ
390 3557 606 3659 Θεὸν,
667 3556 1295 3659 συμβασιλεύσων
1355 3591 1432 3638 τε
1497 3557 1694 3664 αὐτῷ
1755 3558 1872 3637 καὶ
1935 3553 2436 3660 συνεδρεύσων
2508 3558 2606 3640 ὡς

46 3675 52 3690 ’
212 3677 415 3780 Θεὸς,
454 3686 573 3763 καὶ
621 3683 711 3790 ἐξ
753 3683 971 3763 αὑτοῦ
1019 3679 1203 3760 κατὰ
1253 3679 1483 3788 φύσιν
1520 3683 1617 3765 ὡς
1661 3679 1842 3765 Θεὸς
1891 3679 2421 3784 γεγεννημένος.
2502 3677 2605 3779 μὴ

211 3799 353 3903 γὰρ
414 3803 526 3905 δὴ,
584 3808 795 3912 φησὶ,
846 3801 980 3905 τὴν
1036 3803 1214 3905 ε’μὴν
1271 3802 1689 3912 ἀπόλειψιν,
1748 3801 1883 3905 τὴν
1944 3800 2126 3884 κατὰ
2183 3801 2424 3907 σαρκά
2487 3805 2606 3883 καὶ

211 3923 490 4031 ἐμφανῆ
503 3957 519 3975 ·
578 3928 981 4027 συνέσομαι
1034 3926 1179 4031 γὰρ
1234 3929 1399 4027 ὑμῖν
1443 3930 1540 4013 ὡς
1585 3927 1776 4014 Θεὸς
1824 3924 1942 4007 διὰ
1987 3924 2281 4010 παντός·
2342 3930 2421 4006 ἐν
2460 3924 2605 4031 ἴσῳ

47 4139 57 4178 5
213 4051 618 4154 λογίσησθε
671 4054 800 4151 τῆς
854 4055 1002 4131 τῶν
1051 4050 1279 4152 ἁγίων
1325 4056 1744 4158 προφητῶν.
1829 4054 1895 4130 οἱ
1947 4050 2080 4150 μὲν
2127 4046 2293 4153 γὰρ,
2333 4047 2458 4129 ἅτε
2513 4046 2602 4148 δὴ

54 4231 58 4244 ·
114 4201 188 4258 30
213 4175 327 4251 καὶ
367 4175 513 4257 ἀπὸ
561 4179 699 4278 γῆς
746 4172 1117 4279 γεγονότες
1169 4175 1287 4255 καὶ
1333 4179 1424 4280 τῇ
1475 4176 1619 4281 ἰδίᾳ
1668 4172 1889 4281 φύσει
1938 4171 2024 4253 τὸ
2075 4172 2306 4279 χρεὼν
2342 4172 2591 4253 ἀποτί·
2625 4195 2663 4241 Θ

211 4325 488 4398 σαντες,
509 4295 1078 4399 συνεοτάλησάν
1114 4332 1188 4379 τε
1227 4301 1344 4380 καὶ
1379 4297 1875 4404 κεχωρήκασιν
1909 4302 2005 4381 εἷς
2040 4293 2168 4376 τὸν
2200 4294 2604 4400 ἀνθρώποις

46 3903 55 3934 Ι

45 4031 57 4059 b

212 4496 335 4621 „35
358 4483 550 4609 ἕὺσίας
573 4495 914 4559 assumptum
937 4505 1007 4543 ex
1028 4486 1094 4542 Ε.
1306 4499 1359 4557 5.
1396 4488 1427 4538 ὁ
1448 4484 1756 4557 μονογενὴς
1779 4485 2045 4557 ὀμογεννεῖ
2070 4483 2135 4537 Ε.
2356 4497 2437 4547 14.
2474 4480 2600 4547 ὀμο-
