3238 5158
198 332 331 399 xiv.
359 350 460 420 15.
574 336 691 401 IN
752 337 821 401 S.
870 295 1391 406 soANNm.
1484 339 1680 406 ΜΒ.
1730 339 1853 406 1x.
1943 341 2147 407 cAP.
2195 340 2252 408 1.
2486 340 2617 405 463

199 505 464 607 ψογεΐν
508 503 957 589 καταλαλιᾶς
1007 506 1362 590 ἀνοσίους.
1449 506 1608 586 ἔστι
1666 504 1811 610 γὰρ
1862 509 2034 588 ἰδεῖν
2078 541 2196 587 και
2248 505 2338 613 ἐξ
2380 505 2618 586 αὐτῶν

197 623 531 723 μάλιστα
586 634 732 708 τῶν
776 633 980 732 ἱερῶν
1022 628 1488 732 γραμμάτων,
1528 632 1626 716 ὡς
1674 631 2032 733 προσίασι
2080 628 2213 730 μὲν
2248 633 2366 711 καὶ
2417 630 2611 738 ἐξαι-

955 751 1149 781 ΑὶΙ

197 751 497 830 τοῦνταί
523 786 706 837 τινες
738 753 852 834 ἐπὶ
888 787 992 861 τῳ
1026 788 1321 852 ονοματι
1359 756 1602 854 αὐτοῦ,
1641 755 1968 859 δέχονται
2002 753 2231 858 γεμὴν
2263 756 2614 854 οὐδαμῶς,

199 873 287 953 τὸ
341 874 627 956 ἑκάστω
681 875 962 980 πρέπον
1009 881 1124 957 καὶ
1180 886 1329 965 τοῖς
1377 884 1663 960 αἰτοῦσι
1716 879 2096 964 λυσιτελὲς
2152 880 2281 960 οὐκ
2334 880 2604 981 ἠγνοη-

128 1016 174 1078 5
205 997 413 1084 κότος
479 1004 697 1082 Θεοῦ.
799 1002 918 1081 ἵνα
973 1003 1214 1083 τοίνυν
1272 1002 1585 1111 ἐπιδείξῃ
1650 1010 1914 1111 σαφῶς
1980 1004 2020 1083 ὃ
2081 1004 2348 1106 Κύριος
2410 1003 2614 1103 ἡμῶν

200 1112 489 1224 Ἰησοῦς
536 1126 577 1205 ὃ
622 1123 969 1228 Χριστὸς,
1018 1124 1204 1230 πρὸς
1253 1128 1450 1212 τίνας
1497 1129 1692 1236 αὐτῷ
1740 1126 2000 1230 γέγονέ
2038 1162 2116 1208 τε
2162 1130 2279 1207 καὶ
2321 1127 2523 1208 ἔστιν
2570 1129 2612 1208 ὁ
2636 1140 2682 1205 d

202 1246 453 1349 λόγος,
501 1251 617 1329 καί
665 1249 861 1330 τίσιν
900 1249 946 1350 ἡ
997 1254 1125 1351 τῆς
1176 1251 1644 1356 ὑποσχέσεως
1700 1252 2067 1357 ὀφείλεται
2122 1249 2349 1357 χάρις,
2400 1253 2512 1359 ἐφ’
2554 1248 2615 1360 ᾧ

202 1372 410 1452 ἔσται
473 1375 593 1453 καὶ
653 1376 963 1474 ἀληθῶς,
1018 1372 1506 1479 παρεκόμισεν
1563 1371 1771 1460 εὐθὺς
1831 1383 1977 1456 τῶν
2033 1375 2479 1478 ἀγαπώντων
2527 1410 2612 1456 το

204 1495 623 1598 πρόσωπον,
683 1502 801 1578 καὶ
859 1534 989 1580 τον
1044 1503 1309 1603 ἀκριβῆ
1369 1500 1865 1653 νομοφύλακα
1919 1491 2452 1605 παραζεύγνυσι
2510 1504 2613 1609 τῷ

94 1655 182 1696 ιο
210 1618 438 1728 λόγω,
478 1623 833 1706 &ambs-⁰
792 1657 901 1704 οτι
951 1622 1133 1728 πρὸς
1182 1621 1437 1710 αὐτοὺς
1484 1626 1602 1705 κἀὶ
1647 1626 1784 1730 οὐχ
1829 1624 2106 1729 ἑτέρους
2155 1625 2201 1725 ἡ
2254 1627 2383 1724 τῆς
2433 1625 2606 1724 ἠμε-

206 1743 506 1845 ρότητος
549 1749 946 1851 ἐπαγγελία
993 1751 1109 1829 καὶ
1161 1749 1207 1849 ἡ
1254 1755 1400 1829 τῶν
1433 1755 1929 1849 πνευματικῶν
1963 1750 2259 1851 ἀγαθῶν
2295 1749 2614 1832 ἐπίδοσις

206 1866 296 1946 δι’
333 1870 550 1950 αὐτοῦ
585 1871 930 1974 κρατήσει
974 1875 1093 1953 καὶ
1134 1869 1539 1976 γενήσεται.
1618 1872 1729 1952 ὅτι
1766 1870 1908 1977 γὰρ
1945 1870 2131 1981 ὄκνῳ
2168 1870 2529 1958 πολλάκις
2565 1873 2611 1974 ἡ

201 1993 519 2097 χορηγὸς
572 1997 1062 2078 συστέλλεται
1118 2001 1272 2104 χεὶρ
1325 2005 1456 2078 τοῦ
1513 2003 1735 2091 Θεοῦ,
1788 2005 1936 2083 τοῖς
1993 2000 2120 2079 οὐκ
2175 1999 2406 2102 ὀρθῶς
2459 1998 2606 2080 ἐθέ-
2634 2030 2671 2075 e

204 2133 465 2202 λουσιν
546 2126 766 2202 αἰτεῖν
836 2120 922 2203 τὸ
1002 2129 1149 2202 τῶν
1220 2122 1718 2203 ἐλπισθέντων
1787 2122 2277 2204 ἀποκλείουσα
2357 2122 2606 2229 πέρας,

87 2266 173 2328 15
202 2243 550 2346 συνήσεις
616 2244 929 2331 εὐκόλως
990 2247 1080 2354 ἐξ
1131 2243 1233 2325 ὧν
1287 2248 1329 2326 ὁ
1383 2252 1717 2349 Χριστοῦ
1781 2246 2105 2349 μαθητὴς
2168 2249 2611 2329 ἀποτείνεται

201 2369 516 2477 γράφων
552 2371 689 2451 ῶδί
718 2381 763 2418 “
788 2377 1064 2452 Αἰτεῖτε
1099 2372 1216 2452 καὶ
1255 2371 1340 2451 οὗ
1376 2370 1812 2470 λαμβάνετε,
1849 2370 2029 2452 διότι
2064 2379 2299 2457 κακῶς
2334 2377 2611 2472 αἰτεῖτε,
2700 2359 2883 2491 1842&

204 2505 251 2543 “
287 2496 404 2575 ἵνα
439 2496 518 2575 ἐν
552 2500 708 2581 ταῖς
745 2495 1029 2597 ἡδοναῖς
1066 2497 1265 2596 ὑμῶν
1301 2494 1814 2597 δαπανήσετε.”
1874 2494 1985 2576 διὸ
2031 2497 2147 2576 καὶ
2189 2495 2416 2576 πάλιν
2448 2500 2610 2602 περὶ

203 2626 351 2699 τῶν
388 2624 722 2728 διψυχεῖν
757 2620 1109 2702 εἰωθότων
1151 2621 1348 2727 φησί
1377 2631 1423 2668 “
1453 2619 1587 2722 Μὴ
1633 2618 1778 2724 γὰρ
1827 2619 2088 2700 οἰέσθω
2140 2623 2181 2700 ὁ
2232 2621 2610 2724 ἅνθρωπος
2702 2618 2784 2735 ἓ·
2807 2620 2840 2669 ¹·
2865 2630 2915 2682 ⁷'

208 2754 253 2791 “
291 2746 568 2844 ἐκεῖνος,
638 2744 748 2825 ὅτι
823 2744 1151 2851 λήψεταί
1217 2781 1288 2826 τι
1360 2743 1561 2849 παρὰ
1635 2753 1764 2825 τοῦ
1827 2744 2124 2848 Κυρίου·
2219 2744 2401 2849 ἀνὴρ
2467 2745 2613 2851 γὰρ

88 2895 181 2935 20
209 2877 254 2916 “
290 2868 619 2974 δίψυχος,
659 2869 1159 2956 ἀκατάστατος
1211 2873 1289 2951 ἐν
1339 2870 1614 2955 πάσαις
1669 2877 1825 2954 ταῖς
1880 2871 2070 2954 ὁδοῖς
2119 2872 2405 2950 αὖτοῦ.”
2464 2879 2611 2956 τοῖς

206 2991 339 3090 μὲν
387 2991 531 3096 γὰρ
583 2996 948 3096 ἐρωτῶσιν
1005 2997 1134 3075 οὐκ
1189 3001 1286 3080 εἰς
1346 2995 1802 3098 κατόρθωσιν
1844 2995 2102 3097 ἀρετῆς
2153 2991 2288 3094 τὴν
2338 2996 2613 3076 ἄνωθεν
2635 3031 2673 3071 a
2710 3017 2847 3076 807
2867 3015 2948 3073 Δ.

206 3114 438 3221 χάριν,
493 3117 664 3199 ἀλλ’
719 3126 818 3204 εἰς
871 3118 1284 3200 ἀπόλαυσιν
1338 3122 1689 3224 σαρκικῆς
1747 3118 2004 3219 ἡδονῆς
2063 3120 2184 3198 καὶ
2243 3125 2614 3217 κοσμικῶν

204 3243 615 3345 ἐπιθυμιῶν,
651 3248 1032 3349 μονονουχὶ
1068 3246 1187 3324 καὶ
1224 3242 1673 3351 ἀποφράττει
1708 3241 1794 3323 τὸ
1829 3244 1951 3327 οὖς
1989 3244 2029 3324 ὁ
2068 3241 2276 3342 Θεὸς,
2314 3251 2622 3349 χορηγεῖ

205 3367 283 3447 δὲ
356 3375 731 3454 παντελῶς
766 3369 994 3449 οὐδέν·
1082 3365 1132 3448 ἃ
1193 3367 1340 3472 γὰρ
1402 3366 1495 3447 ἂν
1557 3366 1963 3475 ἀποφάσκῃ
2028 3371 2146 3447 καὶ
2222 3365 2611 3470 ἀπόβλητα

91 3506 175 3569 25
203 3495 494 3592 ποιῆται
549 3490 666 3572 διὰ
723 3490 857 3593 τὴν
911 3494 1220 3573 ἐνοῦσαν
1276 3492 1515 3574 αὐτοῖς
1571 3492 1984 3596 βδελυρίαν,
2036 3497 2190 3576 πῶς
2247 3489 2339 3572 ἂν
2390 3528 2611 3599 χορη-

204 3614 435 3718 γήσαι
477 3617 720 3714 τισίν;
782 3618 827 3718 ἡ
879 3613 955 3697 δὲ
1008 3614 1305 3718 ἀπάσης
1350 3615 1798 3719 γλυκύτητος
1841 3614 2044 3718 πηγὴ
2103 3623 2257 3702 πῶς
2303 3613 2397 3698 ἀν
2433 3617 2609 3719 αὐτὴ

201 3740 461 3843 πικρὸν
536 3741 953 3837 ἀναβλύσαι
1025 3746 1266 3842 νᾶμα;
1353 3741 1464 3821 ὅτι
1539 3740 1615 3820 δὲ
1687 3748 1836 3824 τοῖς
1908 3748 2055 3821 τῶν
2114 3750 2611 3841 πνευματικῶν

205 3865 679 3970 χαρισμάτων
736 3868 1073 3969 ἐρασταῖς
1135 3866 1462 3973 πλουσίᾳ
1524 3900 1601 3946 τε
1668 3869 1784 3946 καὶ
1845 3865 2358 3973 προθυμοτάτῃ
2429 3871 2609 3971 χειρὶ

206 3990 512 4086 διανέμει
558 3987 651 4069 τὰ
701 3987 963 4091 ἀγαθὰ,
1001 3989 1307 4094 κατόψει
1355 3991 1639 4097 ῥᾳδίως,
1675 3989 1851 4070 ὅταν
1896 3989 2217 4097 ἀκούσῃς
2268 3989 2609 4094 λέγοντος

88 4146 176 4203 30
206 4111 323 4193 διὰ
386 4113 517 4214 μὲν
574 4113 896 4194 Ησαΐου
959 4121 1088 4194 τοῦ
1146 4113 1526 4221 προφήτου
1599 4148 1782 4217 προς
1849 4113 2105 4197 αὐτούς
2163 4124 2208 4162 “
2233 4113 2404 4194 Ἔτι
2465 4125 2608 4196 σοῦ
2630 4132 2674 4197 b
2707 4114 2918 4167 Es.1xv.

203 4250 250 4288 ‘⁶
278 4248 680 4325 λαλοῦντος
713 4241 849 4342 ἐρῶ
888 4238 990 4320 Τι’
1019 4238 1229 4319 ἐστι’·
1210 4300 1232 4336 ,
1239 4235 1426 4318 δ”ιᾶ
1464 4238 1538 4319 δὲ
1577 4241 1706 4339 τῆς
1740 4245 1869 4317 τοῦ
1901 4235 2326 4344 ψάλλοντος
2363 4243 2610 4345 φωνῆς
2698 4184 2898 4314 Ῑῗῗίίοςς·

237 4527 367 4643 ΒῘΊ.
403 4512 726 4640 Boranga-ere
752 4513 818 4570 Ε.
843 4510 1169 4583 &marham
1197 4512 1301 4568 Ed.
1522 4528 1604 4583 19.
1641 4512 1735 4565 τοῦ
1756 4527 1864 4565 om.
1891 4510 1957 4567 Ε.
2172 4521 2260 4581 25.
2295 4510 2515 4564 ποιεῖται
2540 4507 2609 4562 Ε.

201 4605 234 4645 2
330 4607 387 4641 Π
411 4602 519 4641 Om-
596 4624 611 4641 ο
