3238 5158
222 340 481 428 viii.52.
796 345 911 410 IN
971 346 1040 411 S.
1090 346 1605 413 JOANNEM.
1697 348 1891 414 LIB.
1924 348 2043 413 VI.
2502 346 2628 410 117

219 502 322 586 ὧν
372 504 746 610 εἰρήκασιν
789 511 886 594 ὦς
939 507 1030 610 ἦν
1077 511 1125 611 ἦ
1180 509 1485 613 ἀλήθεια
1524 569 2624 595 ...................

224 693 1281 717 ..................
1340 642 1458 716 καὶ
1512 635 1792 736 ἀληθὴς
1857 638 1898 717 5
1957 632 2337 741 προφήτης
2388 632 2628 736 λέγων
2649 659 2686 705 e

223 762 267 799 “
293 751 472 835 Ὅτι
523 757 782 838 εὐθεῖαι
831 762 905 837 αὶ
956 759 1106 838 ὁδοὶ
1156 767 1287 840 τοῦ
1339 760 1634 864 Κυρίου,
1680 766 1798 840 καὶ
1846 760 2100 840 δίκαιοι
2148 758 2628 862 πορεύσονται
2713 758 2842 891 ξω·
2859 758 2961 809 ¹³*-

223 889 269 926 “
303 882 381 959 ἐν
415 881 687 966 αὐταῖς·
746 886 813 962 οἱ
864 881 942 962 δὲ
991 885 1283 979 ἀσεβεῖς
1330 884 1874 984 ἀσθενήσουσιν
1910 886 1988 964 ἐν
2024 881 2336 967 αὑταῖς.”
2396 915 2618 962 κατα·

161 1021 197 1082 5
221 1005 537 1106 πλαγείη
582 1006 652 1086 δ’
694 1005 785 1088 ἅν
820 1039 929 1092 τις
964 1005 1098 1107 τὴν
1133 1006 1579 1112 ἀσύγκριτον
1614 1010 1851 1089 αὐτῶν
1885 1010 2021 1088 κάν
2055 1007 2288 1116 τούτῳ
2335 1006 2621 1106 μανίαν.

222 1128 610 1226 δαιμονίων
664 1132 781 1210 καὶ
835 1137 1174 1234 πονηρῶν
1217 1130 1645 1229 πνευμάτων
1696 1132 1825 1211 οὐκ
1879 1131 2350 1234 εὐαρίθμητον
2398 1129 2629 1235 οχλον

221 1257 358 1358 μιᾶ
407 1260 539 1333 τοῦ
598 1257 971 1412 Σωτῆρος
991 1260 1201 1362 φωνῇ
1256 1255 1824 1358 συντριβόμενον
1872 1253 2287 1352 βλέποντες,
2332 1257 2450 1334 καὶ
2493 1255 2630 1361 οὐχ

220 1378 478 1458 ἑκόντα
550 1384 698 1458 τῶν
760 1381 838 1459 ἐν
899 1376 1005 1463 οἷς
1076 1377 1273 1479 ἦσαν
1333 1377 1843 1486 ἐξωθούμενον,
1908 1380 1994 1458 οὐ
2058 1377 2627 1484 καταφρίττουσι

222 1498 677 1601 δαιμόνων
628 1536 815 1607 εχειν
850 1501 1189 1605 λε’γοντες
1224 1500 1464 1601 αὐτὸν,
1502 1504 1731 1582 καίτοι
1769 1500 1887 1582 διὰ
1928 1508 2312 1606 λογισμῶν
2346 1510 2626 1604 πληρο-
2647 1529 2685 1571 8
2732 1516 2862 1573 ⁶¹75
2878 1514 2964 1572 Δ·

124 1648 199 1690 10
224 1624 663 1730 φορηθέντες
716 1627 1142 1726 ἀναγκαίων,
1191 1627 1289 1709 ὡς
1345 1626 1475 1706 οὐκ
1531 1623 1624 1704 ἀν
1674 1628 1715 1705 5
1762 1630 2092 1709 Σατανᾶς
2144 1620 2445 1719 ἐκβάλοι
2498 1622 2628 1704 τὸν

225 1752 588 1829 Σατανᾶν.
659 1759 704 1797 “
733 1754 963 1829 Πᾶσα
1015 1747 1159 1854 γὰρ
1212 1750 1580 1849 βασιλεία,
1629 1750 1865 1856 φησὶν
1920 1751 1962 1829 5
2017 1745 2365 1852 Χριστὸς,
2415 1781 2621 1851 μερι-
2712 1741 2960 1871 ᾖξζὲδ·

224 1880 273 1919 “
309 1878 576 1953 σθεῖσα
624 1875 783 1954 καθ’
823 1872 1080 1973 ἑαυτὴν
1116 1876 1518 1977 ἐρημοῦται·
1598 1876 1718 1953 καὶ
1761 1879 1973 1954 πᾶσα
2014 1872 2200 1953 οἰκία
2249 1875 2365 1951 καὶ
2412 1870 2629 1957 πόλις
2720 1872 2822 1945 ²⁶·-

225 2004 273 2043 “
308 1980 741 2096 μερισθεῖσα
776 1996 942 2078 καθ’
983 1995 1241 2097 ἑαυτὴν
1275 1998 1681 2102 ἐρημοῦται.
1757 1999 1875 2077 καὶ
1923 2002 1984 2077 εἰ
2032 1998 2073 2077 5
2124 2002 2452 2080 Σατανᾶς
2500 1994 2630 2077 τὸν

223 2129 273 2167 “
314 2125 649 2201 Σατανᾶν
682 2120 1053 2219 ἐκβάλλει,
1090 2122 1204 2228 ἐφ’
1243 2118 1497 2201 ἑαυτὸν
1529 2122 1902 2224 ἐμερίσθη·
1962 2126 2119 2205 πῶς
2167 2120 2294 2201 οὖν
2338 2118 2624 2221 σταθή-

120 2263 197 2324 15
225 2252 274 2292 “
310 2278 517 2325 σεται
565 2245 611 2346 ἡ
660 2247 1011 2342 βασιλεία
1058 2245 1276 2326 αὐτοῦ
1305 2246 1373 2344 ;'’
1434 2242 1589 2325 ἰδοὺ
1635 2245 1876 2325 τοίνυν
1909 2246 2056 2347 ἐρεῖ
2092 2278 2221 2342 τις,
2259 2246 2377 2324 καὶ
2424 2240 2630 2344 μα’λα

221 2366 516 2453 εἰκότως
553 2378 600 2417 “
627 2367 825 2453 Λαὸς
860 2368 1085 2455 ὅντως
1133 2367 1373 2473 μωρὸς
1419 2373 1537 2449 καὶ
1585 2368 1939 2472 ἀκοίρδιος,
1977 2369 2354 2472 ὀφθαλμοὶ
2390 2368 2628 2453 αὐτοῖς
2715 2359 2861 2477 ²311.oe.
2875 2376 2926 2411 '⁰

219 2501 273 2538 “
310 2494 430 2571 καὶ
483 2493 569 2572 οὐ
621 2492 1051 2592 βλέπουσιν,
1092 2489 1243 2573 ὦτα
1299 2494 1537 2579 αὐτοῖς
1592 2496 1711 2572 καὶ
1765 2493 1895 2572 οὐκ
1949 2491 2404 2572 ἀκούουσιν.”
2464 2493 2626 2572 οὔτε

217 2613 373 2720 γὰρ
409 2615 613 2726 λόγῳ
651 2620 769 2697 καὶ
806 2619 1306 2703 διδασκαλίαις
1339 2618 1833 2719 μετατίθενται
1866 2615 2051 2721 πρὸς
2098 2616 2183 2697 τὸ
2228 2614 2498 2698 ἐθέλειν
2536 2614 2626 2696 τὰ
2651 2625 2697 2692 b

219 2742 494 2840 ἀμείνω
530 2746 842 2848 φρονεῖν,
879 2744 1041 2822 οὔτε
1078 2748 1228 2827 τοῖς
1273 2746 1401 2841 τῆς
1451 2741 1765 2826 διανοίας
1801 2740 2082 2841 ὄμμασι
2117 2739 2251 2841 τὴν
2287 2738 2630 2821 ἁπάντων

117 2895 198 2937 ²0
218 2865 583 2961 βασιλίδα
627 2864 1154 2966 καταθεώμενοι
1191 2864 1442 2972 φύσιν,
1476 2871 1637 2949 ταῖς
1683 2870 1782 2950 εἰς
1829 2865 2118 2961 ἀτιμίαν
2153 2865 2623 2967 ὑπερβολαῖς,

220 2987 554 3093 καθάπερ
589 2992 743 3070 τισὶ
779 2989 1031 3087 λίθοις,
1060 2993 1756 3097 κατασφενδονῶσιν
1791 2987 2035 3089 αὐτὴν,
2062 2994 2357 3087 μᾶλλον
2387 2986 2462 3067 δὲ
2499 2985 2632 3087 τὴν

220 3113 415 3193 ἰδίαν
451 3112 757 3198 ἕκαστος
791 3109 1064 3220 ψυχήν.

210 3305 522 3395 Ἀβραὰμ
591 3306 883 3373 ἀπέθανε
955 3305 1062 3371 καὶ
1132 3302 1194 3373 οἷ
1265 3313 1601 3397 προφῆται
1673 3306 2028 3388 ἀπέθανον,
2092 3303 2199 3371 καὶ
2270 3304 2347 3372 σὺ
2419 3306 2632 3381 λέπειν.

320 3429 490 3496 Ἐάν
531 3454 629 3498 uc
681 3431 794 3500 τὸν
838 3433 1032 3508 λόγον
1074 3453 1200 3510 μου
1255 3434 1528 3526 τηρήσῃ,
1567 3434 1849 3500 Θάνατον
1901 3431 1978 3499 οὐ
2033 3432 2121 3510 μιὶ
2179 3432 2485 3507 Γεύσκται
2538 3428 2633 3498 εἷο

120 3571 199 3633 25
331 3554 447 3622 τὸν
500 3553 732 3624 αἰῶνα.

331 3708 518 3793 Ὅτε
553 3717 682 3813 τῆς
718 3712 898 3799 ἰδίας
933 3713 1545 3822 καταψευδόμενοι
1582 3719 1908 3822 κεφαλῆς
1943 3720 2011 3796 οἰ
2046 3713 2456 3812 πάντολμοι
2487 3718 2636 3794 τῶν
2659 3745 2697 3792 ο

224 3837 595 3917 Ἰουδαίων
632 3841 866 3938 δῆμοι,
902 3836 989 3918 τό
1029 3838 1425 3938 Δαιμόνιον
1460 3838 1643 3944 ἔχεις
1678 3843 1782 3945 τῷ
1821 3839 2113 3942 Σωτῆρί
2144 3846 2399 3945 φασιν,
2437 3833 2638 3916 οὐδὲν

226 3960 472 4065 ἕτερον
511 3962 921 4062 ὑποδηλοῦν
958 3960 1357 4062 ἐθέλουσιν,
1392 3960 1438 4065 ἢ
1490 3963 1600 4043 ὅτι
1654 3961 1846 4044 Θεὸν
1887 3959 2201 4043 σεαυτὸν
2244 3967 2498 4058 ποιεῖς,
2538 3962 2637 4045 ὡς

310 4181 360 4218 1.
396 4164 614 4233 ὁςηναι
648 4163 969 4234 ἀλήθειαΒ.
1004 4163 1236 4234 ὦςῆνῆ
1270 4164 1488 4235 ἀλήθεια
1527 4165 1711 4220 Holst.
1750 4164 1856 4220 Ed.
1947 4164 2089 4218 “Au
2124 4165 2195 4220 ὥς
2230 4160 2635 4232 εἷναιάληθῆὶ”

232 4232 436 4306 Heyse.
512 4234 705 4290 Statim
727 4257 797 4307 χν
819 4236 965 4360 (ιεᾶ
965 4237 1174 4306 ρ)ιστὸν
1200 4187 1292 4291 οὖν
1313 4237 1414 4307 ὅρα
1435 4239 1547 4293 τοῖς
1570 4236 1816 4294 ἰουδαίοις
1838 4236 1923 4290 καὶ
1944 4238 2053 4319 τοῖς
2077 4236 2264 4302 σώζειν
2291 4232 2507 4305 [σώζην.
2544 4234 2638 4287 An

226 4322 333 4429 gro
358 4307 602 4448 quqm
490 4304 597 4389 νῖ]
608 4258 965 4378 πεφυκόσιᾶ
1046 4307 1201 4367 Quae
1225 4325 1352 4362 cum
1384 4306 1669 4363 emendare
1700 4324 1810 4361 non
1844 4307 2068 4377 poesim,
2093 4306 2340 4360 lacunam
2368 4322 2494 4359 cum
2519 4304 2637 4359 Au-

232 4461 260 4499 1
273 4462 323 4500 2.
362 4394 620 4516 essfissuh
571 4446 638 4503 B.
643 4463 690 4501 ο.
719 4394 887 4502 cmg?
912 4376 1390 4536 ff‘sssssszlxffss.
1569 4394 1655 4433 ¹⁰
1691 4377 2036 4520 “12⁰³ssssssssss
2059 4375 2486 4514 (ἐωῗιῖἶῖάλλὲ
2486 4373 2638 4501 2¹1³,ss

231 4516 323 4570 18.
363 4515 750 4589 Lugendumne
773 4517 1194 4590 μετατιθέμενοιὶ
1506 4517 1782 4575 .θάνοτον
1804 4519 1867 4574 οὐ
1889 4519 1960 4590 μὴ
1982 4515 2236 4590 γεύσηται
2262 4515 2329 4571 Β.
2358 4515 2457 4571 Ht.
2484 4515 2546 4569 οὗ
2567 4514 2639 4584 μὴ

223 4584 483 4659 γεῦσηται
506 4587 731 4644 θανάτου
756 4587 903 4644 Aub.
1117 4589 1207 4647 28.
1241 4589 1311 4648 ὥς
1337 4589 1405 4645 Β.
1429 4588 1489 4646 ὃς
1515 4590 1614 4645 Ht.
1643 4588 1747 4645 Ed.
