3238 5158
165 342 266 389 xv.
294 342 395 390 20.
521 325 637 391 IN
698 327 764 393 S.
814 327 1328 395 JOANNEM.
1419 329 1613 396 LIB.
1664 329 1747 395 X.
1839 328 2040 396 CAP.
2088 330 2184 396 ΙΙ.
2420 318 2562 399 '595

162 489 414 575 αἰκίαις
448 490 535 572 τὸ
569 489 882 573 ἑκάστου
917 492 1180 594 κίνημα
1216 499 1360 575 τῶν
1399 495 1898 599 ἀκροωμένων·
1968 497 2204 604 ἐφῆκα
2241 493 2319 575 δὲ
2355 501 2552 594 μᾶλ·

164 622 296 694 λον
341 622 433 720 τῇ
482 616 792 697 ἑκάστου
847 618 1261 722 προαιρέσει
1317 616 1404 699 τὸ
1459 619 1758 700 ἑλέσθαι
1815 617 1900 701 τὸ
1957 623 2246 716 δοκοῦν,
2289 623 2559 722 δρᾶσαι

164 736 237 818 δὲ
292 737 403 820 ὅτι
454 775 594 845 περ
647 739 738 821 ἂν
770 740 1185 837 βούλοιντο·
1265 746 1383 824 καὶ
1438 752 1616 845 γοῦν
1656 743 2081 844 διωκόμενος
2115 744 2554 847 ἐκαρτέρουν,
2579 757 2624 822 b

163 864 385 950 καίτοι
441 874 570 946 τοῦ
628 870 1076 948 διακωλῦσαι
1129 866 1315 972 ἔχων
1370 865 1504 967 τὴν
1556 869 1920 975 ἐξουσίαν.
2001 868 2177 949 ὅταν
2233 869 2359 948 οὖν
2415 869 2557 971 ἄρα

102 1002 137 1064 5
164 985 513 1088 διώκησθε
571 993 688 1069 καὶ
749 992 976 1087 αὐτοὶ,
1035 996 1654 1096 διακαρτεροῦντες
1709 997 2154 1098 παραχρῆμα
2220 992 2354 1092 τὴν
2410 1000 2558 1072 τῶν

157 1112 564 1209 μισούντων
618 1114 1059 1218 ἀποτροπὴν,
1125 1113 1304 1215 μηδὲ
1372 1119 1907 1223 δυσφοροῦντες
1974 1118 2163 1222 ἄγαν
2219 1119 2335 1198 ἐπὶ
2399 1124 2555 1201 ταῖς

159 1236 607 1341 ἀχαριστίαις
676 1246 823 1320 τῶν
889 1240 1443 1346 ὠφελουμένων,
1515 1241 1819 1322 κατόπιν
1883 1245 2011 1341 τῆς
2086 1245 2258 1342 ἐμῆς
2332 1241 2556 1326 ἰόντες

160 1362 576 1460 οἰκονομίας,
614 1363 731 1443 διὰ
779 1370 924 1444 τῶν
962 1365 1200 1444 αὐτῶν
1236 1364 1539 1469 ἔρχεσθε
1592 1364 2040 1466 θελημάτων,
2077 1366 2198 1446 ἵνα
2253 1370 2371 1447 καὶ
2428 1370 2556 1465 τῆς

160 1482 401 1581 ὁμοίας
436 1486 848 1594 μετάσχητε
888 1486 1133 1596 δόξης.
1204 1493 1272 1569 οἰ
1309 1485 1454 1593 γὰρ
1489 1488 2058 1596 συμπάσχοντες
2095 1492 2213 1571 καὶ
2247 1500 2548 1591 συμβα-
2641 1487 2829 1603 ἔξω·

75 1637 135 1678 ιο
159 1608 613 1693 σιλεύσουσι.

266 1738 630 1835 Προσθεὶς
671 1734 749 1817 δὲ
793 1739 911 1817 καὶ
958 1738 1200 1842 τρίτον
1238 1745 1317 1819 Εἰ
1358 1741 1460 1821 τὶν
1497 1740 1703 1842 λόγον
1738 1777 1870 1847 μου
1918 1740 2244 1848 ἐτήρησαν,
2285 1745 2406 1821 καὶ
2453 1738 2554 1821 τὶν

156 1854 442 1965 ὑμέτερον
496 1859 883 1967 τηρήσουσιν,
927 1859 1222 1962 ἀθύμως
1275 1862 1463 1968 ἔχειν
1499 1864 1628 1943 οὐκ
1682 1865 1766 1971 ἐᾷ
1816 1859 1919 1963 μὴ
1974 1863 2550 1969 παραδεχθείσης
2574 1896 2612 1940 ο

154 1981 386 2061 αὐτῶν
448 1987 577 2083 τῆς
639 1985 1113 2070 διδασκαλίας
1183 1986 1347 2067 ἔσθ’
1413 1985 1557 2069 ὅτε.
1655 1996 1850 2068 ποιεῖ
1912 1986 1989 2068 δὲ
2057 1985 2359 2096 σφόδρα
2432 1991 2551 2069 καὶ

152 2113 363 2186 τοῦτο
412 2114 679 2193 καλῶς.
758 2108 975 2189 οἴεται
1025 2109 1157 2209 μὲν
1199 2110 1341 2214 γὰρ
1377 2112 1418 2191 5
1453 2110 1638 2214 πρὸς
1685 2121 1900 2193 τοῦτο
1951 2111 2546 2217 προκεχειρισμέ-

75 2253 128 2315 t5
154 2262 288 2328 νος,
339 2229 452 2311 ὅτι
502 2233 745 2313 πόνων
800 2234 1076 2337 &dom
1132 2234 1386 2338 ζημίαν
1442 2241 1503 2316 εἰ
1558 2233 1660 2337 μὴ
1715 2236 2104 2332 βούλοιντό
2162 2270 2345 2320 τινες
2398 2242 2550 2321 τοῖς

152 2353 316 2456 παρ’
375 2357 596 2436 αὐτοῦ
649 2356 1029 2438 πείθεσθαι
1083 2358 1357 2461 λόγοις“
1450 2359 1536 2440 τὸ
1593 2357 1672 2439 δὲ
1728 2362 1862 2464 οὐχ
1919 2361 2143 2445 οὕτως
2198 2358 2369 2463 ἕχει·
2446 2357 2549 2459 μὴ

76 2573 83 2581 Ι
153 2475 292 2584 γὰρ
342 2477 434 2582 δή
485 2514 591 2564 τις
636 2480 922 2579 οἰέσθω,
961 2481 1230 2582 πόθεν,
1301 2481 1592 2587 εἰρηκὼς
1645 2483 1790 2587 γὰρ
1823 2481 2030 2591 ἅπαξ
2080 2486 2197 2564 καὶ
2251 2482 2385 2584 τὴν
2419 2491 2548 2564 τοῦ

153 2607 650 2712 συμφέροντος
716 2608 996 2708 γνώσιν
1055 2609 1096 2687 5
1156 2605 1587 2707 σύμβουλος
1644 2611 2012 2712 παραθεὶς,
2080 2607 2257 2710 ὅπερ
2320 2606 2410 2708 ἦν
2470 2609 2549 2687 ἐν

153 2728 338 2836 αὐτῷ
386 2737 603 2810 τοῦτο
657 2733 773 2810 καὶ
831 2731 1149 2834 δέδρακε·
1228 2734 1542 2813 κείσεται
1599 2730 1686 2813 τὸ
1743 2731 2006 2813 λοιπὸν
2060 2732 2137 2811 ἐν
2191 2737 2345 2815 ταῖς
2401 2737 2548 2810 τῶν

77 2882 129 2923 20
152 2853 617 2956 ἀκροωμένων
690 2854 1032 2957 γνώμαις·
1150 2856 1556 2960 τραπέσθαι
1630 2855 1776 2960 γὰρ
1848 2852 2105 2940 αὐτοὺς
2178 2856 2289 2960 ἐφ’
2366 2851 2547 2958 ὅπερ

149 2975 451 3063 ἕκαστος
485 2976 716 3058 ἐθέλει
749 2978 1019 3086 ῥᾴδιον,
1059 2979 1104 3080 ἢ
1141 2979 1325 3084 πρὸς
1361 2980 1752 3061 εὐπείθειαν
1787 2977 1834 3081 ἢ
1871 2977 1957 3060 τὸ
1994 2977 2336 3059 ἐναντίον.
2415 2979 2543 3060 οὐκ
2568 2993 2615 3060 d

151 3102 588 3203 ἀποκνητέον
643 3102 771 3182 οὖν
825 3104 968 3207 ἄρα
1021 3109 1169 3188 τοῖς
1222 3110 1369 3184 τῶν
1424 3106 1748 3208 ἀρίστων
1803 3108 2246 3207 εἰσηγηταῖς,
2297 3100 2381 3183 τὸ
2425 3105 2545 3182 καὶ

147 3231 294 3310 τοῖς
346 3226 810 3330 ἀπεγνωκόσι
857 3229 986 3309 τὸν
1039 3232 1352 3336 ὠφελεῖν
1407 3225 1800 3327 δυνάμενον
1853 3228 2252 3330 ε’νσπείρειν
2312 3223 2545 3328 λόγον

146 3351 236 3455 τῇ
272 3353 429 3457 θείᾳ
466 3351 777 3451 δυνάμει,
816 3354 933 3432 καὶ
964 3351 1057 3433 τὰ
1099 3353 1269 3452 ἡμῖν
1308 3354 1435 3433 οὐκ
1472 3350 1730 3457 ἐφικτὰ
1764 3349 2118 3432 δύνασθαι
2151 3356 2547 3453 κατορθοῦν

86 3500 120 3562 5
145 3473 325 3572 μετὰ
376 3475 695 3561 πίστεως
755 3476 1261 3576 ἀπονέμουσιν,
1317 3474 1358 3557 5
1409 3475 1497 3577 δὴ
1553 3480 1672 3556 καὶ
1727 3473 2024 3580 γεγονὸς
2085 3477 2241 3576 ἤτοι
2300 3480 2543 3559 καλῶς

144 3599 772 3705 ἐσχηματισμένον
825 3605 943 3680 καὶ
998 3603 1074 3681 ἐν
1107 3608 1264 3685 ταῖς
1316 3605 1463 3681 τῶν
1495 3597 1877 3681 ταλάντων
1912 3604 2275 3699 διανομαῖς
2330 3599 2540 3702 εὑρή-

144 3755 395 3822 σομεν.
472 3726 516 3804 5
550 3724 683 3825 μὲν
717 3723 860 3829 γὰρ
916 3726 1319 3829 εὑρίσκεται
1373 3725 1543 3804 δέκα
1598 3723 1875 3823 λαβὼν,
1915 3726 1955 3804 5
1994 3721 2069 3804 δὲ
2114 3721 2346 3821 πέντε,
2385 3724 2426 3802 5
2464 3721 2542 3802 δὲ

145 3847 292 3945 δύο,
330 3849 449 3929 καὶ
499 3847 681 3953 πρὸς
738 3848 1014 3933 τούτοις
1065 3849 1166 3929 ε”τι
1215 3848 1300 3930 τὸ
1356 3848 1453 3947 ἓν,
1492 3847 1572 3935 ὃς
1627 3848 1717 3950 δὴ
1782 3852 1901 3930 καὶ
1947 3848 2539 3953 ἐμπορεύσασθαι

142 3971 726 4075 παραιτούμενος,
791 3974 1159 4079 κατέχωσε
1222 3973 1356 4073 μὲν
1419 3972 1504 4054 τὸ
1565 3974 1930 4055 τάλαντον
2002 3978 2100 4058 εἰς
2174 3971 2310 4071 τὴν
2373 3975 2534 4072 γῆν·
2563 4013 2598 4057 0

80 4129 117 4168 0
143 4093 412 4191 ἤκουσε
469 4095 545 4176 δὲ
600 4094 718 4177 διὰ
770 4105 986 4177 τοῦτο
1041 4106 1087 4144 “
1117 4094 1402 4200 Πονηρὲ
1467 4100 1683 4177 δοῦλε
1746 4099 1863 4176 καὶ
1923 4094 2194 4198 ὀκνηρὲ,
2250 4094 2387 4175 ἔδει
2447 4128 2535 4176 σε
2628 4079 2874 4210 {gg-⁸33·

143 4229 188 4267 “
222 4227 484 4316 βαλεῖν
554 4219 639 4301 τὸ
702 4218 1045 4326 ἀργύριόν
1117 4255 1259 4322 μου
1313 4228 1463 4306 τοῖς
1516 4220 1987 4326 τραπεζίταις,
2048 4216 2249 4322 κάγὼ
2305 4218 2540 4299 ἐλθὼν
2633 4220 2711 4276 ²⁷·

214 4520 267 4568 ⁴·
306 4500 649 4558 διακωλύσειν
674 4500 741 4557 Ε.
1056 4517 1140 4559 11.
1177 4499 1405 4571 ἐτήρησα
1430 4500 1496 4555 Ε.
1812 4517 1896 4571 19.
1933 4501 1993 4556 τὸ
2015 4506 2357 4568 assumptum
2382 4514 2447 4550 ex
2473 4494 2540 4550 Ε.

144 4587 231 4627 21.
268 4571 299 4641 ἢ
326 4572 474 4644 prius
500 4572 563 4629 Ε.
595 4572 698 4629 Ed.
724 4590 835 4645 mg.
863 4571 893 4642 ἦ
922 4571 1023 4628 Ed.
1277 4588 1365 4642 ²3·
1401 4573 1511 4629 τοῖς
1535 4587 1644 4627 om.
1672 4570 1880 4643 Migne.
2131 4585 2218 4636 ²⁴·
2253 4567 2450 4638 ἀφικτᾶ
2475 4564 2541 4621 Ε.

1247 4662 1438 4737 4G'2
