3238 5158
645 361 731 423 78
1248 361 1329 426 Β.
1376 361 1796 428 CYRILLI
1854 360 2440 427 ALEXANDR.
2646 358 2780 426 viii.
2804 367 3008 446 39‚40.

645 523 1013 629 σκευάζειν
1049 522 1306 611 αὐτοὺς
1342 529 1716 632 ἐπιχειρεῖν
1751 529 1881 626 τῆς
1930 528 2048 607 ἐπὶ
2096 531 2199 633 τῷ
2247 523 2584 635 προγόνῳ
2630 521 3015 633 φιλοτιμίας

648 648 1084 748 ὑπώπτευον,
1158 650 1404 749 αἵματι
1483 649 1561 731 δὲ
1642 655 1747 758 τῷ
1820 650 2052 757 οἰκείῳ
2121 650 2554 754 προσνέμειν
2628 648 2761 747 τὴν
2827 644 3017 752 e‘u'pcp

648 772 1240 876 χρεωστουμένην
1277 772 1511 873 τιμὴν,
1542 777 1661 854 καὶ
1697 778 1827 874 τῆς
1861 773 2368 879 πατριαρχείας
2399 771 2534 875 τὴν
2570 768 3020 879 ἀρχαιοτάτην

650 895 874 1003 δόξαν
938 898 1549 998 ὑποτοπήσαντες,
1615 897 2192 1003 φιλονεικότερόν
2255 931 2336 978 τε
2401 902 2516 977 καί
2582 894 3021 995 εὐτονώτερον

651 1020 1161 1125 ὑπαντιάζουσι
1214 1022 1549 1124 λέγοντες
1582 1021 1675 1103 ‘O
1725 1021 1949 1130 πατῆρ
2008 1021 2185 1128 ἡμῶν
2218 1019 2558 1130 Ἀβραάμ
2613 1023 2811 1102 ἐστιν.
2878 1015 3066 1095 ’ίσον5

648 1140 793 1246 γὰρ
878 1146 973 1229 ὡς
1058 1149 1118 1224 εἰ
1201 1148 1316 1225 καὶ
1399 1144 1730 1253 ἔφασκον
1806 1144 1973 1226 Κάν
2040 1152 2306 1252 σοφοῖς
2389 1146 2596 1246 ἡμᾶς,
2673 1140 2734 1225 ὦ
2813 1141 3017 1235 οὗτος»

648 1265 1188 1375 περιαντλήσῃς
1222 1267 1493 1372 λόγοις,
1530 1266 1669 1349 κᾶν
1717 1277 1867 1354 τοῖς
1915 1270 2258 1376 ἐξαισίοις
2302 1268 2839 1375 περικτυπ-ήσῃς
2873 1260 3023 1345 θαύ-

648 1423 835 1488 μασι
910 1394 1028 1472 καί
1089 1399 1245 1478 ταῖς
1312 1392 1487 1497 ὑπὲρ
1552 1392 1780 1497 λόγον
1838 1392 2388 1501 κατακροτήσῃς
2458 1389 3019 1496 μεγαλουργίαις,

580 1525 624 1590 b
651 1516 778 1594 οὑκ
812 1515 1259 1618 ἀποστήσεις
1294 1526 1424 1598 τοῦ
1461 1519 1764 1622 ἀρχαίου
1803 1517 2279 1624 καυχήματος,
2317 1519 2445 1598 οὑκ
2492 1511 3025 1623 ἐπιγραψόμεθα
3169 1611 3170 1618 ¹

649 1646 777 1719 τοῦ
833 1640 1078 1742 γένους
1126 1640 1536 1745 ἀρχηγέτην
1580 1642 1858 1745 πατέρα
1908 1642 2036 1722 τὸν
2078 1639 2241 1737 σὸν,
2278 1638 2490 1750 ἑτέρῳ
2538 1639 2678 1741 τὴν
2721 1635 3026 1732 τοιαύτην
3048 1658 3101 1700 10

649 1765 778 1843 οὐκ
813 1764 1274 1864 ἀναθήσομεν
1302 1765 1546 1873 δόξαν,
1569 1767 1740 1846 ἀλλ’
1767 1765 1926 1846 οὐδὲ
1964 1765 2161 1850 νέους
2194 1766 2548 1870 γενάρχας
2585 1772 2737 1845 τῶν
2763 1767 3026 1865 ἀρχαιο·

649 1886 874 1989 τέρων
917 1887 1552 1997 ἀνταλλαξόμεθα.
1633 1889 2060 1992 θαυμαστὸν
2104 1887 2182 1970 δὲ
2232 1890 2461 1984 οὐδὲν,
2501 1890 2674 1968 ἀλλ’
2717 1883 2875 1968 οὐδὲ
2919 1885 3028 1961 τοῦ

650 2011 1128 2093 πιστεύεσθαι
1200 2013 1507 2117 μακρὰν,
1580 2012 1666 2094 τὸ
1753 2014 2110 2098 τοιαύταις
2203 2014 2539 2115 ἀμαθίαις
2608 2008 3028 2117 περιπίπτειν

650 2135 1055 2236 Ἰουδαίους,
1114 2137 1298 2219 ὅπου
1363 2142 1481 2218 καὶ
1544 2136 1779 2243 ψιλὸν
1846 2135 2190 2243 ὑπάρχειν
2254 2135 2474 2218 αὑτὸν
2538 2134 3028 2237 ὑπελάμβανον

316 2246 563 2377 ἓξὲξ·
653 2258 1056 2362 ἅνθραητον,
1125 2263 1240 2341 καὶ
1304 2270 1435 2342 τοῦ
1497 2259 1823 2346 τέκτονος
1888 2261 2298 2344 ἀπεκάλουν
2363 2261 2514 2342 υἱὸν
2575 2255 3029 2362 πολυτρόπως
3051 2268 3103 2332 ¹5
3177 2341 3178 2356 χ

596 2409 631 2453 0
653 2382 1223 2490 ἐξευτελίζοντες,
1261 2388 1378 2465 καί
1413 2388 1489 2465 ἐν
1525 2392 1630 2494 τῷ
1665 2389 1911 2486 μηδενὶ
1960 2385 2518 2471 κατατάττοντες
2553 2382 2683 2465 τὸν
2720 2380 3032 2465 ἁπάντων

651 2511 973 2603 βασιλέα
1029 2513 1146 2591 καὶ
1194 2509 1485 2614 Κύριον.
1561 2510 1672 2592 ὅτι
1728 2509 1807 2592 δὲ
1861 2512 1977 2592 καὶ
2030 2513 2195 2615 περὶ
2249 2514 2380 2612 τῆς
2435 2511 2644 2615 ἁγίας
2700 2505 3032 2614 παρθένου

653 2632 1075 2733 διετέθησαν
1119 2636 1248 2715 οὑκ
1296 2637 1549 2739 ὀρθῶς,
1587 2639 1687 2720 ὥς
1740 2634 1879 2717 ὑπό
1928 2669 2055 2716 του
2105 2635 2710 2745 κατεφθαρμένης,
2749 2633 2870 2715 διὰ
2910 2634 3035 2712 τῶν

652 2757 915 2865 ε’φεξῆς
952 2765 1215 2866 σαφῶς
1252 2757 1339 2860 δὴ
1377 2760 1543 2840 λίαν
1580 2758 1945 2860 εἰσόμεθα.

654 3001 838 3077 ΛὲΓει
890 2998 1114 3069 αὐτοῖς
1165 3004 1202 3070 ὃ
1246 3003 1498 3070 Ἰησοῦς.
1547 2999 1618 3068 Εἰ
1672 3003 1867 3069 τέκνα
1920 3000 2364 3092 τοΰἍβραάμ
2417 2997 2553 3083 ἦτε,
2594 3001 2674 3069 τὰ
2728 3001 2887 3092 &pra
2935 2998 3033 3064 τοῦ
3058 3008 3114 3051 20

555 3143 636 3199 40
749 3126 1050 3217 Ἀβραὰμ
1086 3125 1372 3196 ἐποιεῖτε
1409 3129 1510 3197 ἄν·
1564 3133 1678 3196 νῦν
1717 3127 1790 3194 δὲ
1838 3123 2082 3219 ζητεῖτέ
2130 3151 2212 3206 με
2260 3123 2666 3209 ἀποκτεῖναι,
2702 3128 3037 3217 ἄνθρωπον

756 3253 833 3321 60
884 3255 1002 3318 τὴν
1055 3254 1372 3322 ἀλήθειαν
1426 3251 1571 3333 ὑμῖν
1626 3255 1986 3335 λελάληκα,
2025 3255 2104 3322 ἦν
2159 3254 2408 3322 ἥκουσα
2462 3255 2642 3345 παρὰ
2694 3258 2816 3320 τοῦ
2868 3250 3036 3317 Θεοῦ·

587 3381 632 3447 d
757 3380 952 3442 τοῦτο
994 3376 1295 3468 Ἀβραὰμ
1348 3382 1466 3445 οὐκ
1519 3379 1816 3448 ἐποίησε.

769 3543 916 3627 Δια
951 3580 1242 3648 παντος,
1280 3551 1376 3633 ὡς
1424 3548 1593 3634 ἔπος
1644 3557 1881 3649 εἰπεῖν,
1917 3550 2190 3657 τρόπου
2237 3586 2315 3631 τε
2363 3553 2482 3632 καὶ
2527 3548 2757 3654 λόγου
2792 3585 2877 3631 το
2912 3548 3043 3628 τῶν

653 3666 1018 3752 Ἰουδαίων
1073 3670 1473 3753 τιθασεύων
1531 3672 1810 3777 θράσος
1874 3675 2458 3776 ε’πεσκιασμένως
2521 3677 2758 3761 αὐτοῖς
2818 3703 3041 3780 προσ·
3066 3694 3124 3758 25

653 3801 880 3876 λαλεῖ
933 3794 1281 3899 Χριστος,
1341 3798 1424 3878 οὑ
1489 3831 1768 3901 γυμνον
1830 3797 2234 3905 προσάγων
2297 3834 2426 3881 τον
2489 3797 2823 3907 ελεγχον,
2884 3790 3042 3877 ἀλλ’

654 3920 843 4028 ἠπίῳ
880 3919 1011 4019 μὲν
1046 3920 1252 4032 λόγῳ
1290 3923 1743 4027 κεκραμένον,
1782 3924 2172 4030 ὑφειμένως
2220 3922 2308 4003 δέ
2347 3958 2501 4009 πως
2551 3926 2669 4003 καὶ
2715 3922 3047 4003 ποικίλως

655 4044 892 4123 αὐτῶν
946 4047 1493 4149 καταγοητεύων
1547 4080 1616 4127 τι
1673 4046 1801 4128 τὸν
1855 4047 2105 4147 θυμόν.
2200 4044 2441 4148 ἐπειδὴ
2502 4045 2577 4127 δὲ
2642 4044 2841 4128 πολὺ
2895 4042 3050 4125 λίαν

654 4168 1202 4269 ἀνοηταίνοντας
1257 4170 1538 4270 βλέπει,
1583 4175 1701 4252 καὶ
1756 4172 2129 4258 συνιέντας
2183 4179 2329 4252 τῶν
2384 4171 2770 4277 εἰρημένων
2824 4164 3045 4259 οὐδὲν,

654 4292 1027 4396 ἐλεύθερον
1078 4294 1217 4395 ἤδη
1279 4294 1948 4396 καταπετάσματος,
2008 4302 2125 4377 καὶ
2180 4331 2458 4399 γυμνον
2514 4292 2811 4396 ἀπάσης
2868 4320 3048 4396 περι·
3072 4317 3132 4379 30

655 4419 893 4517 βολῆς
940 4424 1242 4498 ποιεῖται
1297 4418 1424 4500 τὸν
1480 4417 1731 4524 λόγον.
1814 4421 1953 4501 ἔδει
2007 4419 2150 4525 γὰρ
2207 4419 2368 4521 ἔδει,
2423 4421 2678 4529 φησὶν,
2735 4425 2796 4501 εἰ
2849 4417 2934 4498 τὸ
2984 4414 3053 4494 ἐν

734 4619 819 4676 ¹3·
843 4603 905 4659 τὸ
932 4602 998 4658 Β.
1028 4604 1209 4661 Holst.
1235 4626 1285 4660 τι
1310 4606 1455 4663 Aub.
1599 4607 1690 4663 28.
1716 4609 2014 4681 Assumpta
2036 4631 2087 4664 τι
2112 4626 2176 4665 ex
2205 4608 2252 4664 B
2278 4607 2664 4680 suprascripto,
2687 4606 2830 4663 πολὺ
2852 4624 2918 4663 ex
2945 4602 3004 4659 Β.
