3238 5158
1102 1139 1586 1215 ΚΕΦΑΛΗ
1680 1139 1762 1216 Γ.
2659 1138 2704 1202 d

212 1402 370 1470 Ὅτι
412 1404 484 1469 οὗ
526 1409 628 1485 τῆς
659 1402 968 1470 Ἰουδαίων
1007 1405 1218 1489 ἰσχύος
1261 1405 1443 1488 ἔργον
1484 1405 1561 1486 ἦν
1603 1405 1674 1469 τὸ
1721 1406 1819 1470 ἐπὶ
1861 1409 2095 1492 σταυρῷ
2138 1404 2349 1484 πάθος,
2392 1405 2530 1470 οὐδὲ
2570 1409 2636 1472 ἐκ

404 1518 510 1595 τῆς
549 1540 733 1580 τινων
769 1517 1122 1597 πλεονεξίας
1164 1515 1461 1581 ἀπέθανεν
1498 1518 1532 1580 ὁ
1574 1515 1858 1598 Χριστὸς,
1896 1515 2033 1580 ἀλλ’
2074 1515 2247 1584 αὐτὸς
2291 1517 2442 1581 ἑκὼν
2485 1519 2635 1599 ὑπὲρ

406 1624 575 1704 ἡμῶν
618 1629 791 1690 τοῦτο
833 1624 1160 1705 πέπονθεν,
1201 1628 1302 1690 ἵνα
1342 1626 1569 1694 πάντας
1611 1627 1902 1714 διασώσῃ.

165 1858 459 1941 5Ταῦτα
520 1859 600 1926 τὰ
665 1861 924 1950 ῥήματα
985 1861 1309 1927 ἐλάλησεν
1365 1862 1437 1929 ὲν
1498 1865 1595 1946 τῷ
1656 1860 2111 1952 Γαςοφυλακίῳ
2169 1861 2498 1927 διδάσκων
2560 1862 2632 1927 ἒν
2666 1888 2742 1928 20

334 1987 431 2069 τῷ
504 1982 680 2074 ἱερῷ,
745 1986 850 2051 καὶ
919 1986 1135 2053 οὐδεὶς
1194 1987 1463 2055 ἐπίασεν
1526 1986 1747 2069 αὐτὸν,
1809 1990 1910 2056 ὅτι
1973 1987 2163 2053 οὔπω
2220 1988 2527 2053 ἐληλύθει
2590 1987 2629 2050 ἡ

336 2112 482 2199 ὥρα
539 2110 758 2177 αὐτοῦ.

2662 2223 2698 2267 ο

348 2308 1097 2390 ἈΠΟΛΟΓΕῙΤΑῙ
1135 2310 1511 2415 χρησίμως
1556 2308 1734 2413 ὑπὲρ
1783 2319 1913 2390 τοῦ
1959 2312 2322 2416 σωτηρίου
2365 2307 2640 2393 πάθους

234 2432 280 2509 ὁ
330 2431 765 2538 σοφώτατος
818 2432 1386 2536 Εὐαγγελιστὴς,
1423 2437 1539 2514 καὶ
1588 2433 1718 2516 τὸν
1754 2436 1870 2516 ἐπὶ
1919 2440 2024 2543 τῷ
2072 2441 2366 2541 σταυρῷ
2415 2468 2632 2537 γεγο-

133 2589 208 2630 ιο
242 2552 420 2635 νότα
470 2555 780 2638 θάνατον
816 2557 945 2638 οὐκ
993 2557 1082 2665 ἐξ
1128 2560 1580 2660 ἀνθρωπίνης
1635 2560 1972 2663 ἀνάγκης,
2009 2558 2235 2662 ἤγουν
2271 2559 2359 2667 ἐξ
2402 2557 2644 2663 ἑτέρας

233 2679 663 2787 πλεονεξίας
714 2679 1138 2782 ἀβουλήτως
1191 2684 1603 2763 ἐπιδεικνύει
1655 2682 1785 2763 τὸν
1831 2681 2144 2764 θάνατον
2191 2684 2319 2764 τὸν
2353 2685 2645 2783 Ἰησοῦν

236 2802 588 2902 παθόντα,
653 2805 905 2886 ἑαυτὸν
962 2804 1039 2886 δὲ
1100 2813 1391 2906 μᾶλλον
1451 2805 1630 2911 ὑπὲρ
1696 2807 1900 2906 ἡμῶν
1955 2804 2279 2910 καθάπερ
2344 2805 2645 2904 ἄμωμον

241 2932 437 3023 θῦμα
489 2933 592 3035 τῷ
637 2934 804 3037 Θεῷ
854 2934 972 3009 καὶ
1020 2933 1261 3033 Πατρὶ
1309 2928 1427 3008 διὰ
1475 2928 1608 3030 τὴν
1654 2931 1960 3009 ἐνοῦσαν
2005 2930 2198 3036 αὐτῷ
2243 2930 2408 3032 περὶ
2459 2928 2644 3028 ἡμᾶς

242 3049 536 3153 ἀγάπην
570 3050 1162 3156 ἱερουργήσαντα.
1241 3051 1481 3153 ἐπειδὴ
1530 3052 1673 3156 γὰρ
1725 3050 1864 3132 ἔδει
1909 3058 2183 3148 παθεῖν,
2221 3053 2408 3131 οὕτω
2453 3061 2636 3151 μελ-

136 3192 210 3251 15
243 3174 524 3275 λούσης
560 3175 1084 3280 ἀνατρέπεσθαι
1116 3181 1243 3277 τῆς
1278 3177 1723 3258 ἐπεισάκτου·
1744 3181 2023 3285 φθορᾶς
2074 3180 2192 3256 καὶ
2235 3179 2364 3275 τῆς
2401 3177 2635 3280 ἁμαρ·-
2666 3214 2704 3256 a
2742 3202 2878 3258 497
2898 3199 2979 3256 Δ.

240 3301 400 3383 τιάς
455 3302 574 3379 καὶ
625 3308 756 3380 τοῦ
810 3298 1142 3400 θανάτου,
1180 3300 1479 3381 δέδωκεν
1520 3300 1947 3404 ἀντίλυτρον
1991 3300 2244 3380 ἑαυτὸν
2292 3297 2470 3404 ὑπὲρ
2519 3304 2647 3400 τῆς

240 3422 586 3503 ἁπάντων
641 3422 845 3526 ζωῆς.
915 3432 1117 3508 ποῖος
1173 3425 1299 3505 οὖν
1354 3424 1495 3528 ἄρα
1551 3422 1776 3526 λόγος
1830 3427 1907 3505 ε’ν
1960 3431 2110 3508 τοῖς
2162 3423 2647 3527 προκειμένοις

244 3548 708 3650 εὑρεθήσεται
739 3552 843 3655 τῷ
879 3549 1213 3656 σωτηρίῳ
1249 3545 1762 3650 συναγορεύων
1795 3544 2032 3646 πάθει,
2068 3547 2146 3626 τί
2176 3547 2251 3627 δὲ
2289 3549 2330 3628 ὃ
2369 3544 2648 3630 σκοπὸς

237 3675 389 3748 τῶν
421 3672 497 3749 ἐν
531 3671 762 3778 τούτῳ
800 3670 1279 3775 θεωρημάτων
1316 3672 1546 3751 ὠδίνει
1583 3671 1668 3750 τὸ
1706 3668 2090 3776 χρήσιμον,
2129 3670 2339 3751 ἄκουε
2388 3669 2638 3752 πάλιν.

136 3821 213 3861 20
240 3795 466 3873 ταῦτα,
520 3793 664 3898 γάρ
719 3801 952 3900 φησιν
999 3793 1245 3875 ἐλάλει
1299 3792 1392 3875 τέι
1442 3799 1715 3904 ῥήματα
1759 3795 2088 3899 Χριστὸς
2142 3796 2269 3874 οὐκ
2325 3792 2466 3900 ἔξω
2519 3795 2647 3892 τῆς

238 3915 746 4019 Ἰερουσαλὴμ,
785 3915 943 3998 οὐδὲ
995 3922 1090 4001 εἷς
1139 3915 1360 3999 πόλιν
1394 3917 1555 3998 τινὰ
1592 3924 1739 3999 τῶν
1773 3919 2240 4022 περιοικίδων,
2277 3917 2447 3996 ἀλλ’
2489 3914 2651 3996 οὐδὲ

238 4046 337 4124 εἷς
390 4039 612 4121 πόλιν
656 4038 702 4139 ἢ
754 4046 851 4125 εἷς
897 4040 1144 4143 κώμην
1179 4046 1306 4142 τῆς
1343 4043 1690 4127 Ἰουδαίας
1741 4042 2225 4145 ἀσημοτέραν,
2264 4041 2431 4144 παρ’
2471 4038 2646 4118 αὐτὸ

317 4284 368 4339 6.
409 4284 656 4354 ἰληλῦθει
684 4285 747 4340 Β.
774 4284 1028 4356 ἐλήλυθεν
1052 4286 1233 4341 ΗοΙεῑ.
1260 4285 1364 4341 Ed.
1599 4304 1622 4341 1
1637 4303 1681 4341 1.
1721 4288 1813 4341 τὸν
1833 4286 2040 4354 Ἰησοῦν
2062 4284 2364 4339 emendavit
2386 4301 2417 4337 e
2442 4281 2561 4337 Cat.
2585 4291 2650 4337 ut

241 4355 358 4410 vid.
383 4356 530 4411 Aub.
555 4366 610 4412 et
633 4356 708 4410 ita
730 4375 778 4411 a.
802 4360 896 4410 τοῦ
918 4355 1095 4425 Ἰησοῦ
1124 4356 1189 4410 Β.
1220 4356 1318 4411 Ht.
1567 4370 1653 4423 15.
1688 4356 2068 4426 ἀνατρέπεσθαι
2096 4356 2210 4409 B.a.
2241 4353 2339 4409 Ht.
2364 4353 2647 4422 ἀνατραπέ-

243 4426 372 4481 σθσι
397 4426 544 4481 Aub.
720 4426 803 4480 16.
840 4428 1022 4482 ἑαυτὸν
1043 4427 1349 4499 ἀντίλυτρον
1373 4428 1584 4483 inverso
1612 4427 1801 4482 ordine
1823 4445 1873 4481 a.
2056 4440 2139 4496 17.
2173 4422 2552 4495 προκειμένοις]
2584 4429 2643 4485 4-

239 4500 395 4553 ποῖος
417 4495 509 4551 οὖν
532 4497 633 4567 ἆρα
655 4499 818 4567 λόγος
842 4496 966 4566 (sic)
996 4497 1062 4553 B.
1302 4500 1383 4553 18.
1420 4499 1478 4553 εὖ
1513 4497 1758 4567 (θήσεται
1780 4505 2119 4567 assumptum
2143 4514 2208 4550 ex
2233 4513 2284 4550 a.
2402 4493 2456 4548 τί
2480 4493 2547 4548 Β.
2571 4492 2651 4548 τίς

244 4565 349 4621 Ht.
376 4566 482 4623 Ed.
703 4584 789 4638 19.
825 4569 993 4623 ὦδίνει
1021 4568 1086 4623 Β.
1117 4567 1215 4623 Ht.
1240 4566 1440 4624 ὠδίνειν
1513 4568 1610 4624 ub.

330 4666 475 4714 VOL.
509 4668 586 4713 11.
1470 4672 1510 4715 B
