3238 5158
588 344 720 407 218
1198 346 1277 413 Β.
1322 346 1737 412 CYRILLI
1796 348 2373 414 ALEXANDR.
2790 370 2855 410 x.
2888 365 2992 410 10.

590 508 830 608 με’νου,
885 512 1002 590 καὶ
1058 510 1240 611 μετὰ
1298 521 1538 618 χεῖρας
1595 513 1803 601 ὄντος
1861 517 2123 615 αὐτοῖς,
2179 521 2239 595 εὶ
2293 514 2393 616 μὴ
2449 512 2583 614 τὴν
2637 512 2996 617 ταχίστην

534 664 570 709 e
593 632 878 718 ἑαυτοὺς
933 635 1526 735 μεταστήσαντες
1582 640 1699 719 ἐπὶ
1747 639 1832 719 τὸ
1884 637 2126 720 θέλειν
2184 639 2564 720 ὑπακούειν
2620 639 2815 744 αὐτῷ
2864 639 2997 735 τῆς

591 758 761 861 παρ’
802 759 1021 838 αὐτοῦ
1057 764 1343 866 φειδοῦς
1380 763 1900 844 ἀπολαύσειαν.

490 1026 668 1092 10⁸0
707 1028 990 1094 κλέπτης
1027 1027 1146 1093 οὐκ
1190 1029 1450 1118 ἔρχεται
1500 1029 1560 1096 εἰ
1602 1030 1692 1109 μὴ
1741 1033 1849 1098 ἵνα
1901 1036 2111 1126 κλέψῃ
2162 1035 2269 1100 καὶ
2312 1034 2474 1125 θύσῃ
2529 1033 2636 1098 καὶ
2670 1030 2995 1119 ἀπολέσῃ·

876 1153 1009 1229 &rob
1062 1149 1261 1220 ἦλθον
1315 1156 1422 1221 ἵνα
1475 1157 1646 1246 ζωὴν
1699 1159 1916 1246 ἔχωσι,
1971 1160 2077 1225 καὶ
2130 1161 2440 1251 περισσέν
2491 1160 2712 1247 ἔχωσι.
3027 1150 3071 1213 5

729 1325 984 1431 Θύραν
1056 1326 1309 1408 ἑαυτὸν
1389 1327 1565 1409 εἶναι
1647 1330 2068 1439 φάσκοντος
2154 1340 2281 1413 τοῦ
2362 1335 2701 1434 Σωτῆρος
2787 1329 2995 1430 ἡμῶν

588 1455 940 1554 Χριστοῦ,
987 1457 1105 1533 καὶ
1159 1454 1266 1533 ἐπ’
1325 1455 1518 1561 αὐτῷ
1574 1459 1856 1536 κεῖσθαι
1916 1453 2384 1540 διδάσκοντος
2438 1456 2522 1536 τὸ
2577 1458 2696 1535 καὶ
2751 1458 2991 1533 εἰσκο-

584 1576 804 1680 μίζειν
844 1575 964 1660 οὓς
1008 1576 1100 1656 ἂν
1149 1577 1494 1672 βούλοιτο
1545 1576 1786 1683 τυχὸν,
1825 1578 1966 1686 ἔξω
2020 1614 2098 1659 τε
2147 1579 2377 1679 με’νειν
2412 1583 2535 1660 ε’ἃν
2570 1577 2698 1658 τὸν
2734 1581 2985 1658 ἀνεπι-

252 1717 390 1773 644
405 1714 486 1773 Δ.
528 1733 564 1774 ι
585 1699 860 1800 τήδειον
913 1703 1032 1780 καὶ
1086 1700 1267 1804 πρὸς
1323 1700 1407 1780 τὸ
1461 1704 1862 1801 ποιμαίνειν
1917 1704 2464 1810 ἀτεχνέστατον,
2514 1703 2617 1783 ἔτι
2671 1736 2750 1782 τε
2802 1698 2994 1804 πρὸς

583 1825 880 1922 τούτοις,
918 1827 1037 1904 καὶ
1073 1823 1357 1930 λῃστὰς
1403 1828 1518 1906 καὶ
1568 1827 1885 1911 κλέπτας
1938 1829 2517 1929 ἅποκεκληκότος
2568 1824 2733 1912 τοὺς
2785 1827 2992 1928 οἵπερ
3032 1866 3119 1908 ιο

582 1945 778 2046 ἦσαν
813 1945 1202 2047 αὐτόμολοι
1250 1944 1434 2051 πρὸς
1481 1946 1614 2049 τὴν
1653 1952 1735 2030 οὐ
1784 1954 2125 2031 δοθεῖσαν
2155 1953 2392 2036 αὐτοῖς
2430 1951 2702 2031 ἄνωθεν
2739 1949 2983 2055 χάριν,

584 2070 1059 2174 διελογίζοντο
1107 2070 1335 2152 πάλιν
1386 2076 1453 2152 οἱ
1507 2074 1807 2154 δείλαιοι
1858 2080 2246 2178 Φαρισαῖοι
2296 2077 2402 2159 τίς
2451 2075 2593 2178 ἄρα
2642 2073 2992 2178 ὑπάρχων

584 2197 831 2275 οὑτοσὶ
886 2195 1069 2300 πρὸς
1124 2197 1489 2297 τοσαύτην
1537 2197 1770 2277 ἄνεισι
1824 2200 2262 2303 παῤῥησίαν,
2306 2200 2587 2283 ἐκείνοις
2646 2197 2745 2278 ὧν
2795 2196 2991 2304 τάχα

584 2322 702 2399 καὶ
738 2318 950 2404 αὐτὸς
985 2322 1406 2424 ἐναρίθμιος,
1440 2317 1542 2401 ὧν
1578 2330 2023 2403 καταιτιᾶται
2066 2323 2197 2424 τὴν
2235 2322 2508 2432 ἄφιξιν·
2583 2328 2977 2430 ψευδοποι-

582 2443 763 2542 με’να
797 2441 940 2546 γὰρ
977 2440 1206 2552 ᾤοντο
1248 2447 1365 2524 καὶ
1416 2446 2006 2551 ψευδεπιστάτην
2041 2450 2159 2527 καὶ
2198 2447 2416 2528 αὑτὸν
2454 2451 2550 2532 ὡς
2598 2447 2687 2554 ἐξ
2728 2447 2989 2531 οἰκείας
3030 2481 3113 2543 15

582 2570 1070 2676 ἆναδεδεΐχθαι
1127 2572 1438 2674 γνώμης,
1496 2572 1631 2677 οὐχ
1688 2570 1798 2653 ὅτι
1855 2572 2043 2658 Θεὸς
2101 2570 2202 2653 ὧν
2259 2572 2556 2677 γέγονεν
2611 2570 2992 2675 ἅνθρωπος

583 2695 769 2775 κατὰ
830 2693 912 2775 τὸ
984 2694 1459 2801 ἀρχαιότατον
1527 2696 1862 2799 κήρυγμα
1924 2702 2052 2797 τῆς
2116 2696 2599 2779 θεοπνεύστου
2665 2700 2980 2803 γραφῆς.

518 2832 562 2901 b
584 2819 765 2905 εἰκὸς
816 2818 893 2900 δὲ
942 2818 1030 2921 δὴ
1082 2822 1198 2901 καὶ
1248 2819 1758 2926 συλλέξαντας
1805 2820 1937 2920 τὴν
1972 2825 2212 2923 ἀληθῆ
2258 2829 2534 2926 γνῶσιν
2567 2823 2729 2925 περὶ
2766 2820 2989 2898 αὑτοῦ

583 2943 905 3048 καθάπερ
959 2979 1031 3025 τι
1084 2950 1231 3024 τῶν
1272 2948 1664 3049 δυσαχθῶν
1714 2953 1869 3031 ταῖς
1918 2946 2298 3030 ἀπειθείαις
2344 2940 2985 3051 ἀποφορτίζεσθαι,

580 3073 677 3154 εἷς
742 3069 929 3167 μόνα
993 3068 1068 3150 δὲ
1130 3067 1427 3166 βλέπειν
1492 3066 1584 3147 τὰ
1650 3067 1819 3149 καθ’
1882 3069 2146 3171 ἡδονὴν
2208 3070 2446 3154 αὐτοῖς
2509 3072 2627 3149 καὶ
2699 3066 2792 3148 τὰ
2865 3065 2987 3146 διὰ
3022 3104 3112 3145 20

579 3197 960 3299 φροντίδος
997 3193 1303 3294 κείμενα·
1364 3202 1592 3274 ταῦτα
1641 3192 1717 3273 δὲ
1768 3191 1859 3293 ἦν
1890 3192 1974 3274 τὸ
2019 3200 2222 3274 λαῶν
2260 3194 2597 3295 ἡγεῖσθαι
2646 3195 2762 3272 καὶ
2809 3191 2981 3295 παρ’

577 3316 752 3396 αὐτὸ
816 3317 1403 3422 χρηματίζεσθαι.
1506 3319 1657 3398 ε’πεὶ
1719 3319 1957 3399 τοίνυν
2022 3318 2207 3423 ἔγνω
2271 3324 2500 3399 ταῦτα
2563 3319 2980 3415 διενθυμου-

576 3440 849 3540 μένους,
913 3438 959 3543 ἢ
1034 3444 1152 3521 καὶ
1215 3440 1573 3541 ἀλλήλοις
1640 3441 2168 3549 ψιθυρίζοντας,
2233 3444 2316 3522 οὐ
2380 3439 2785 3545 περιμείνας
2849 3436 2984 3539 τὴν

576 3565 743 3667 παρ’
810 3566 1044 3645 αὐτῶν
1108 3565 1653 3671 ἐμφανεστέραν
1727 3566 2193 3672 κατάῤῥησιν,
2261 3568 2726 3668 ἀπολογεῖται
2796 3596 2977 3665 πρε-

576 3685 878 3787 πόντως,
917 3691 1034 3768 καὶ
1084 3687 1173 3794 ἐξ
1219 3688 1456 3768 αὐτῶν
1500 3692 1758 3794 χρῆναι
1809 3697 1954 3770 τῶν
1989 3691 2440 3794 πραγμάτων
2477 3685 2982 3791 δοκιμάζεσθαι
3017 3723 3106 3784 25

578 3810 1102 3918 διισχυρίζεται,
1168 3813 1274 3896 τίς
1337 3810 1471 3911 μὲν
1534 3814 1575 3893 ὁ
1639 3812 1929 3914 ποιμὴν,
1996 3813 2102 3898 τίς
2165 3813 2242 3894 δὲ
2307 3815 2348 3894 ὁ
2411 3812 2723 3914 κλέπτης
2787 3813 2975 3908 ἐστὶ,

578 3936 1080 4041 δυσδιάκριτον
1121 3935 1351 4040 γεμὴν
1393 3936 1479 4018 τὸ
1534 3946 1857 4018 τοιοῦτον
1903 3941 2231 4038 οὐδαμῶς
2287 3933 2469 4018 εἶναί
2518 3943 2770 4043 φησιν,
2806 3934 2982 4015 ὅταν

519 4091 556 4135 ο
580 4095 685 4146 τις
722 4058 850 4141 τὸν
885 4060 1197 4142 ἑκάστου
1237 4059 1689 4169 περιαθρήσῃ
1734 4059 2016 4143 σκοπόν
2054 4097 2131 4142 τε
2181 4065 2301 4143 καὶ
2348 4057 2641 4165 τρόπον.
2720 4059 2810 4140 ‘O
2845 4057 2983 4159 μὲν

654 4334 701 4372 1.
736 4316 885 4375 ὄντος
912 4317 980 4376 Β
1002 4316 1161 4374 ὅντως
1188 4293 1369 4372 Hols't.
1399 4316 1503 4373 Ed.
1719 4315 2051 4388 &oubam
2085 4323 2144 4383 -Ι-
2174 4317 2312 4390 aies-{3
2345 4315 2407 4371 B.
2624 4314 2676 4369 6.
2712 4310 2878 4384 ἡμῶν]
2912 4319 2973 4376 -Ι-

573 4387 754 4459 Ἰησοῦ
783 4387 879 4443 Ht.
907 4388 1009 4442 Ed.
1170 4403 1362 4443 20-22.
1399 4334 1960 4478 εἷς-χρηματίζεσθαι
1975 4397 2253 4459 assumpta
2277 4406 2342 4442 ex
2372 4387 2416 4440 B
2441 4403 2554 4455 mg.
2714 4400 2798 4438 21.
2835 4387 2981 4438 λαὸν

574 4457 825 4514 emendat
854 4458 974 4531 Hey
976 4476 1052 4514 ee.
1074 4461 1224 4513 λοιον
1254 4459 1316 4513 Β.
1704 4474 1772 4530 23
1778 4457 2082 4526 .ἆλλῆλοις
2104 4459 2477 4528 ψιθυρίζοντας
2500 4453 2749 4510 emendat
2776 4454 2958 4523 Heyse

573 4478 1102 4658 ἆλλῆλουσοῗξὲινρίζ
1098 4551 1247 4585 oms·
1269 4527 1335 4584 B.
1353 4528 1618 4598 ἀλλῆλους
1641 4476 2071 4600 ε’κψιθυρίζοντος
2090 4528 2195 4585 Ed
2251 4529 2495 4584 Fortasse
2511 4524 2795 4595 ἆλλῆλοισι
2812 4525 2980 4595 ψιθυ-

572 4602 806 4674 pleonas-
1013 4608 1115 4656 uut
1137 4599 1268 4655 haec
1292 4598 1489 4656 verba*
1475 4615 1532 4654 m
1557 4616 1605 4653 a.
