3238 5158
626 350 757 414 528
1232 351 1310 416 B.
1359 351 1781 416 CYRILLI
1841 351 2423 417 ALEXANDR..
2643 349 2776 417 xiv,
2798 368 2912 436 30,
2937 366 3039 434 3¹·
3203 256 3208 403 4

625 511 991 616 πρέποντα
1027 513 1266 615 νόμον·
1330 514 1517 600 Θεὸς
1567 517 1643 598 δὲ
1694 515 1878 596 κατὰ
1928 517 2159 620 φύσιν
2195 515 2543 621 ὑπάρχων
2581 512 2749 616 ἐγὼ,
2787 514 2927 592 οὑκ
2970 515 3048 591 ἐν

624 636 768 745 ἴσῳ
804 639 1040 747 μέτρῳ
1088 646 1232 725 τοῖς
1281 640 1365 718 δι’
1406 641 1713 734 ἐμαυτοῦ
1748 638 2093 742 γεγονόσι
2128 641 2481 737 κείσομαι,
2516 634 2647 718 τὸν
2682 640 2820 735 τῆς
2854 639 3042 714 ἀνα-

289 755 494 887 §3¹59-
625 759 958 847 στάσεως
1008 763 1402 866 περιμένων
1457 761 1730 867 καιρόν·
1801 762 1897 866 ζῶ
1961 763 2107 868 γὰρ
2163 766 2296 860 ἀεὶ,
2355 759 2499 865 ζωὴ
2556 759 2746 840 κατὰ
2803 760 3050 865 φύσιν

288 912 367 963 lb.
389 912 466 963 26.
629 883 994 990 ὑπάρχων·
1058 888 1173 966 καὶ
1215 888 1607 967 ἀποστελῶ
1652 886 1780 967 τὸν
1821 884 2329 989 Παράκλητον,
2365 884 2703 966 ἐπιδώσω
2747 881 2914 962 δὲ’
2874 889 3049 981 υμῖν

288 1026 368 1076 lb·
391 988 468 1090 27.-
625 1008 746 1088 καὶ
780 1006 1063 1113 εἰρήνην
1097 1007 1231 1108 τὴν
1264 1006 1462 1109 ἐμὴν,
1498 1011 1618 1091 καὶ
1654 1009 1740 1090 οὑ
1775 1009 2291 1116 διαψεὺσομαι,
2326 1008 2658 1088 ἀλλ’ἵνα
2691 1005 3046 1110 τυχόντες
3070 1028 3104 1088 5

624 1134 754 1230 τῆς
807 1132 1245 1235 ἐπαγγελίας
1296 1134 1417 1213 καὶ
1471 1140 1564 1239 τῇ
1616 1140 1747 1213 τοῦ
1799 1135 2058 1236 Ἀγίου
2117 1131 2541 1232 Πνεὺματος
2601 1138 3048 1233 λελαμπρυ-

289 1273 421 1328 853
440 1271 518 1326 Δ,
562 1287 599 1327 a
624 1254 878 1354 σμένοι
954 1253 1212 1361 χάριτι,
1286 1263 1436 1342 τοῖς
1515 1259 1710 1357 ἐμοῖς
1789 1258 2038 1360 λόγοις
2119 1252 2832 1363 ἐπιψηφισθήσεσθε
2907 1253 3046 1352 τὴν

623 1375 987 1478 ἀλήθειαν,
1043 1383 1140 1464 εἰς
1194 1378 1622 1480 ἀνάμνησιν,
1679 1382 1778 1465 ὡς
1830 1379 2037 1487 ἔφην,
2089 1379 2274 1480 μετὰ
2324 1377 2456 1480 τὴν
2509 1383 2767 1480 πεῖραν
2831 1375 3043 1482 ἐρχό-

621 1536 841 1602 μενοι,
891 1507 1010 1583 καὶ
1057 1501 1173 1585 ἰ’να
1225 1503 1626 1598 πιστεύσητε
1678 1503 2108 1607 πεπηγότως
2166 1503 2275 1584 ὅτι
2324 1502 2606 1601 σύνειμι
2662 1503 2788 1580 καὶ
2847 1534 3042 1599 συμ-

621 1624 995 1721 βασιλεύω
1030 1630 1134 1732 τῷ
1171 1626 1431 1728 Πατρὶ,
1451 1626 1997 1729 προδιείλεγμαι
2030 1630 2235 1708 ταυτὶ
2270 1627 2390 1707 καὶ
2421 1622 2818 1723 λελάληκα
2858 1623 3042 1725 πρὸς
3064 1654 3122 1695 10

624 1751 832 1850 ὑμας·
893 1748 1409 1858 ἐξεγγυήσεται
1461 1748 1594 1849 τὴν
1646 1751 1723 1831 ἐν
1769 1758 1916 1834 τοῖς
1965 1750 2348 1853 εἰρημένοις
2397 1747 2750 1849 ἀλήθειαν
2795 1748 3042 1828 τοίνυν

620 1876 750 1972 τῆς
801 1875 1240 1977 ἐπαγγελίας
1297 1907 1385 1954 το
1437 1872 1683 1976 πέρας.
1778 1880 1840 1954 εἰ
1900 1872 2045 1978 γὰρ
2106 1872 2210 1973 μὴ
2275 1872 2436 1977 ζωὴ,
2493 1875 2752 1979 φησὶν,
2814 1879 2880 1951 εἰ
2939 1871 3039 1971 μὴ

551 2012 594 2077 b
621 1996 1020 2101 συνεδρεύω
1075 2003 1180 2104 τῷ
1228 2001 1395 2103 Θεῷ
1449 1999 1568 2076 καὶ
1626 1997 1886 2100 Πατρὶ,
1941 2003 2097 2081 πῶς
2150 1994 2243 2077 ἂν
2297 1996 2509 2080 αὑτὸς
2561 1997 2899 2097 ἐπιδοίην
2949 1995 3039 2076 τὰ

621 2125 778 2200 θεῖα
811 2152 930 2199 και
963 2116 1407 2218 πνευματικὰ
1442 2120 1913 2225 χαρίσματα;
1966 2124 2270 2219 διανεμῶ
2310 2116 2407 2217 δε,
2444 2117 2775 2222 καθάπερ
2815 2120 3038 2222 ἐπήγ-

620 2252 903 2345 γελμαι,
941 2240 1337 2347 χορηγήσω
1381 2241 1458 2322 δὲ
1507 2245 1626 2323 καὶ
1675 2240 1760 2322 τὸ
1803 2247 2105 2341 Πνεῦμα
2147 2245 2265 2322 καὶ
2313 2240 2448 2343 τὴν
2484 2240 2800 2345 εἰρήνην.
2890 2240 3036 2324 εἶτα
3059 2273 3112 2329 15

618 2372 774 2450 πῶς
824 2367 952 2447 οὑκ
1000 2367 1529 2474 ἀναμφίλογον,
1565 2366 1676 2447 ὅτι
1725 2363 1868 2468 ζωή
1917 2371 2061 2465 εἰμι
2108 2370 2227 2446 καὶ
2277 2362 2818 2465 συμβασιλεύω
2856 2367 3035 2468 μετὰ

623 2488 911 2593 Πατρός
947 2523 967 2590 ;
1045 2493 1128 2571 οὐ
1183 2489 1327 2596 γὰρ
1382 2499 1510 2570 τοῦ
1564 2488 1666 2591 μὴ
1722 2488 1928 2575 ὄντος
1985 2487 2032 2591 ἢ
2099 2488 2320 2592 μηδὲν
2374 2489 2759 2597 ἰσχύοντος
2819 2494 3035 2599 ἔργον

614 2617 793 2711 ἐστὶ,
849 2614 934 2695 τὸ
989 2623 1135 2700 τοῖς
1191 2618 1402 2700 θείοις
1456 2613 2089 2718 καταλαμπρὺνειν
2143 2616 2552 2719 χαρίσμασι
2614 2615 2788 2701 τοὺς
2855 2619 3035 2722 ἀγα-
3212 2609 3214 2706 1

615 2744 901 2823 πῶντας
939 2738 1180 2830 αὑτὸν,
1221 2737 1425 2817 ἀλλά
1473 2746 1602 2818 τοῦ
1656 2737 1861 2823 ὄντος
1910 2772 1989 2819 τε
2040 2739 2161 2820 καὶ
2207 2738 2597 2838 δυναμένου
2639 2744 2763 2821 καὶ
2804 2746 3034 2824 εἰσαεὶ

617 2862 1160 2954 βασιλεύοντος.
1260 2860 1367 2942 ὅτι
1426 2861 1668 2942 τοίνυν
1727 2864 1855 2942 οὑκ
1914 2863 2182 2942 εἰκαίαν
2239 2859 2373 2961 τὴν
2428 2859 2846 2968 πρόῤῥησιν
2903 2865 3036 2968 τὴν
3059 2896 3118 2935 ²0
3213 2917 3214 2934 κ

559 3022 595 3065 ο
620 2987 735 3065 ε’πί
784 2991 934 3070 τοῖς
983 2983 1346 3085 ἐσομένοις
1393 2985 1805 3085 ἐποιήσατο,
1847 2985 1964 3066 διὰ
2013 2985 2288 3067 τούτων
2322 2986 2643 3092 ἐδίδαξεν
2687 2991 2732 3068 ὁ
2778 2994 3034 3093 Χρισ-

617 3108 766 3193 τός.
846 3109 964 3189 ἵνα
1019 3107 1163 3214 γὰρ
1216 3107 1788 3217 ἀσφαλεστέραν
1841 3109 2069 3216 ἔχοιεν
2124 3107 2259 3210 τὴν
2312 3109 2422 3191 ἐπ’
2482 3112 2676 3218 αὐτῷ
2737 3116 3032 3215 πίστιν,

616 3231 800 3336 μετὰ
835 3232 968 3335 τὴν
1002 3239 1149 3315 τῶν
1185 3231 1655 3338 χαρισμάτων
1688 3240 1943 3337 πεῖραν
1978 3239 2075 3318 εἰς
2130 3232 2405 3314 ἔννοιάν
2438 3268 2518 3315 τε
2562 3236 2684 3314 καὶ
2736 3238 3040 3340 μνήμην

619 3364 766 3439 τῶν
801 3358 1502 3463 προεπηγγελμένων
1536 3356 1926 3462 ἐρχόμενοι,
1962 3357 2410 3457 πεποιῆσθαί
2452 3362 2644 3466 φησι
2693 3359 2836 3462 τὴν
2872 3361 3032 3443 διά·

621 3481 843 3588 λεξιν.
3058 3517 3116 3574 25

518 3715 596 3772 30
623 3696 861 3768 Οὐκέτι
914 3698 1128 3764 πολλὰ
1183 3699 1458 3764 λαλήσω
1510 3699 1648 3776 μεθ’
1714 3697 1917 3777 ὑμῶν·
1989 3697 2250 3789 ἔρχεται
2312 3699 2432 3790 Γὰρ
2491 3700 2530 3767 ὁ
2598 3704 2710 3766 τοῦ
2778 3702 3034 3780 κόσμου

515 3845 585 3902 31
721 3823 962 3912 ἅρχων,
1017 3823 1124 3889 καὶ
1175 3823 1246 3889 ἐν
1301 3823 1446 3899 ἐμοὶ
1497 3823 1615 3889 οὐκ
1669 3824 1803 3912 ἔχει
1855 3823 2069 3905 οὐδὲν,
2121 3825 2260 3891 ἀλλ’
2315 3824 2422 3891 ἵνα
2485 3829 2618 3910 Γνῷ
2670 3826 2710 3893 ὅ
2780 3828 3032 3904 κόσμος

721 3951 822 4017 ὅτι
871 3949 1110 4025 ἀι-απῶ
1155 3949 1267 4018 τὸν
1302 3949 1589 4041 Πατέρα,
1628 3952 1849 4018 καθὼς
1894 3951 2170 4018 ἐντολήν
2207 3974 2318 4030 μοι
2366 3950 2657 4019 δέδωκεν
2694 3954 2735 4021 ὁ
2772 3954 3032 4045 Πατήρ,

719 4076 897 4141 οὕτω
948 4075 1143 4143 ποιῶ.

549 4163 596 4231 d
725 4223 859 4307 Ὡς
906 4228 1054 4302 τῶν
1089 4223 1403 4304 ἀνοσίων
1437 4223 1802 4304 Ἰουδαίων
1850 4222 2368 4329 παρεσομένων
2409 4255 2488 4303 τε
2534 4223 2693 4325 ἤδη,
2731 4225 2903 4323 μεθ’
2939 4224 3102 4326 ἦς3ο

613 4442 2097 4606 x‘Zssv‘EQY‘ssffssffmffissw‘wffiffim
2121 4516 2187 4572 E.
2184 4445 2563 4572 Quam&
2536 4441 2653 4499 ιζ’
2727 4445 3024 4570 am

617 4583 683 4639 E.
710 4586 794 4640 καὶ
817 4583 984 4642 καθὸς
1008 4584 1112 4642 Ed.
