3238 5158
234 306 365 374 xiv.
393 311 496 378 28.
649 309 763 374 IN
824 310 890 374 S.
940 310 1454 375 JOANNEM.
1543 311 1737 377 LIB.
1784 312 1867 376 X.
1958 313 2170 378 CAP.
2218 313 2274 378 Ι.
2507 310 2635 375 517

233 477 353 555 καί
401 478 501 560 ὡς
546 473 822 577 καρπὸν
865 478 995 574 τῆς
1048 475 1303 560 οὐσίας·
1358 475 1602 555 αὐτοῦ·
1663 477 1916 556 οὐκοῦν
1961 475 2080 556 διὰ
2133 474 2347 557 τοῦτό
2403 482 2638 581 φησιν

235 607 316 680 Εἰ
352 596 692 702 ἧγαπᾶτέ
713 633 827 705 με,
867 595 1148 705 ἐχάρητε
1185 595 1265 679 ehu
1304 598 1399 679 ’ότι
1440 597 1799 707 πορεύομαι
1849 599 2014 707 πρὶς
2059 599 2163 682 τὶν
2201 599 2503 708 Πατέρα,
2541 599 2637 679 ’ότι

234 733 265 805 ὁ
306 721 539 831 Πατῆρ
574 723 814 832 μείζων
847 759 980 829 μου
1017 723 1213 804 ἐστίν.
1295 721 1519 808 ὅντως
1554 728 1684 824 τῆς
1719 729 1816 809 εἰς
1852 721 2072 805 αὐτὸν
2107 723 2395 827 ἀγάπης
2445 721 2635 803 ἀπό·

233 847 452 954 δειξις
517 845 607 948 ἦν
669 844 755 927 τὸ
826 844 930 946 μὴ
1003 852 1398 927 λυπεῖσθαι
1469 856 1827 928 τοσοῦτον
1889 847 2008 928 διὰ
2079 849 2211 949 τὴν
2277 851 2639 928 δοκοῦσαν

167 995 207 1057 5
232 970 629 1076 ἀπόλειψιν
674 973 792 1049 καὶ
834 969 1236 1072 ἀναγκαίως
1285 977 1904 1076 παραληφθεῖσαν
1948 971 2375 1073 ἀποδημίαν·
2447 974 2630 1051 διεν-

232 1099 615 1195 θυμεῖσθαι
663 1092 742 1174 δὲ
790 1100 1105 1194 μᾶλλον,
1143 1092 1254 1174 ὅτι
1297 1092 1485 1197 πρὸς
1532 1093 1666 1194 τὴν
1699 1097 1895 1203 αὐτῷ
1941 1095 2367 1198 πρέπουσάν
2401 1129 2477 1175 τε
2517 1098 2638 1175 καὶ

231 1218 710 1326 ὀφειλομένην
758 1219 1148 1325 πεφοίτηκε
1204 1216 1452 1325 δόξαν,
1503 1221 1623 1298 καὶ
1677 1224 1775 1302 εἰς
1829 1252 1914 1299 το
1969 1222 2268 1324 ἀρχαῖον
2316 1220 2628 1326 ἀξίωμα,
2659 1247 2697 1289 ⁸
2737 1235 2870 1291 845
2891 1232 2971 1290 A·

229 1341 584 1441 τουτέστι,
622 1377 708 1422 το
746 1340 1209 1445 θεοπρεπὲς’
1170 1349 1509 1447 εναργῶς.
1577 1377 1694 1423 και
1731 1350 1909 1444 γοῦν
1947 1345 1988 1423 ὃ
2025 1343 2371 1451 μελῳδὸς,
2407 1342 2635 1424 καίτοι

232 1467 351 1547 διὰ
387 1475 514 1548 τοῦ
553 1472 627 1547 Π
630 1500 975 1566 νευματος
1012 1473 1268 1546 λαλῶν
1304 1466 1672 1571 μυστήρια
1707 1478 1750 1516 “
1775 1467 2035 1548 Πάντα
2067 1466 2159 1548 τὰ
2195 1467 2383 1567 ἔθνη,
2423 1469 2634 1574 φησί,
2723 1449 2807 1500 ¹³⁸·
2828 1449 2950 1501 *Μ’

128 1599 256 1669 10‘
257 1590 718 1694 (κροτήσατε
774 1588 1084 1696 χεῖρας·”
1143 1587 1296 1671 εἶτα
1344 1595 1473 1690 τῆς
1520 1594 1770 1695 εορτῆς
1815 1591 1949 1692 τὴν
1991 1593 2224 1672 αἰτίαν
2260 1590 2628 1694 ἐκδιηγού-

232 1749 465 1813 μενος,
499 1713 629 1814 τὴν
674 1721 773 1800 εἰς
821 1710 1163 1818 οὐρανοὺς
1220 1711 1593 1822 ἀνάληψιν
1644 1723 1773 1796 τοῦ
1826 1721 2162 1818 Σωτῆρος
2215 1715 2637 1819 παρεκόμιζὲ

231 1839 470 1942 λέγων
524 1851 569 1888 “
593 1840 862 1939 Ἀνέβη
929 1842 970 1919 ὃ
1037 1836 1227 1923 Θεος
1292 1841 1369 1919 ἐν
1436 1840 1871 1947 ἀλαλαγμῷ,
1945 1837 2210 1944 Κύριος
2281 1842 2358 1919 ἐν
2424 1845 2635 1949 φωνῇ
2726 1850 2803 1901 lb.
2823 1848 2872 1900 ⁶·

230 1962 795 2066 “σάλπιγγος,”
863 1961 1301 2067 ἀλαλαγμὸν
1375 1961 1742 2067 ὀνομάζων
1815 1965 1933 2044 καὶ
2012 1960 2425 2065 σάλπιγγα,
2504 1963 2638 2063 τὴν

231 2087 533 2195 ὑψηλὴν
592 2091 711 2168 καὶ
773 2086 1216 2194 ἐξάκουστον
1273 2096 1403 2168 τοῦ
1469 2087 1893 2186 Πνεύματος
1958 2087 2231 2195 φωνήν·
2304 2087 2423 2168 ὅτε
2483 2096 2638 2172 ταῖς

122 2241 147 2280 1
162 2239 205 2297 5
232 2247 382 2293 ανω
456 2210 803 2311 δυνάμεσι
876 2210 1006 2296 τὰς
1077 2210 1317 2295 πύλας
1383 2211 1606 2316 αἴρειν
1671 2211 2120 2311 διεκελεύετο,
2184 2214 2303 2292 καὶ
2366 2210 2639 2316 Κύρων
2660 2224 2704 2292 b

230 2335 451 2418 αὐτον
512 2333 828 2439 ὠνόμαζε
892 2341 1040 2416 τῶν
1102 2335 1490 2435 δυνάμεων,
1549 2335 1873 2441 καθάπερ
1939 2335 2283 2438 ἐλέγομεν
2348 2337 2630 2441 ἀρτίως.
2726 2347 2892 2476 ξῦξῗ

230 2461 340 2542 ἐπ’
380 2461 575 2568 αὐτῷ
625 2458 702 2539 δὲ
751 2456 839 2558 δὴ
894 2458 1126 2567 τούτῳ
1181 2461 1299 2539 καί
1353 2459 1572 2539 αὐτον
1615 2457 2015 2563 εὑρήσομεν
2056 2458 2184 2541 τὸν
2225 2466 2372 2541 τῶν
2410 2459 2639 2561 ἁγίων
2762 2433 2791 2476 ⁴

232 2583 454 2690 χορὸν
508 2588 584 2664 ἐν
636 2591 953 2669 πολλαῖς
1006 2582 1355 2688 γεγονότα
1410 2592 1564 2669 ταῖς
1619 2585 2016 2684 θυμηδίαις.
2096 2582 2463 2688 τοιγάρτοι
2519 2588 2636 2666 καὶ

234 2709 529 2817 ἔφασκε,
564 2706 741 2789 ποτὲ
776 2742 908 2806 μεν
943 2743 1053 2789 οτι
1090 2717 1133 2756 “
1159 2709 1257 2788 Ὁ
1300 2707 1563 2812 Κύριος
1608 2709 2111 2806 ἐβασίλευσεν,
2148 2707 2636 2812 ἀγαλλιάσθω
2725 2728 2811 2780 P·
2827 2729 2959 2781 xcvi.

113 2861 208 2906 20
236 2842 279 2880 ‘⁴
318 2832 362 2932 ἦ
397 2830 555 2934 γῆ,”
593 2830 769 2913 ποτὲ
814 2831 891 2912 δε
938 2833 1031 2912 αὖ
1070 2829 1296 2913 πάλιν
1334 2842 1377 2880 “
1397 2835 1497 2912 Ὁ
1540 2832 1806 2937 Κύριος
1841 2834 2340 2931 ἐβασίλευσεν,
2378 2833 2627 2938 εὖπρέ-
2728 2808 2815 2911 ἰὴ.
2832 2859 2948 2911 xcii.

234 2967 278 3005 ‘⁴
314 2990 523 3036 πειαν
565 2956 968 3037 ἐνεδύσατο·
1028 2957 1415 3038 ἐνεδύσατο
1463 2956 1734 3058 Κύριος
1787 2956 2086 3056 δύναμιν
2127 2960 2246 3038 καὶ
2300 2938 2755 3062 περιεζω-ι

233 3080 565 3162 “.”σατο
639 3082 682 3161 ὃ
738 3081 880 3184 γὰρ
935 3082 1095 3178 μεθ’
1153 3081 1357 3180 ἡμῶν
1411 3082 1789 3186 ανθρωπος
1844 3116 1990 3185 προ
2046 3086 2176 3181 τῆς
2239 3085 2316 3162 ἐκ
2372 3090 2638 3187 νεκρῶν

231 3203 727 3302 ἀναστάσεως,
764 3204 881 3285 ὅτε
935 3202 1119 3306 πρὸς
1172 3206 1300 3286 τὸν
1343 3207 1420 3285 ἐν
1461 3211 1611 3290 τοῖς
1667 3208 1989 3309 οὐρανοῖς
2044 3206 2268 3306 ἀνέβη
2309 3204 2630 3310 Πατέρα,
2661 3239 2699 3284 ο

229 3325 395 3408 τότε
468 3325 602 3428 τὴν
677 3329 861 3410 ἰδίαν
933 3329 1353 3433 εὐπρέπειαν
1418 3328 1823 3428 ἐνεδύσατο,
1890 3333 2007 3409 καί
2070 3325 2204 3428 τὴν
2265 3329 2354 3436 ἐξ
2411 3331 2638 3435 ἀρχῆς

107 3479 199 3541 25
232 3450 707 3558 ὑπάρχουσαν
745 3454 937 3561 αὐτῷ
969 3453 1455 3557 περιεζώσατο
1492 3452 1813 3552 δύναμιν·
1876 3452 2198 3534 κεκάθικε
2235 3453 2382 3558 γάρ
2416 3462 2637 3550 βασι-

230 3576 467 3658 λεύων
501 3580 682 3677 μετὰ
722 3579 1033 3680 Πατρός.
1110 3580 1381 3683 χαίρειν
1417 3579 1543 3658 οὖν
1578 3578 1722 3679 ἄρα
1758 3575 2030 3660 δίκαιόν
2066 3613 2145 3660 τε
2193 3582 2314 3659 καὶ
2357 3579 2638 3681 πρέπον

228 3699 401 3788 τοὺς
464 3706 899 3804 ἀγαπῶντας
959 3700 1197 3800 αὐτὸν,
1267 3701 1379 3783 ὅτι
1441 3700 1872 3806 πεπόρευται
1929 3700 2114 3807 πρὸς
2174 3702 2302 3784 τὸν
2356 3706 2432 3783 ἐν
2489 3711 2636 3787 τοῖς

229 3827 559 3930 οὐρανοῖς
596 3826 896 3929 Πατέρα
948 3823 1084 3926 τὴν
1129 3828 1315 3908 ἰδίαν
1358 3826 1584 3934 δόξαν
1621 3825 2200 3934 ἀναληψόμενος,
2237 3828 2355 3908 καὶ
2408 3827 2637 3907 πάλιν

227 3952 425 4059 αὐτῷ
497 3949 1144 4050 συμβασιλεύσων,
1210 3949 1532 4056 καθάπερ
1603 3949 1695 4050 ἦν
1758 3953 1835 4032 ἐν
1899 3953 2112 4057 ἀρχῇ.
2204 3951 2494 4060 μείζονα
2560 3949 2647 4029 δέ

100 4108 195 4170 30
228 4082 465 4185 φησιν
501 4075 740 4175 αὐτὸν,
777 4075 912 4181 οὐχ
961 4074 1072 4156 ὅτι
1121 4075 1486 4157 κεκάθικεν
1518 4078 1596 4157 ἐκ
1642 4075 1917 4182 δεξιῶν,
1956 4079 2052 4162 ὡς
2088 4073 2298 4173 Θεὸς,
2332 4075 2500 4155 ἀλλ’
2540 4075 2638 4158 ὦς

304 4286 356 4325 2.
393 4269 625 4358 ἀγαπᾶτε
652 4269 718 4325 Ε.
982 4288 1035 4342 3.
1071 4293 1173 4341 μου
1194 4271 1382 4340 μείζων
1401 4293 1503 4341 μου
1527 4289 1574 4326 c.
1603 4269 1771 4326 Cord.
2035 4286 2118 4325 ιο.
2154 4268 2262 4323 ἐκδι
2373 4266 2544 4337 ’μενος
2569 4267 2635 4322 Ε.

224 4339 571 4423 ἐξηγούμενος
595 4339 698 4395 Ed.
866 4355 949 4413 15.
983 4343 1141 4412 ἄκρον
1163 4360 1262 4413 pro
1285 4341 1449 4467 (apag
1473 4343 1539 4397 E.
1702 4342 1783 4397 18.
1821 4338 2009 4412 χορὸν]
2043 4349 2102 4405 -Ι-
2133 4341 2217 4395 καὶ
2371 4339 2542 4394 invito
2569 4338 2633 4392 Ε.

229 4411 410 4468 22-26
436 4411 600 4467 citant
623 4420 838 4467 catenae
863 4413 918 4467 in
947 4411 1037 4467 Pe.
1057 4413 1179 4467 xcii.
1407 4410 1651 4484 ἀρετὰ]
1685 4420 1743 4478 -f—
1772 4415 1866 4466 τοῦ
1891 4411 2069 4467 Catn'
2055 4428 2113 4465 m
2140 4410 2230 4465 Pa.
2424 4410 2511 4464 28.
2550 4409 2637 4462 οὐ·

224 4485 410 4553 ρανοῖς
443 4483 602 4552 ἀνέβη
637 4483 834 4552 πατέρα
836 4485 999 4548 ,τότε
1035 4483 1128 4550 τὴν
1162 4483 1296 4539 ἰδίαν
1329 4483 1637 4555 εὐπρέπειαν
1671 4481 1953 4539 inanem
1984 4481 2039 4552 (e
2069 4498 2232 4552 supra
2262 4489 2326 4538 ut
2359 4478 2519 4548 solet)
2545 4479 2640 4547 τὴν

226 4553 368 4610 ἰδίαν
393 4553 460 4610 Ε.
744 4570 834 4625 30.
871 4553 957 4610 ὅτε
982 4571 1029 4609 c.
1056 4553 1221 4611 Cord-
