3238 5158
221 327 310 394 ix.
339 349 446 415 39.
601 329 716 394 IN
778 325 844 393 s,
894 327 1407 394 JOANNEM.
1499 321 1849 393 LIBNI.
1940 329 2146 394 CAP.
2193 329 2251 392 1.
2504 331 2631 393 203

220 500 508 579 νοῦντες
545 496 776 599 ὀρθῶς
820 494 1053 603 τούτῳ
1099 494 1515 598 διαπρέπειν
1548 490 1653 602 τῷ
1704 493 1950 602 τρόπῳ
1999 496 2118 574 καὶ
2166 492 2332 578 τοῦς
2384 494 2632 594 ἁγίους·

218 616 612 720 ἀγγέλους,
668 623 785 699 καὶ
840 616 1091 722 ὥσπερ
1146 618 1307 699 τινὰ
1361 617 1801 725 δορυφορίαν
1855 616 2339 717 πνευματικὴν
2391 651 2629 720 προσ-

218 739 532 844 κομίζειν
573 748 741 848 Θεῷ
795 742 931 843 τὴν
967 742 1495 848 προσκύνησιν.
1580 746 1698 823 καὶ
1734 751 1913 845 γοῦν
1950 742 2067 823 ὅτε
2105 741 2237 842 τὴν
2275 745 2632 845 θεοπρεπῆ

214 864 568 969 προάγειν
622 863 836 966 τιμὴν
888 874 994 974 τῷ
1051 866 1504 974 Πρωτοτόκῳ
1560 870 1681 946 καὶ
1738 872 2146 969 Μονογενεῖ
2190 863 2274 946 τὸ
2335 871 2634 962 Πνεῦμα

154 1012 189 1073 5
219 996 371 1073 τοῖς
423 989 572 1069 ἅνω
626 990 1060 1071 διεκελεύετο
1096 1001 1141 1038 “
1182 994 1325 1070 Καὶ
1374 987 2107 1094 προσκυνησάτωσαν
2143 992 2364 1097 αὐτῷ,
2408 993 2626 1097 φησί,
2722 1000 2968 1129 ξὲἳῖᾑ

222 1123 269 1160 “
302 1110 562 1197 πάντες
599 1113 907 1216 ἄγγελοι
946 1115 1202 1210 Θεοῦ.”
1263 1112 1465 1194 ἀλλὰ
1516 1118 1633 1195 καὶ
1686 1117 1726 1194 5
1776 1121 1963 1200 θεῖος
2006 1115 2190 1213 ἡμᾶς
2228 1110 2633 1220 ψαλμῳδὸς

220 1235 412 1340 πρὸς
447 1246 662 1318 τοῦτο
700 1238 938 1340 λέγων
973 1235 1213 1318 ἐκάλει
1251 1250 1293 1286 “
1320 1246 1549 1319 Δεῦτε
1586 1235 2212 1341 προσκυνήσωμεν
2246 1241 2361 1317 καὶ
2396 1272 2632 1340 προσ·
2722 1245 2956 1361 {¹³-103'-

223 1372 270 1408 “
306 1361 649 1461 πέσωμεν
698 1362 953 1469 αὐτῷ.”
1025 1365 1143 1442 καὶ
1195 1371 1678 1465 μακρηγορεῖν
1728 1361 1859 1461 μὲν
1910 1360 2000 1462 ἦν
2047 1365 2163 1442 ἐπὶ
2217 1361 2493 1447 τούτοις
2550 1363 2633 1441 οὐ
2659 1375 2702 1438 d

224 1483 574 1589 χαλεπόν·
631 1485 895 1590 μέτρον
933 1485 1009 1565 δὲ
1046 1493 1197 1570 τοῖς
1231 1486 1616 1590 εἰρημένοις
1655 1485 2008 1570 ἐπιθέντες
2052 1520 2137 1565 το
2172 1484 2466 1588 πρέπον,
2506 1490 2634 1585 τῆς

114 1645 192 1686 ιο
225 1615 372 1688 τῶν
427 1610 667 1713 ῥητῶν
718 1609 1187 1714 παραθέσεως
1240 1609 1424 1713 πρὸς
1479 1610 1564 1690 τὸ
1619 1643 1857 1713 παρον
1910 1608 2355 1716 ἀφεξόμεθα.
2436 1605 2636 1708 πλὴν

223 1734 447 1812 ἐκεῖνο
491 1732 718 1814 πάλιν
756 1731 1307 1834 ἀναμνήσωμεν,
1346 1767 1456 1813 οτι
1504 1738 1634 1833 τῆς
1687 1739 1832 1813 τῶν
1866 1735 2089 1813 ἐθνῶν
2126 1734 2458 1834 λατρείας
2508 1730 2635 1811 τὸν

223 1855 457 1936 τύπον
509 1856 937 1959 ἀπεπλήρου
992 1864 1236 1941 καλῶς
1300 1860 1340 1938 5
1401 1857 1576 1938 ποτὲ
1635 1856 1939 1962 τυφλὸς,
1995 1863 2086 1963 τῇ
2139 1862 2267 1957 τῆς
2321 1860 2633 1941 πίστεως

227 1981 587 2087 ὁμολογίᾳ
641 1981 930 2083 γείτονα
985 1984 1198 2065 τιθεὶς
1253 1979 1386 2078 τὴν
1433 1980 1961 2084 προσκύνησιν.

234 2239 352 2306 Καὶ
423 2234 605 2308 εἶπεν
667 2244 704 2308 ὁ
767 2243 1025 2308 Ἰησοῦς
1102 2239 1211 2307 Εἰς
1284 2239 1480 2332 κρῖμα
1550 2244 1683 2318 &reb
1754 2241 1848 2311 eie
1919 2244 2030 2310 τὸν
2097 2244 2337 2321 κόσμον
2401 2249 2630 2308 τοῦτον
2661 2267 2737 2322 39

122 2373 199 2436 ¹5
332 2362 557 2449 ἦλθον,
594 2368 702 2433 ἵνα
752 2365 813 2433 οἱ
861 2367 949 2445 μή
1004 2368 1354 2456 βλέποντες
1404 2370 1695 2447 βλέπωσι
1745 2371 1852 2436 καὶ
1897 2367 1957 2435 οἰ
2004 2371 2352 2448 βλέποντες
2403 2367 2696 2455 τυφλοίθ
2787 2407 2792 2420 ·

335 2493 679 2567 Γὲνωνται.

344 2664 501 2760 Τῆς
539 2661 983 2768 ἀναδείξεως,
1016 2664 1146 2761 τῆς
1181 2663 1258 2742 ἐν
1294 2667 1476 2769 τῷδε
1526 2669 1632 2770 τῷ
1683 2660 1940 2772 κόσμῳ
1992 2667 2201 2769 φημὶ,
2238 2660 2371 2761 τὴν
2407 2663 2640 2742 αἰτίαν

229 2787 403 2887 ἡμῖν
465 2783 938 2893 ἐξηγούμενος
1012 2783 1130 2865 διὰ
1202 2790 1450 2891 φωνῆς
1511 2785 1835 2868 Ἡσαΐου
1911 2789 2144 2892 φησὶν
2208 2789 2248 2866 5
2315 2786 2641 2889 Χριστός

233 2920 279 2956 “
319 2914 623 3009 Πνεῦμα
681 2909 956 3011 Κυρίου
1011 2909 1117 2989 ἐπ’
1170 2907 1315 3008 ἐμὲ,
1363 2908 1446 2988 οὗ
1502 2909 1761 2990 εἵνεκεν
1811 2909 2064 3015 ἕχρισέ
2106 2943 2219 3009 με,
2270 2910 2639 3011 εῦαγγελί-
2729 2934 2977 2985 Es.1xi.1.

126 3054 206 3094 20
233 3045 279 3082 ‘⁶
317 3040 601 3114 σασθαι
683 3040 1000 3139 πτωχοῖς
1079 3031 1508 3114 ἀπέσταλκέ
1582 3068 1701 3132 με,
1781 3035 2084 3142 κηρύξαι
2153 3032 2641 3140 αἰχμαλώτοις

231 3170 277 3208 “
315 3160 587 3265 ἄφεσιν
642 3162 758 3238 καὶ
814 3162 1121 3263 τυφλοῖς
1176 3154 1666 3265 ἀνάβλεψιν.”
1730 3158 1930 3239 ἀλλὰ
1985 3161 2102 3238 καὶ
2157 3157 2453 3260 ἑτέρωθί
2498 3191 2640 3237 που

231 3281 467 3390 φησίν
529 3292 573 3330 “
607 3286 708 3362 Οἱ
771 3283 1004 3387 κωφοι
1067 3278 1451 3381 ἀκούσατε,
1518 3285 1637 3362 καὶ
1702 3287 1769 3362 οἰ
1834 3286 2102 3389 τυφλοὶ
2169 3280 2637 3388 ἀναβλέψω-ε
2729 3291 2811 3407 ff}
2824 3293 2931 3342 ¹111·

230 3420 278 3456 ‘⁶
315 3407 554 3489 ἰδεῖν.”
614 3438 729 3487 οτε
763 3405 1006 3485 τοίνυν
1042 3402 1306 3558 ταύτης
1342 3439 1545 3486 ενεκα
1580 3409 1708 3506 τῆς
1747 3407 1976 3491 αἰτιας
2011 3410 2638 3512 κεχειροτονῆσθαι
2666 3448 2700 3485 a
2744 3432 2878 3489 634
2895 3429 2978 3485 Δ.

234 3531 433 3632 λεγει
479 3528 679 3634 παρὰ
726 3536 855 3609 τοῦ
904 3534 1096 3609 Θεοῦ
1145 3531 1260 3608 καὶ
1308 3528 1692 3634 Πατρος,“’
1660 3566 1775 3610 ινα
1825 3531 2102 3638 κηρύξῃ
2153 3536 2460 3638 τυφλοῖς
2509 3528 2641 3628 τὴν

131 3671 205 3734 25
232 3655 674 3760 ἀνάβλεψιν,
710 3658 866 3738 πῶς
915 3652 1165 3732 ἐνθάδε
1217 3652 1452 3760 φησίν
1492 3662 1611 3740 Εἰς
1663 3659 1878 3762 κρῖμα.
1927 3652 2062 3758 ἐγῶ
2108 3662 2200 3740 εἰς
2249 3655 2353 3735 τὶν
2395 3656 2644 3759 κόσμον

230 3782 443 3860 τοῦτον
492 3773 754 3872 ηλθον’
730 3813 834 3858 ινα.
894 3787 950 3858 οἱ
1005 3776 1101 3883 μῆ
1161 3774 1536 3871 βλέποντες
1587 3779 1917 3873 βλεπωσι
1985 3817 2104 3860 και
2166 3789 2220 3860 οἱ
2272 3776 2643 3871 βλέποντες

229 3905 478 4009 τυφλοι
546 3898 908 4004 γίνωνται·
889 3961 910 3998 ,
982 3911 1027 3948 “
1054 3896 1253 4006 Ἀρα
1309 3901 1457 4000 οὖν,
1512 3904 1661 4005 ε’ρεῖ
1716 3936 1843 4000 τις,
1900 3901 2229 4006 Χριστὸς
2292 3901 2641 4005 ἁμαρτίας
2731 3916 2844 4032 <¹3⁸1-
2873 3916 2923 3967 ῑὶ·

230 4036 275 4073 “
314 4022 662 4123 διάκονος,
724 4023 910 4104 κατὰ
974 4023 1107 4123 τὴν
1175 4033 1305 4104 τοῦ
1373 4026 1680 4106 Παύλου
1744 4025 2041 4133 φωνήν·
2021 4089 2043 4124 ,
2127 4023 2228 4126 μὴ
2293 4026 2591 4127 γένοιτο·
2598 4026 2636 4052 ”
2770 3994 2796 4046 ⁷

307 4261 358 4299 2.
396 4244 721 4317 δορυφορίαν
748 4245 814 4301 Β.
843 4246 1027 4302 Holet.
1054 4245 1127 4300 δω
1125 4246 1388 4318 ροφορίαν
1412 4245 1519 4302 Ed.
1762 4265 1815 4314 4.
1850 4248 2138 4320 προσάγειν
2162 4248 2412 4304 emendat
2437 4248 2644 4319 Migne.

232 4315 304 4458 6.9
326 4315 458 4404 ἡμᾶς
480 4317 599 4388 ψαλ
577 4318 830 4442 ἔφὸὸς
796 4316 901 4372 hoc
932 4315 1122 4371 ordine
1125 4267 1213 4372 ρ.Β
1358 4317 1411 4372 8.
1449 4317 1588 4389 αὐτῷ
1613 4334 1723 4371 om.
1751 4334 1799 4372 a.
1817 4316 2012 4442 ἑ55.)
2119 4335 2201 4373 11.
2238 4318 2301 4375 ἀν
2300 4317 2570 4389 αβῆσομεν
2594 4337 2642 4373 a.

361 4385 551 4441 εἵνεκεν
735 4387 969 4442 εἵνεκεν
994 4386 1140 4442 Aub.
1308 4403 1396 4442 20.
1432 4386 1524 4460 με]
1558 4395 1615 4453 -Ι-
1648 4388 1815 4445 ἰάσασ
1850 4410 1902 4441 αι
1927 4387 2045 4445 τοὺς
2069 4390 2533 4461 συντετριμμένους
2556 4390 2650 4458 τὴν

231 4507 451 4575 καρδίαν
476 4506 621 4561 Aah.
698 4507 853 4568 Quae
877 4507 1040 4563 verba
1071 4525 1169 4563 nec
1201 4526 1249 4563 a.
1276 4508 1508 4563 exhibet.
1760 4552 1773 4564 .
1810 4509 2035 4580 εωφείας
2063 4509 2127 4565 Β.
2155 4509 2320 4567 αἴτιος
2343 4509 2646 4567 emendavit

237 4578 339 4632 Ht.
366 4584 421 4633 et
444 4577 517 4631 ita
542 4594 591 4632 a.
803 4578 890 4634 26.
929 4577 1091 4647 ἦλθον
1118 4578 1181 4633 B.
1186 4596 1235 4632 a.
1264 4578 1496 4647 ἐλήλυθα
1527 4578 1623 4633 Ht.
1654 4580 1758 4636 Ε.

1356 4661 1541 4727 ndz
