3238 5158
188 339 317 403 xvi.
346 360 449 426 33.
541 339 656 404 IN
718 341 786 406 s,
834 341 1349 407 JOANNEM.
1441 344 1806 410 LIB.X1.
1899 346 2105 411 cAP.
2154 348 2251 411 11.
2457 349 2586 414 65¹7

187 505 691 611 ἁπλούστερον
738 505 872 607 μὲν
928 507 1071 611 γὰρ
1131 507 1199 588 εἴ
1243 542 1350 594 τις
1408 508 1645 590 ἕλοιτο
1704 518 1910 607 νοεῖν,
1967 513 2112 615 ἐρεῖ
2159 509 2248 609 δὴ
2302 509 2590 597 πάντως

189 627 457 729 Πᾶσης
524 631 872 733 ἁμαρτίας
936 636 1052 712 καὶ
1118 633 1612 736 περιστάσεως
1686 638 2038 734 κοσμικῆς
2106 635 2441 753 κρείττων
2512 669 2589 714 τε

183 752 335 851 ἅμα
389 756 505 835 καὶ
560 755 1038 860 δυνατώτερος
1094 755 1479 864 ἀπεφάνθη
1535 759 1886 860 Χριστός·
1969 756 2208 858 ἐπειδὴ
2265 756 2342 839 δὲ
2396 760 2584 840 νενί-

183 911 386 977 κηκε,
448 881 565 959 καὶ
624 886 772 964 τοῖς
828 879 915 960 δι’
976 880 1194 961 αὐτὸν
1247 877 1774 983 πειραζομένοις
1827 882 2159 963 ἐπιδώσει
2214 880 2299 962 τὸ
2356 890 2581 964 νικᾶν.

122 1037 157 1098 5
183 1006 241 1080 εἰ
314 1000 403 1080 δέ
471 1036 581 1087 τις
653 1010 803 1083 τῶν
873 1004 1255 1108 εἰρημένων
1329 1006 1590 1084 ἐννοεῖν
1662 1004 1900 1092 ἐθέλοι
1979 1041 2048 1086 τι
2128 1005 2582 1112 πικρότερον,

182 1126 402 1205 ἐκεῖνο
475 1124 564 1227 δὴ
637 1124 925 1210 πάντως
1000 1125 1664 1227 διενθυμηθήσεται.
1769 1127 1989 1233 ὅνπερ
2079 1129 2227 1234 γὰρ
2317 1129 2591 1235 τρόπον

182 1255 462 1354 φθορᾶς
524 1253 643 1331 καὶ
701 1249 1015 1331 θανάτου
1077 1247 1194 1331 διὰ
1257 1258 1469 1330 τοῦτο
1534 1249 2087 1354 κεκρατήκαμεν,
2149 1253 2432 1357 ἐπείπερ
2492 1258 2589 1339 ὡς

182 1371 557 1477 ἅνθρωπος
593 1375 678 1453 δι’
718 1372 903 1474 ἡμᾶς
940 1377 1059 1454 καὶ
1098 1371 1272 1478 ὑπὲρ
1310 1375 1514 1474 ἡμῶν
1552 1375 1818 1471 ἀνεβίω
1854 1376 2202 1478 Χριστὸς,
2240 1382 2367 1478 τῆς
2406 1378 2590 1459 κατὰ

182 1505 306 1577 τοῦ
345 1495 659 1578 θανάτου
699 1497 1118 1605 πλεονεξίας
1165 1495 1395 1602 ἀρχὴν
1431 1496 1563 1598 τὴν
1601 1498 1784 1578 ἰδίαν
1821 1497 2230 1580 ἀνάστασιν
2266 1500 2578 1602 ποιησά-
2612 1519 2656 1584 b

95 1649 161 1688 10
183 1654 411 1718 μενος,
472 1620 698 1721 διήκοι
763 1621 855 1702 ἂν
908 1620 1196 1705 πάντως
1271 1624 1389 1702 καὶ
1446 1627 1544 1707 εἷς
1609 1622 1796 1722 ἡμᾶς
1862 1625 1908 1722 ἡ
1973 1632 2102 1703 τοῦ
2161 1623 2588 1727 πράγματος

183 1744 498 1847 δύναμις,
533 1747 815 1848 ἐπείπερ
872 1742 963 1845 ἦν
1006 1748 1046 1825 ὁ
1094 1744 1394 1845 νικήσας
1448 1744 1537 1852 ἐξ
1586 1745 1792 1846 ἡμῶν
1848 1747 2028 1827 καθὸ
2082 1748 2400 1854 πέφηνεν
2429 1747 2581 1827 ’ἅν-

185 1874 489 1971 θρωπος,
530 1872 645 1949 καὶ
682 1868 929 1973 ὥσπερ
966 1874 1092 1969 τῆς
1130 1871 1478 1972 ἁμαρτίας
1513 1867 2078 1974 περιγιγνόμεθα
2114 1875 2586 1976 νεκρωθείσης

186 1992 467 2079 πάντως
511 1997 586 2074 ἐν
628 1996 894 2103 πρώτῳ
931 2000 1255 2102 Χριστῷ,
1289 1993 1892 2097 παραπέμποντος
1942 1996 2278 2096 δηλονότι
2324 2000 2437 2078 καὶ
2489 2005 2588 2082 εἰς

186 2113 385 2216 ἡμᾶς,
416 2121 517 2203 ὡς
551 2117 727 2197 ἴδιον
763 2119 990 2219 γένος,
1025 2115 1111 2198 τὸ
1148 2117 1448 2220 ἀγαθόν·
1511 2119 1698 2200 οὕτω
1736 2123 1852 2200 καὶ
1897 2118 2164 2227 θαρσεῖν
2200 2122 2588 2228 ὀφείλομεν

97 2263 162 2319 15
188 2236 293 2317 ὅτι
327 2243 446 2320 καὶ
494 2240 689 2341 ἡμεῖς
736 2240 1216 2345 περιεσόμεθα
1250 2250 1377 2322 τοῦ
1416 2242 1724 2342 κόσμου·
1806 2247 2086 2339 νενίκηκε
2133 2245 2277 2348 γὰρ
2316 2249 2356 2326 ὁ
2394 2252 2579 2351 Χρι-

188 2360 358 2447 στὸς
418 2369 517 2449 ὡς
574 2365 949 2471 ἅνθρωπος
1003 2368 1089 2445 δι’
1145 2366 1352 2466 ἡμᾶς,
1408 2365 1596 2473 ἀρχὴ
1655 2371 1773 2448 καὶ
1837 2367 2020 2470 θύρα
2084 2372 2203 2449 καὶ
2241 2369 2431 2460 ιὁδὸς
2497 2370 2586 2478 τῇ
2610 2405 2647 2450 ο

188 2488 589 2596 ἀνθρωπεία
662 2490 882 2597 φύσει
956 2492 1091 2570 κάν
1162 2490 1395 2600 τούτῳ
1461 2489 1902 2595 γιγνόμενος.
2007 2499 2074 2572 οὶ
2144 2494 2285 2596 γὰρ
2355 2494 2590 2576 πάλαι

187 2610 561 2698 πίπτοντές
594 2649 671 2695 τε
705 2618 822 2695 καὶ
861 2615 1225 2714 νικώμενοι
1282 2614 1803 2721 κεκρατήκαμέν
1840 2650 1917 2695 τε
1960 2619 2078 2697 καὶ
2129 2618 2589 2720 νενικήκαμεν

189 2734 302 2817 διὰ
344 2735 474 2819 τὸν
511 2738 601 2846 ἐξ
644 2738 846 2839 ἡμῶν
883 2744 997 2819 καὶ
1035 2742 1121 2820 δι’
1162 2741 1347 2839 ἡμᾶς
1392 2738 1807 2839 νικήσαντα.
1889 2745 1947 2820 εἶ
1994 2740 2127 2841 μὲν
2160 2740 2303 2846 γὰρ
2349 2746 2583 2844 ε’νίκη·

96 2876 165 2916 ²0
189 2891 312 2940 σεν
346 2864 442 2947 ὡς
483 2862 694 2953 Θεος,
732 2897 914 2965 προς
963 2865 1149 2963 ἡμᾶς
1193 2863 1415 2962 οὐδὲν,
1461 2898 1518 2943 ει
1571 2862 1648 2944 δὲ
1691 2866 1786 2948 ὡς
1835 2864 2309 2967 ἅνθρωπος,“
2269 2874 2465 2966 ημεῖς
2513 2872 2589 2947 ἐν

188 2983 374 3093 αὐτῷ
425 2984 905 3087 νενικήκαμεν.
982 2987 1300 3092 δεύτερος
1355 2985 1499 3090 γὰρ
1557 2988 1727 3089 ἡμῖν
1781 2988 1869 3096 ἐξ
1920 2990 2222 3091 οὐρανοῦ
2270 2991 2588 3098 πέφηνεν
2680 3003 2870 3133 {3017

187 3104 437 3209 Ἀδὰμ,
500 3145 686 3191 κατα
747 3109 877 3196 τὰς
938 3111 1256 3218 γραφάς.
1335 3109 1586 3215 ὥσπερ
1646 3113 1772 3192 οὖν
1827 3111 2323 3221 πεφορέκαμεν
2384 3126 2427 3162 “
2457 3115 2589 3215 τὴν
2682 3143 2812 3194 lbid.
2832 3160 2913 3210 49.

191 3234 488 3315 “εἶκόνα
552 3243 681 3315 τοῦ
738 3236 1043 3341 χοῖκοῦ,”
1119 3237 1284 3316 καθ’
1348 3234 1734 3337 ὁμοιότητα
1796 3235 1930 3336 τὴν
1985 3238 2250 3319 ἐκείνου
2305 3245 2407 3347 τῷ
2460 3244 2589 3339 τῆς

190 3355 531 3460 ἁμαρτίας
575 3357 1057 3444 ὑποπεσόντες
1108 3356 1316 3468 ζυγῷ,
1351 3361 1537 3439 οὕτω
1582 3359 1671 3459 δὴ
1707 3359 1992 3444 πάντως
2031 3360 2436 3467 φορέσομεν
2472 3367 2590 3444 καὶ

97 3501 165 3561 25
187 3478 313 3579 τὴν
364 3491 494 3563 τοῦ
550 3481 967 3586 ἐπουρανίου
1019 3480 1427 3587 μόρφωσιν,
1482 3483 1811 3564 τουτέστι
1864 3489 2215 3586 Χριστοῦ,
2264 3493 2590 3573 νικῶντες
2615 3499 2659 3564 d

189 3608 310 3703 τῆς
354 3608 704 3710 ἁμαρτίας
748 3606 881 3708 τὴν
916 3609 1318 3709 τυραννίδα,
1354 3611 1472 3688 καὶ
1522 3606 1813 3709 ἁπάσης
1869 3610 2195 3717 θλίψεως
2248 3646 2584 3715 κατευμε-

191 3735 556 3827 γεθοῦντες
592 3736 965 3832 κοσμικῆς·
1028 3735 1312 3827 νενίκηκε
1344 3731 1491 3836 γὰρ
1526 3734 1566 3812 ὁ
1603 3733 1947 3838 Χριστός.

1030 3972 1080 4012 2.
1118 3979 1174 4010 τε
1198 3966 1536 4031 assumptum
1561 3976 1628 4013 ex
1652 3958 1719 4015 Ε.

277 4691 413 4737 vot..
448 4695 522 4739 11.
1354 4699 1395 4759 4
1431 4698 1462 4740 P
