3238 5158
594 239 729 305 5⁷4
1204 237 1285 304 Β.
1328 237 1752 304 CYRILLI
1811 238 2405 304 ALEXANDR.
2830 253 2944 299 xv.
2971 251 3058 295 11.

262 433 427 513 §upra
601 409 1067 508 Σαμαρειτῶν
1112 403 1324 485 διέθει
1378 405 1644 511 χώραν,
1683 405 1984 507 κε’κμηκε
2030 404 2109 486 δὲ
2163 415 2210 453 “
2235 406 2316 485 ἐκ
2363 406 2510 504 τῆς
2557 402 3054 503 ὁδοιπορίας,”

264 516 330 550 xv.
351 499 401 551 ⁶⁶
601 527 790 608 καθά
812 529 1234 631 γέγραπται,
1262 539 1307 577 “
1329 530 1690 634 ἐκαθέζετο
1713 533 1827 611 ἐπὶ
1849 534 1940 636 τῇ
1959 536 2161 635 πηγῇ
2181 531 2221 557 ”
2245 537 2380 609 τοῦ
2405 529 2726 622 Ἰακώβ
2748 560 2771 622 ;
2824 522 3058 620 ἐπειδὴ

602 651 678 734 δὲ
720 652 805 733 τὸ
841 652 1138 755 γύναιον
1173 654 1367 761 αὐτῷ
1410 652 1887 757 προσεκόμιζε
1933 653 2068 754 τὴν
2110 662 2238 735 τοῦ
2274 650 2752 756 ἀρύσασθαι
2790 651 3054 755 χρείαν,

600 774 1141 881 προσελάλησε’
1198 812 1274 859 τε
1341 779 1535 884 αὐτῷ
1606 776 1699 858 τά
1768 779 2006 860 εἰκότα
2063 781 2180 858 καὶ
2246 784 2768 880 Σαμαρειτῶν
2829 775 3056 881 ὄχλον

601 902 872 1009 ἥξοντα
924 903 1452 1005 προσεδόκησε,
1495 905 1612 982 καὶ
1649 907 1924 1012 τροφῆς
1974 903 2362 1005 ἀναγκαίας
2399 898 2840 1004 ἀλογήσας
2882 899 3094 1007 ‹pai-5

601 1061 813 1108 νεται.
907 1028 984 1107 τί
1043 1025 1186 1130 γὰρ
1249 1027 1393 1134 ἔφη
1453 1026 1638 1130 πρὸς
1694 1027 1860 1112 τοὺς
1920 1026 2265 1127 μαθητὰς,
2330 1025 2799 1125 ἐδεσμάτων
2865 1025 3048 1130 αὐτῷ

266 1173 447 1236 11)-34·
600 1158 1035 1251 μεταλαβεῖν
1061 1149 1726 1249 συμβουλεύοντας·
1704 1212 1728 1249 ,
1793 1154 1893 1200 “’
1856 1151 2027 1307 εμὸν
2052 1150 2375 1255 βρῶμά’
2340 1185 2557 1230 εστιν
2587 1151 2723 1230 ἵνα
2751 1149 3040 1249 ποιήσω

269 1295 500 1353 ΒΒΘΔ.
543 1287 648 1352 α“
680 1310 766 1355 το
802 1275 1084 1377 θέλημα
1118 1282 1248 1357 τοῦ
1288 1273 1581 1426 Πατρός
1616 1310 1760 1375 μου
1799 1280 1916 1357 καὶ
1952 1275 2311 1357 τελειώσω
2345 1276 2579 1355 αὑτοῦ
2619 1274 2722 1356 τὸ
2759 1276 3030 1378 ἔργον.ἰ

530 1405 541 1412 ’
601 1396 711 1504 ἀρ’
781 1401 907 1480 ουν
964 1403 1344 1481 κάντεῦθεν
1407 1401 1535 1480 οὐκ
1590 1397 1685 1480 ἀν
1745 1400 2020 1503 γένοιτο
2075 1396 2481 1506 συμφανες,
2546 1434 2669 1479 οτι
2746 1398 3028 1506 τρυφὴν

600 1528 900 1606 ἐποιεῖτο
935 1560 1052 1605 και
1097 1523 1331 1631 χαρὰν
1370 1530 1516 1605 τῶν
1550 1559 1906 1633 πατρωων
1944 1520 2371 1624 θελημάτων
2405 1521 2544 1623 τὴν
2584 1524 3020 1627 πλήρωσιν,
3049 1554 3096 1594 10
3141 1591 3142 1602 ,

598 1648 956 1747 τουτέστι,
1016 1648 1149 1750 τὴν
1213 1655 1311 1734 εἷς
1370 1649 1741 1752 σωτηρίαν
1795 1645 2204 1752 ἀναδρομὴν
2268 1654 2415 1727 τῶν
2470 1653 2574 1731 εἷς
2641 1650 3024 1729 ἀπώλειαν

600 1771 1236 1875 διωλισθηκότων;
1300 1774 1468 1854 ἀλλ’
1509 1772 1710 1854 ἔστιν
1747 1774 1873 1853 οὐκ
1914 1773 2358 1880 ἀμφίλογον.

711 1902 956 1979 Ταῦτα
1002 1899 1241 1993 τοίνυν
1290 1898 1550 1996 πάντα,
1607 1902 1820 2004 φησὶ,
1875 1898 2266 2000 διείλεγμαι
2322 1895 2505 1999 πρὸς
2560 1899 2762 1996 ὑμᾶς
2815 1901 2936 1978 ἵνα.
2989 1903 3022 1990 ἦ

600 2022 795 2131 xmp&
858 2027 891 2119 ἦ
948 2021 1071 2130 {pt-31
1128 2024 1188 2105 ἐν
1247 2027 1396 2130 ὑμῖν
1452 2022 1507 2136 ᾗ,
1573 2018 1978 2121 τουτέστιν,
2045 2023 2132 2102 ἵν’
2196 2023 2300 2103 ἐπ’
2370 2022 2663 2107 ἐκείνοις
2723 2023 3020 2122 ἐθέλητε

599 2149 1127 2247 διευθυμεῖσθαι
1190 2145 1433 2247 μόνοις
1497 2147 1609 2254 ἐφ’
1665 2146 1924 2250 οἷσπερ
1989 2144 2211 2248 κάγὼ,
2271 2146 2389 2227 ἵνα
2453 2144 2643 2249 πρὸς
2728 2149 3018 2249 ἀγῶνας
3043 2181 3090 2234 15
3141 2177 3142 2260 ζ

598 2273 1062 2375 ἀνδρίσησθε,
1099 2274 1216 2352 καὶ
1271 2269 1403 2372 τὴν
1437 2274 1554 2352 ἐπὶ
1602 2279 1749 2357 τοῖς
1791 2269 2221 2373 σωῷμένοις
2274 2271 2534 2352 ἐλπίδα
2589 2270 3010 2373 περιζωσά-

532 2408 577 2474 b
600 2430 819 2496 μενοι,
857 2397 992 2476 κάν
1026 2430 1096 2476 τι
1142 2394 1261 2477 διά
1307 2404 1521 2476 τοῦτο
1576 2396 1949 2502 συμβαίνῃ
1995 2402 2271 2494 παθεῖν,
2307 2394 2407 2495 μὴ
2462 2392 2648 2497 πρὸς
2710 2398 3018 2495 ἀκηδίας

600 2522 922 2628 ἀδρανεῖς
978 2520 1483 2629 καταφέρησθε
1541 2529 1856 2621 μᾶλλον,
1909 2521 2199 2627 χαίρητε
2262 2518 2339 2601 δὲ
2396 2520 2558 2601 τότε
2619 2522 3012 2603 πλουσιώ-

602 2681 828 2751 τερον,
879 2649 1161 2749 ἐπείπερ
1218 2651 1336 2727 καὶ
1387 2645 1472 2727 δι’
1527 2649 1726 2747 ὑμῶν
1782 2649 2322 2750 ἀναπληροῦται
2376 2645 2462 2726 τὸ
2529 2646 2833 2746 θέλημα
2894 2654 3016 2727 τοῦ

277 2771 778 2825 ιΤὶω.ιε’
1027 2770 1238 2850 ’θ’
1474 2772 1608 2851 θιλ
1955 2763 2114 2798 ’·
2371 2771 2741 2801 *··'
3141 2800 3142 2803 ,

273 2842 305 2856 ..
671 2806 947 2857 παντας
1003 2807 1093 2852 αν
1137 2806 1420 2874 ρωπους
1523 2807 1551 2851 ε
1609 2806 1811 2856 οντος
1865 2773 2230 2877 σωζεσθαι
2283 2806 2397 2851 και
2449 2805 2545 2854 εις
2608 2806 3015 2873 επιγνωσιν
3037 2809 3090 2849 20

602 2907 649 2945 “
685 2898 1021 2999 ἀληθείας
1095 2898 1402 2977 ἐλθεῖν.”
1503 2896 1788 3002 ἔχαιρον
1857 2895 2001 2999 γὰρ
2073 2896 2188 2977 ἐπὶ
2258 2894 2534 2979 τούτοις
2606 2894 2828 2997 κάγὼ
2907 2899 3015 2976 καὶ

603 3023 774 3102 λίαν
827 3023 1165 3122 ἠδίστους
1217 3020 1642 3126 ἐλογιζόμην
1684 3017 1849 3105 τοὺς
1901 3018 2188 3107 πόνους.
2270 3020 2445 3101 ὅταν
2488 3019 2762 3117 τοίνυν,
2802 3024 3016 3126 φησὶ,

605 3145 938 3248 τοιαύτην
984 3148 1254 3248 ἕλησθε
1307 3145 1491 3252 ἔχειν
1526 3144 1784 3249 χμρᾶν,
1820 3145 1911 3246 ἣν
1958 3150 2240 3254 ἐμαυτῷ
2294 3143 2587 3249 πρέπειν
2645 3143 3014 3247 ἐλογισά-

550 3311 585 3354 ο
606 3307 772 3373 μην,
809 3270 969 3354 τότε
1004 3272 1283 3354 τελείαν
1318 3270 1538 3371 αὐτὴν
1573 3271 1764 3377 ἕξετε
1801 3273 1918 3350 καὶ
1955 3268 2388 3374 ὁλόκληρον.

720 3396 1253 3500 Πληρεστάτην
1296 3394 1441 3499 γὰρ
1477 3394 1704 3480 ὅντως
1745 3398 1860 3475 καὶ
1906 3395 2186 3475 τελείαν
2224 3392 2397 3474 εἶναι
2434 3390 2672 3499 χαρᾶν
2713 3406 2895 3499 λογι
2933 3432 3006 3476 ο·
3037 3431 3090 3489 ²5

605 3527 811 3621 μεθα,
849 3520 981 3621 τὴν
1030 3523 1106 3600 ἐν
1159 3525 1323 3627 Θεῷ
1374 3522 1491 3599 καὶ
1545 3517 1663 3600 διὰ
1702 3518 1894 3599 Θεὸν
1943 3522 2058 3601 καὶ
2105 3517 2215 3600 ἐπ’
2255 3519 2485 3622 ἔργοις
2531 3517 2862 3620 ἀγαθοῖς,
2903 3520 3012 3601 διὰ

602 3644 690 3726 τὸ
742 3642 1062 3745 πεπηγὸς
1118 3647 1234 3723 καὶ
1295 3641 1694 3745 ἀκλόνητον
1755 3647 1879 3743 τῆς
1942 3644 2257 3728 ἐλπίδος·
2335 3645 2451 3721 καὶ
2501 3640 2612 3721 ὅτι
2671 3643 3004 3747 γέγονεν,

605 3768 718 3875 ἐφ’
759 3767 861 3852 οἷς
895 3767 985 3869 ἦν
1018 3766 1223 3867 εἰκὸς,
1257 3769 1414 3874 οὐχὶ
1449 3767 1713 3869 μόνους
1753 3768 1959 3868 ἡμᾶς,
1997 3764 2197 3848 ἀλλὰ
2248 3770 2363 3848 καὶ
2414 3765 2634 3847 αὐτὸν
2689 3770 3010 3869 ἡσθῆναι

548 3926 553 3931 ’
604 3889 732 3971 τὸν
767 3894 1085 3993 Ἰησοῦν·
1163 3892 1384 3993 ἀτελῆ
1437 3890 1512 3972 δὲ
1567 3890 1801 3999 χαρὰν
1850 3891 1982 3993 τὴν
2030 3894 2105 3972 ἐν
2151 3892 2408 4000 κόσμῳ
2460 3890 2725 3997 φαμὲν,
2766 3894 2893 3973 διά
2938 3930 3008 3974 τε

605 4014 691 4096 τὸ
755 4014 1259 4126 εὖπαράφορον
1320 4023 1438 4097 καὶ
1501 4017 1588 4099 τὸ
1647 4020 1758 4125 ἐφ’
1818 4015 1923 4102 οἷς
1987 4018 2252 4118 ἥκιστα
2325 4020 2510 4121 χρῆν
2571 4021 3006 4121 τελουμένην
3027 4048 3075 4108 3³²

604 4144 942 4246 ὁρᾶσθαι,
1011 4142 1364 4238 τουτέστι,
1428 4143 1816 4249 πράγμασι
1889 4149 2279 4243 κοσμικοῖς,
2344 4140 2394 4221 ἃ
2455 4144 3007 4249 φαντασμάτων

678 4367 759 4418 14.
797 4350 858 4406 ἵν’
886 4351 951 4407 Ε.
975 4350 1057 4407 ἵνα
1082 4370 1129 4408 e.
1155 4350 1319 4409 θοι-ἀ.
1347 4352 1451 4408 Ed.
1715 4366 1794 4426 15.
1833 4351 2193 4422 διευθυμεῖσθε
2220 4351 2283 4406 Ε.
2547 4352 2633 4407 18.
2670 4350 2735 4420 δὴ
2760 4369 2809 4407 e.
2836 4351 2998 4410 Cord.

603 4437 692 4477 20.
729 4422 949 4478 θέλοντα
975 4423 1040 4478 Ε.
1138 4425 1367 4496 σωθῆναι
1391 4443 1439 4481 ο.
1466 4423 1631 4481 Cord.
1894 4424 2135 4481 nus-0135
2156 4440 2264 4479 om.
2293 4423 2357 4478 Ε.
2633 4439 2724 4494 30.
2763 4424 2826 4478 τὸ
2850 4426 2994 4495 prim

601 4502 942 4567 assumptum
965 4511 1032 4551 ex
1058 4494 1123 4551 E.
