3238 5158
190 292 330 375 μὶν·
352 312 414 383 5,
435 300 499 364 6·
789 305 908 373 IN
965 307 1033 377 s,
1078 308 1600 376 JOANNEM.
1689 307 1885 374 ΜΒ.
1931 308 2055 374 lx,
2475 301 2609 367 409

205 468 371 568 φῶς
425 467 544 546 καὶ
601 470 837 578 σοφία
897 476 1018 555 καὶ
1075 473 1372 575 δύναμις
1424 477 1544 555 καὶ
1597 472 1857 579 ἑτέροις
1913 471 1988 554 δὲ
2045 468 2248 555 ὅσοις
2296 466 2608 567 ὀνόμασι

204 587 405 692 παρὰ
441 598 598 676 ταῖς
635 596 1142 685 θεοπνεύστοις
1179 598 1690 700 ὠνομασμένος
1727 603 2067 704 γραφαῖς,
2092 591 2608 703 ἐξειλεγμένοις

206 709 460 819 ὥσπερ
502 719 654 797 τισὶ
701 724 820 802 καὶ
864 720 1059 803 πολὺ
1102 724 1274 804 λίαν
1309 724 1603 830 ἔχουσιν
1643 720 1819 804 ὄντα
1856 720 2085 824 λόγον
2122 723 2383 825 χρῆται
2422 715 2607 820 πρὸς

205 834 293 916 τὸ
353 838 612 945 παρὸν,
667 840 820 926 ὁδον
880 845 1134 927 ἑαυτὸν
1190 852 1309 929 καὶ
1367 846 1696 942 ἀλήθειαν
1748 848 1869 927 καὶ
1932 841 2104 955 ζωῆν
2162 845 2601 938 ἀποκαλῶν,

134 982 178 1044 5
206 968 468 1055 βαθεῖα
502 963 650 1071 γὰρ
686 972 785 1055 ὡς
818 973 1091 1074 ἐγῶμαι
1143 975 1260 1053 καὶ
1303 973 1386 1052 οὐ
1423 973 1594 1053 λίαν
1631 969 2064 1053 εὐκάτοπτος
2107 968 2153 1069 ἡ
2198 974 2328 1047 τοῦ
2378 963 2612 1067 λόγου

208 1085 531 1187 δύναμις·
607 1093 738 1175 οὐκ
800 1097 1137 1197 ὀκνητέον
1190 1098 1262 1177 δ’
1303 1097 1428 1176 οὖν
1484 1095 1679 1195 ὅμως
1735 1092 1920 1199 πρὸς
1980 1092 2114 1192 τὴν
2167 1091 2600 1196 ἐγχείρησιν.
2631 1121 2669 1161 a
2709 1107 2843 1165 ’168
2861 1105 2944 1162 Δ.

206 1212 345 1314 ἐρῶ
400 1212 546 1318 γὰρ
601 1215 780 1322 ὅπερ
828 1224 928 1303 εἷς
977 1220 1155 1322 ἐμὴν
1199 1220 1568 1318 ἀναβαίνει
1621 1218 1957 1316 διάνοιαν,
2001 1218 2220 1324 ἐφιεὶς
2272 1211 2609 1316 δηλονότι

206 1334 300 1415 τὰ
337 1339 601 1436 ἀμείνω
639 1350 826 1423 νοεῖν
860 1351 1009 1430 τοῖς
1046 1351 1337 1450 θεωρεῖν
1371 1344 1708 1427 εὶωθόσιν
1742 1341 2310 1451 ὀξυωπέστερον.

322 1461 472 1542 Διὰ
532 1473 751 1569 τριῶν
807 1478 1189 1574 τοιγαροῦν
1251 1468 1703 1576 πραγμάτων
1764 1474 1921 1552 ταῖς
1990 1466 2138 1547 ἅνω
2209 1467 2326 1545 καὶ
2391 1463 2611 1550 θείαις

96 1621 185 1662 ιο
211 1594 783 1690 προσβαλοῦμεν
824 1595 1098 1692 αὐλαῖς,
1135 1597 1253 1676 καὶ
1303 1601 1400 1679 εἷς
1448 1595 1580 1695 τὴν
1614 1599 1760 1673 τῶν
1800 1587 2279 1696 πρωτοτόκων
2324 1590 2602 1689 ἀναβη·

211 1708 495 1809 σόμεθα
529 1716 941 1817 ἐκκλησίαν*
1000 1717 1118 1800 διὰ
1151 1718 1485 1827 πράξεως
1520 1717 1609 1821 δή
1649 1725 1859 1825 φημι,
1893 1719 2022 1816 τῆς
2058 1712 2243 1795 κατὰ
2275 1711 2612 1812 ποικίλην

212 1834 496 1938 ἀρετὴν,
553 1844 669 1920 καὶ
730 1844 1046 1928 πίστεως
1097 1849 1230 1944 τῆς
1280 1847 1358 1924 ἐν
1412 1841 1768 1947 ὀρθότητι,
1825 1843 1943 1921 καὶ
2000 1839 2291 1922 ἐλπίδος
2348 1840 2475 1937 τῆς
2535 1837 2614 1917 ἐν

210 1958 377 2067 ζωῇ-
455 1960 567 2067 ἆρ’
606 1966 734 2045 οὖν
766 1965 1002 2072 ἕτερος
1050 1969 1220 2069 ἡμῖν
1255 1976 1385 2050 τοῦ
1434 1966 1792 2050 δύνασθαι
1837 1972 2132 2046 τοιαῦτα
2180 1965 2360 2066 δρᾶν
2391 1960 2606 2065 γενή-

209 2119 421 2169 σεται
474 2089 810 2194 χορηγὸς,
845 2090 894 2194 ἢ
947 2093 1316 2201 πρόξενος,
1361 2091 1409 2196 ἢ
1465 2093 1676 2190 αἰτία,
1712 2090 1761 2194 ἢ
1808 2089 2184 2197 πρόφασις
2231 2083 2431 2190 παρὰ
2483 2082 2614 2167 τὸν

93 2243 126 2285 1
141 2236 181 2299 5
215 2210 489 2317 Κύριον
530 2214 734 2314 ἡμῶν
768 2217 1061 2317 Ἰησοῦν
1104 2216 1237 2298 τὸν
1267 2216 1597 2322 Χριστόν
1625 2250 1645 2312 ;
1704 2217 2068 2316 οὐμενοῦν·
2140 2210 2244 2314 μὴ
2299 2211 2446 2315 γάρ
2498 2243 2611 2291 τοι
2633 2223 2679 2289 b

211 2339 537 2444 νομίσῃς.
613 2340 826 2425 αὐτὸς
863 2340 1008 2445 γὰρ
1039 2342 1209 2443 ἡμῖν
1244 2340 1746 2441 νενομοθέτηκε
1779 2337 1873 2420 τὰ
1909 2335 2087 2442 ὑπὲρ
2122 2335 2366 2436 νόμον,
2397 2331 2611 2419 αὐτὸς

211 2459 533 2569 ὑπέδειξε
593 2463 725 2564 τὴν
788 2464 978 2563 ὁδὸν,
1042 2463 1134 2566 ἢν
1197 2463 1288 2546 ἂν
1353 2463 1555 2564 οἶμαί
1611 2499 1720 2549 τις
1789 2469 2033 2546 καλῶς
2095 2467 2194 2546 εἰς
2257 2457 2390 2560 τὴν
2452 2459 2607 2539 κατ’

209 2584 565 2689 ἐνέργειαν
626 2587 882 2692 ἀρετὴν
943 2589 1324 2698 ἐκδέξαιτο,
1380 2592 1497 2671 καὶ
1557 2588 1643 2670 τὸ
1700 2589 1777 2670 ἐν
1830 2585 2147 2695 πράξεσι
2211 2592 2365 2668 ταῖς
2427 2582 2613 2665 κατὰ

211 2708 545 2812 Χριστὸν
582 2711 998 2809 διαβατικόν
1034 2749 1112 2796 τε
1159 2716 1277 2794 καὶ
1321 2714 1719 2818 πρόθυμον.
1793 2714 2049 2792 οὐκοῦν
2083 2707 2296 2793 αὐτός
2339 2711 2540 2789 ἐστιν
2575 2713 2611 2804 ἢ

94 2869 190 2913 20
215 2832 519 2933 ἀλήθεια,
554 2834 766 2920 αὐτός
802 2841 1004 2918 ἐστιν
1041 2843 1075 2933 ἦ
1113 2834 1280 2937 ὅᾶἳς,
1316 2837 1711 2937 τουτέστιν,
1750 2838 1791 2917 ὃ
1826 2833 2101 2936 ἀληθὴς
2136 2837 2264 2934 τῆς
2297 2834 2612 2917 πίστεως

215 2956 403 3061 ὅρος,
433 2962 550 3039 καὶ
587 2962 628 3040 ὀ
664 2965 792 3061 τῆς
827 2963 1197 3048 ἀπλανοῦς
1230 2965 1392 3068 περὶ
1429 2969 1624 3044 Θεοῦ
1660 2960 2079 3065 διαλήψεως
2113 2957 2348 3039 κανων
2381 2990 2460 3037 τε
2496 2958 2614 3037 καὶ

211 3079 532 3183 στάθμη.
614 3085 1073 3171 πιστεύοντες
1125 3085 1269 3191 γὰρ
1324 3092 1423 3171 εἷς
1476 3085 1659 3167 Υὶὸν
1711 3088 2023 3184 ἀληθῶς,
2079 3081 2473 3179 τουτέστιν,
2527 3078 2617 3188 e}
2633 3111 2669 3156 ο

210 3209 431 3308 αὐτῆς
464 3209 897 3311 γεννηθέντα
933 3215 1060 3312 τῆς
1100 3213 1352 3295 οὐσίας
1386 3220 1515 3293 τοῦ
1543 3218 1737 3293 Θεοῦ
1764 3213 1882 3290 καὶ
1913 3205 2226 3314 Πατρός,
2255 3207 2340 3287 οὐ
2377 3204 2609 3303 νόθον,

206 3332 298 3412 οὐ
332 3333 828 3439 ψευδώνυμον,
864 3336 1034 3415 ἀλλ’
1075 3333 1237 3417 οὐδὲ
1272 3337 1545 3436 κτίσμα
1593 3334 1638 3438 ἢ
1674 3335 1946 3435 ποίημα
1985 3332 2070 3414 τὸ
2120 3337 2246 3433 τῆς
2297 3334 2612 3430 ἀληθοῦς

96 3489 185 3551 25
210 3457 527 3543 πίστεως
560 3457 1109 3562 περικεισόμεθα
1142 3458 1497 3565 καύχημα.
1574 3461 1615 3540 ὁ
1664 3456 1809 3563 γὰρ
1858 3463 1956 3544 εἷς
2000 3456 2154 3538 υἱὸν
2185 3454 2607 3563 παραδεξά-

208 3614 422 3679 μενος
457 3580 585 3663 τὸν
621 3582 824 3682 Υῖὸν,
864 3583 1360 3686 διωμολόγηκε
1399 3581 1687 3668 πάντως
1723 3585 1841 3665 καὶ
1877 3582 2006 3664 τὸν
2039 3582 2128 3690 ἐξ
2157 3580 2378 3685 οὗπέρ
2414 3583 2607 3680 ἐστι,

210 3707 329 3785 καὶ
363 3705 639 3811 πατέρα
674 3704 801 3788 τὸν
840 3708 1035 3789 Θεὸν
1072 3706 1225 3789 οἶδέ
1252 3742 1324 3788 τε
1359 3711 1479 3789 καὶ
1523 3708 1825 3816 δέξεται.
1905 3706 2119 3793 αὐτὸς
2160 3713 2543 3810 τοιγαροῦν
2577 3709 2613 3800 ἦ

209 3826 496 3923 ἀλήθειά.
542 3834 765 3929 ἐστιν,
805 3831 1018 3918 αὐτός
1069 3835 1271 3914 ἐστιν
1308 3837 1343 3929 ἦ
1390 3833 1546 3943 ζωή·
1607 3832 1691 3912 οὐ
1738 3830 1882 3935 γὰρ
1931 3830 2170 3934 ἕτερος
2213 3831 2384 3932 ἡμῖν
2419 3833 2606 3910 ἀπο-

212 3954 660 4055 καταστήσει
706 3955 841 4056 τὴν
881 3958 960 4038 ἐν
1001 3959 1253 4038 ἐλπίσι
1302 3954 1508 4059 ζωὴν,
1547 3954 1679 4055 τὴν
1721 3958 1799 4036 ἐν
1843 3955 2223 4062 ἀφθαρσίᾳ
2278 3952 2613 4055 δηλονότι

98 4121 187 4180 30
215 4081 333 4159 καὶ
374 4078 845 4183 μακαριότητι
888 4082 1004 4161 καὶ
1058 4083 1426 4190 ἁγιασμῷ·
1484 4077 1699 4163 αὐτὸς
1751 4078 1896 4184 γὰρ
1951 4079 2137 4180 ἡμᾶς
2188 4078 2454 4181 ἐγείρει,
2494 4080 2612 4158 καὶ

283 4365 336 4425 5.
372 4352 443 4409 ὃς
465 4369 574 4408 om.
603 4352 669 4408 Ε.
773 4354 810 4406 λ
939 4350 964 4425 ]
994 4355 1129 4408 Θεοῦ
1157 4351 1228 4425 (ἲ)
1257 4353 1322 4409 Ε.
1764 4364 1816 4423 7.
1853 4351 2010 4420 ἀνέβη
2037 4349 2101 4406 Ε.
2210 4349 2363 4422 ἐφιὴς
2388 4348 2520 4440 (εἰσὶ
2546 4349 2610 4406 Ε.

212 4441 300 4481 10.
335 4426 746 4495 προσβαλοῦμεν
767 4441 816 4478 a.
892 4423 945 4478 d.
973 4442 1082 4494 mg.
1106 4425 1522 4494 προσβάλλομεν
1542 4422 1648 4480 b.c.
1676 4421 1840 4478 Cord.
1864 4423 2270 4494 προσβαλοῦσιν
2289 4420 2392 4476 Ed.
2488 4441 2610 4474 ανα-

204 4495 482 4578 equam&
510 4494 913 4567 [ἅναβησόμεθα
939 4494 1130 4569 Cord.]
1159 4495 1435 4565 ἐκκλησίαν
1458 4495 1561 4551 boc
1584 4492 1771 4549 ordine
1797 4493 1939 4549 Catt.
2183 4490 2267 4547 16.
2303 4489 2609 4566 νομοθέτηκε

208 4569 336 4637 (uc)
361 4567 426 4622 E.
643 4581 732 4622 21.
767 4567 908 4637 παρὰ
934 4565 999 4623 Ε.
1212 4581 1299 4637 30.
1332 4567 1680 4637 μακαριότητα
1705 4563 1828 4636 (sic)
1857 4565 1924 4621 Ε.

295 4670 441 4718 vot..
473 4671 551 4717 11.
1367 4672 1406 4739 3
1438 4668 1481 4715 G
