3238 5158
624 343 709 406 76
1230 347 1310 412 Β.
1359 346 1781 413 CYRILLI
1841 344 2417 411 ALEXANDR.
2760 359 2897 403 vm
2924 351 3034 420 39·

627 506 901 611 ζητεῖτε’
963 545 1054 606 με
1127 513 1556 609 ἀποκτεῖναι,
1618 514 1734 592 καὶ
1793 510 1926 613 τὴν
1989 520 2118 592 τοῦ
2184 507 2476 612 Πατρὸς
2535 502 3035 608 παραλύοντες

626 632 978 733 ἐντολήν;

740 758 987 838 Ἀλλὰ
1046 764 1163 840 καὶ
1227 761 1393 840 καθ’
1463 761 1704 863 ἕτερον
1764 758 1991 841 πάλιν
2054 756 2485 865 ἐκδεξάμεθα
2552 753 2826 857 τρόπον
2890 756 3032 831 Καὶ

630 884 821 985 ὑμεῖς
863 879 959 962 οὖν
994 880 1048 965 δὲ
1083 884 1414 979 ἠκούσατε
1451 883 1648 990 παρῖι
1686 888 1797 965 τοῧ
1837 884 2103 987 Πατρὶς
2142 888 2413 963 ποιεῖτε·
2476 876 2839 975 λελάληκε
2875 873 3036 975 μὲν,

292 993 441 1124 ffb·
466 992 535 1041 ¹⁸·
633 1008 845 1173 φησὶ,
894 1005 1011 1087 διὰ
1066 1014 1211 1088 τῶν
1259 1016 1659 1113 προφητῶν
1710 1009 1894 1106 ὑμῖν,
1938 1006 2298 1107 ἠκούσατε
2355 1005 2692 1107 λέγοντος
2732 1012 2774 1049 “
2802 1006 3035 1102 Χαῖρε
3063 1031 3099 1089 5

633 1127 1012 1233 “σφόδρα
1083 1132 1394 1236 θύγατερ
1461 1131 1674 1230 Σιὼν,
1739 1129 2066 1235 κήρυσσε
2140 1130 2453 1233 θύγατερ
2515 1124 3027 1230 Ιερουσαλήμ·

571 1264 607 1308 θ
635 1261 677 1298 “
715 1250 870 1332 ιδου
926 1255 966 1332 ὁ
1020 1256 1373 1351 βασιλεύς
1428 1291 1569 1337 σου
1618 1256 1904 1361 ἔρχεταί
1944 1290 2067 1335 σοι
2118 1255 2380 1337 δίκαιος
2428 1255 2545 1333 καὶ
2594 1250 2876 1354 σώζων,
2917 1251 3038 1328 καὶ

636 1378 1155 1479 “ἐπιβεβηκὼς
1202 1383 1316 1460 ἐπὶ
1357 1387 1613 1461 πῶλον
1653 1380 1821 1459 ὄνου
1856 1377 2008 1460 υἱον
2046 1375 2482 1481 ὑποζυγίου,”
2523 1374 2725 1456 ἀλλὰ
2759 1377 2879 1453 καὶ
2916 1371 3038 1453 δια

296 1568 442 1622 941·
635 1506 880 1605 φωνῆς
914 1503 1235 1585 Ἡσαΐου
1272 1503 1499 1586 πάλιν
1536 1515 1581 1552 “
1606 1506 1769 1585 Ἐπ’
1810 1503 1977 1608 ὅρος
2029 1500 2322 1609 ὑψηλὸν
2358 1498 2666 1600 ἀνάβηθι
2717 1501 2758 1579 ὅ
2806 1498 3030 1599 εὐαγ-

633 1635 678 1672 “
714 1625 1165 1730 γελιζόμενος
1223 1629 1433 1728 Σιὼν,
1495 1630 1807 1736 ὕψωσον
1859 1635 1951 1735 τῇ
2017 1629 2224 1733 ἰσχύϊ
2281 1625 2412 1727 τὴν
2472 1623 2724 1731 φωνήν
2788 1657 2935 1703 σου
2992 1623 3035 1702 ὃ
3068 1660 3139 1702 ιο

635 1759 677 1796 “
712 1750 1341 1854 εὐαγγελιζόμενος
1413 1753 1928 1856 Ἰερουσαλήμ·
2020 1754 2396 1859 ὑψώσατε,
2469 1747 2570 1850 μὴ
2646 1754 3032 1857 φοβεῖσθε·

634 1883 679 1920 “
715 1873 866 1953 ἰδοὺ
916 1877 955 1953 ὁ
1006 1876 1192 1960 Θεὸς
1245 1880 1461 1976 ὑμῶν,
1508 1875 1660 1959 ἰδοὺ
1713 1876 1978 1978 Κύριος·
2032 1876 2215 1973 μετὰ
2270 1876 2523 1981 ἰσχύος
2578 1875 2881 1979 ἔρχεται,
2917 1878 3037 1953 καὶ

636 2006 681 2044 “
718 1999 758 2075 ὁ
806 2000 1131 2105 βραχίων
1168 2002 1385 2109 αὐτοῦ
1421 2001 1605 2102 μετὰ
1643 2004 1942 2104 κυρείας·
2004 1998 2158 2081 ἰδοὺ
2205 2004 2247 2080 ὁ
2300 1998 2562 2100 μισθὸς
2613 2000 2831 2079 αὐτοῦ
2880 1999 3034 2097 μετ’

637 2131 679 2167 “
718 2125 956 2222 αὐτοῦ,
997 2128 1113 2204 καὶ
1149 2120 1233 2205 τὸ
1267 2127 1481 2229 ἔργον
1517 2127 1818 2207 ἐνώπιον
1852 2128 2097 2205 αὐτοῦ·
2158 2129 2255 2209 ὦς
2288 2122 2555 2224 ποιμὴν
2588 2131 2926 2223 ποιμανεῖ
2949 2121 3035 2203 τὸ

636 2255 680 2293 “
714 2248 1045 2347 ποίμνιον
1083 2252 1325 2348 αὑτοῦ,
1365 2253 1482 2330 καὶ
1532 2257 1635 2359 τῷ
1683 2250 2017 2355 βραχίονι
2051 2251 2270 2329 αὐτοῦ
2306 2247 2605 2355 συνάξει
2640 2248 2880 2350 ἄρνας,
2918 2251 3038 2327 καὶ
3066 2284 3135 2344 15

638 2380 681 2416 ‘⁶
714 2374 789 2450 ἐν
843 2376 1112 2475 γαστρὶ
1168 2375 1478 2478 ἐχούσας
1535 2373 2091 2476 παρακαλέσει.”
2158 2370 2740 2468 καταπειθόμενοι
2795 2372 3039 2451 τοίνυν

298 2517 427 2573 547
447 2512 528 2568 Δ.
574 2527 612 2567 a
638 2502 791 2578 ταῖς
840 2505 967 2576 τοῦ
1009 2495 1300 2601 Πατρὸς
1351 2501 1696 2597 ἐντολαῖς,
1733 2498 2244 2607 παραδέξασθε
2291 2495 2420 2578 τὸν
2459 2495 3033 2601 προαναφωνού-

635 2649 874 2719 μενον·
935 2622 1284 2722 τιμήσατε
1332 2630 1423 2727 τῇ
1472 2625 1717 2705 πίστει
1765 2623 1893 2703 τὸν
1927 2622 2617 2726 προκεκηρυγμένον.
2697 2619 2857 2701 δότε
2907 2619 3043 2701 κᾶν

635 2753 783 2830 τοῖς
815 2754 943 2826 τοῦ
983 2745 1272 2850 Πατρὸς
1309 2747 1559 2848 λόγοις
1594 2746 1681 2827 τὸ
1718 2754 2002 2851 κρατεῖν
2037 2749 2114 2826 ἐν
2150 2750 2336 2841 ὑμῖν.

747 2869 1026 2950 Ἰστεόν
1062 2871 1138 2951 δὲ
1174 2871 1283 2951 ὅτι
1320 2882 1449 2953 τοῦ
1486 2878 1681 2953 Θεοῦ
1718 2876 1833 2951 καὶ
1876 2869 2166 2975 Πατρὸς
2202 2870 2331 2951 τὸν
2359 2868 2581 2970 νόμον
2616 2868 2798 2949 εἷναί
2826 2876 3043 2976 φησι,
3068 2910 3146 2953 20

637 2996 864 3075 καίτοι
920 2997 1334 3094 λαληθέντα
1386 2998 1557 3099 παρ’
1601 2999 1820 3075 αὐτοῦ
1868 2998 1950 3075 δι’
2001 2993 2365 3097 ἀγγέλων,
2412 2997 2546 3099 οὐχ
2601 2990 2855 3075 ἑαυτὸν
2899 2993 3043 3100 ἔξω

637 3128 766 3200 τοῦ
804 3125 1283 3219 νομοθετῆσαι
1316 3124 1548 3219 τιθεὶς,
1583 3118 1785 3199 ἀλλὰ
1821 3127 1975 3203 ταῖς
2011 3120 2377 3199 Ἰουδαίων
2412 3125 2821 3223 συγχωρῶν
2857 3120 3039 3197 ὑπο-

641 3244 857 3326 νοίαις
914 3246 1136 3328 οὕτως·
1188 3245 1373 3350 ἔχειν
1422 3243 2030 3343 πεπιστευκότων,
2075 3246 2195 3323 καὶ
2249 3245 2335 3323 οὐ
2389 3241 2807 3348 διαμάχεται
2857 3240 3045 3345 πρὸς

640 3365 773 3466 τὴν
812 3364 1149 3447 ὑπόνοιαν
1185 3375 1667 3468 οἰκονομικῶς·
1731 3368 2083 3449 ἐδυσώπει
2139 3366 2284 3470 γὰρ
2337 3366 2698 3449 πολλάκις
2748 3362 3041 3464 αὐτοὺς,

640 3492 923 3595 ἐπείπερ
981 3491 1198 3573 αὑτὸν
1243 3495 1327 3572 οὐ
1382 3494 1934 3599 παραδέχονται·
1995 3491 2078 3572 τὸ
2134 3491 2278 3595 γὰρ
2332 3500 2461 3573 τοῦ
2504 3490 2766 3601 Πατρὶς
2817 3489 3049 3590 ὄνομα
3076 3526 3151 3587 25

639 3615 993 3718 παράγων
1032 3623 1128 3700 εἷς
1172 3616 1420 3715 μέσον·

573 3743 620 3805 h

543 3899 620 3957 39
662 3881 1143 3973 Ἀπεκρίθησαν
1199 3883 1380 3970 αὐτῷ
1429 3884 1534 3949 καὶ
1589 3879 1775 3952 εἷπον
1817 3885 1905 3951 ‘0
1959 3887 2178 3976 πατὴρ
2235 3887 2424 3964 ἡμῶν
2467 3887 2767 3975 Ἀβραάμ
2821 3885 3022 3956 ἐστιν.

745 4068 851 4152 ςΩ
885 4077 1173 4171 πολλῆς
1218 4073 1546 4173 ἀμαθίας,
1583 4079 1701 4153 καὶ
1740 4085 1864 4156 νοῦ
1901 4076 2478 4178 κατεσκληκότος
2514 4084 2611 4162 εἷς
2648 4077 3047 4176 ἀπείθειαν,

645 4197 761 4275 καὶ
820 4201 916 4280 εἶς
973 4194 1200 4296 μόνην
1255 4200 1563 4302 ὁρῶντος
1626 4201 2088 4307 φιλονεικίαν.
2183 4201 2845 4303 συγκατανεύοντος
2904 4201 3052 4306 γὰρ

720 4466 766 4505 ι.
803 4471 869 4518 με
894 4451 1087 4519 ζητεῖτε
1110 4450 1324 4506 inverso
1348 4452 1536 4507 ordine
1559 4471 1609 4508 a.
1843 4467 1896 4536 5.
1932 4453 2181 4525 λέγοντος
2203 4474 2313 4512 om.
2338 4455 2485 4511 Aub.
2510 4455 2692 4511 invitis
2721 4455 2767 4510 B
2773 4473 2837 4511 Α.
2867 4456 3051 4513 Hoht.

647 4536 731 4575 12.
770 4520 884 4576 ἰδοὺ
908 4523 997 4574 alt.
1061 4528 1118 4587 -Ι-
1149 4525 1178 4576 ὁ
1203 4540 1252 4577 a.
1474 4540 1556 4594 13.
1591 4524 1751 4579 αὐτοῦ
1774 4542 1926 4595 pnus
1949 4543 2057 4581 om.
2083 4545 2132 4582 a.
2161 4526 2335 4597 (Vnt.)
2441 4527 2644 4597 κυρείος
2666 4544 2717 4583 a.
2742 4549 2922 4599 κυριας
2947 4528 3050 4586 Ed.

642 4608 730 4648 πο.
768 4593 938 4666 φησὶν
961 4615 985 4646 ε
1111 4593 1325 4649 inverso
1349 4593 1537 4649 ordine
1562 4612 1610 4649 a.
