3238 5158
160 327 264 372 xv.
293 326 391 374 21.
514 308 630 374 ΙΝ
690 310 757 377 S.
806 308 1327 384 JOANNEM.
1416 309 1613 380 LIB.
1660 309 1744 375 X.
1837 309 2043 382 cm).
2091 308 2188 375 ΙΙ.
2432 307 2562 372 597

163 480 207 520 “
240 470 670 574 ἐγενήθημεν
741 481 870 554 τοῦ
945 473 1250 573 κόσμου,
1312 471 1609 557 πάντων
1678 475 2063 582 περίψημα
2133 473 2266 557 ἔως
2325 471 2559 574 ἅρτι.”
2589 479 2635 546 d

164 596 332 702 ὁρᾷς
394 594 589 682 ὅπως
658 594 748 699 ἦν
815 599 1139 683 εὐκλείας
1203 597 1509 698 ἀμείνων
1579 603 1964 699 κοσμικῆς,
2037 596 2157 680 διὰ
2229 596 2363 697 τὴν
2434 602 2564 676 τοῦ

165 724 497 825 Σωτῆρος
548 719 899 823 ἐντολήνς
980 720 1065 803 τὸ
1116 721 1193 803 δὲ
1249 728 1575 824 γενναῖον
1629 724 1708 803 ἐν
1757 726 2098 827 διωγμοῖς
2150 720 2562 829 ἐμφανίζων

160 837 365 945 ἔλεγε
431 855 474 892 “
498 844 632 929 Τίς
686 847 874 946 ἡμᾶς
928 845 1226 953 χωρίσει
1280 844 1425 928 ἀπὸ
1480 851 1611 946 τῆς
1668 845 1958 947 ἀγάπης
2012 853 2142 926 τοῦ
2177 850 2553 950 Χριστοῦ;
2653 855 2851 987 ξξξιωὲό

99 983 134 1047 ὅ
165 976 206 1013 “
243 970 499 1077 θλίψις
548 968 593 1071 ἢ
651 969 1099 1076 στενοχωρία
1144 968 1193 1071 ἢ
1251 970 1565 1074 διωγμὸς
1621 968 1668 1074 ἢ
1725 969 1938 1068 λιμὸς
1992 967 2039 1072 ἢ
2098 969 2457 1073 γυμνότης
2513 967 2560 1072 ἢ
2750 967 2758 973 ’
2860 960 2875 976 ’

164 1101 206 1139 “
240 1093 559 1178 κίνδυνος
596 1092 643 1195 ἢ
678 1093 1002 1200 μάχαιρα
1027 1095 1101 1190 ;”
1154 1093 1422 1201 γράφει
1461 1093 1536 1175 δὲ
1572 1098 1691 1175 καὶ
1726 1095 1988 1200 ἑτέροις
2022 1092 2134 1176 ὅτι
2182 1106 2227 1143 “
2249 1093 2343 1176 τά
2380 1092 2563 1174 αὐτὰ
2651 1097 2788 1215 {¹¹st
2809 1099 2884 1151 ffl-

162 1225 206 1263 “
238 1215 478 1319 λέγειν
512 1221 666 1317 ἐμοὶ
699 1218 833 1319 μὲν
875 1221 1003 1299 οὐκ
1037 1217 1365 1324 ὀκνηρὸν,
1404 1220 1569 1318 ὑμῖν
1605 1217 1684 1300 δὲ
1720 1219 2122 1325 ἀσφαλές·”
2200 1216 2405 1300 ἀλλά
2440 1222 2559 1299 καὶ

165 1341 528 1426 Γαλάταις
566 1341 670 1424 ἔτι
723 1353 767 1390 “
789 1342 1057 1423 Τεκνία
1090 1377 1253 1442 μου,
1290 1342 1413 1427 οὓς
1449 1343 1678 1424 πάλιν
1714 1344 1967 1441 ὠδίνω,
2003 1344 2213 1449 ἄχρις
2247 1345 2332 1424 οὗ
2370 1377 2555 1447 μορ·
2653 1338 2768 1471 ξξζι·
2791 1339 2862 1391 iv.

161 1475 204 1512 ‘⁴
238 1471 452 1573 φωθῇ
488 1465 811 1570 Χριστὸς
847 1467 924 1546 ἐν
958 1465 1189 1564 ὑμῖν.”
1265 1465 1538 1552 ἀκούεις·
1581 1465 1780 1552 ὅπως
1815 1463 2220 1550 ἀοκνότατα
2253 1466 2389 1569 μὲν
2426 1466 2560 1549 τὸν

77 1625 139 1665 ιο
165 1587 378 1671 αὐτὸν
414 1593 801 1672 ἀνακυκλεῖ
847 1590 1095 1694 λόγον,
1134 1587 1219 1671 οὐ
1261 1592 1835 1697 παραδεχθέντος
1890 1592 2033 1696 ἄρα
2085 1601 2214 1674 τοῦ
2268 1592 2562 1696 πρώτου
2587 1625 2623 1669 e

166 1717 277 1795 καὶ
316 1718 392 1795 ἐν
427 1718 680 1820 ἀρχαῖς
714 1712 1117 1817 γεγονότος,
1157 1719 1276 1796 καὶ
1311 1716 1404 1796 αὖ
1438 1717 1691 1798 ὠδῖναί
1719 1751 1917 1801 τινας
1954 1717 2032 1798 εὖ
2067 1714 2273 1816 μάλα
2309 1720 2564 1822 φησὶν,

166 1839 369 1944 ἄχρις
413 1836 504 1919 ἀν
538 1841 614 1919 ε’ν
650 1840 886 1924 αὐτοῖς
925 1839 970 1939 ἡ
1007 1836 1390 1946 μόρφωσις
1438 1839 1850 1947 ἀναλάμψῃ
1897 1846 2255 1946 Χριστοῦ.
2338 1842 2563 1944 λόγος

166 1961 238 2042 δὲ
289 1961 577 2047 πάντως
624 1965 666 2043 ὃ
708 1962 963 2044 τούτου
1018 1962 1467 2067 δημιουργὸς,
1503 1966 1989 2046 ἀναπλάττων
2035 1970 2134 2051 εἷς.
2181 1964 2564 2073 φιλοθεΐαν,

164 2089 277 2168 καὶ
310 2093 411 2172 εἰς
448 2085 686 2168 εἰκόνα
719 2093 1050 2192 Χριστοῦ
1088 2086 1206 2168 διὰ
1240 2093 1369 2190 τῆς
1403 2090 1723 2174 πίστεως
1759 2088 1924 2175 τοὺς
1956 2090 2470 2194 ἀκροωμένους.

77 2399 138 2461 15
215 2387 421 2455 Ἀλλὰ
474 2393 680 2456 ταῦτα
733 2390 948 2456 πάντα
1002 2389 1388 2456 ποιήσουσιν
1441 2385 1537 2454 εἰς
1591 2391 1757 2467 ὑμᾶς
1811 2387 1919 2454 διὰ
1974 2388 2050 2456 τό
2103 2388 2316 2467 ὄνομά
2364 2411 2507 2469 μου,
2591 2414 2663 2456 21

729 2516 831 2581 ὅτι
884 2514 1003 2581 οὐκ
1055 2510 1273 2583 οἴδασι
1326 2513 1441 2583 τὸν
1494 2514 1847 2595 πέμψαντά
1902 2536 2008 2593 με.

273 2688 444 2792 Οὐχ
486 2685 732 2790 ἑτέραν
768 2687 1070 2769 ἔσεσθαι
1123 2694 1271 2772 τοῖς
1329 2690 1719 2781 δυσσεβεῖν
1753 2686 2116 2786 ἑλομένοις
2171 2683 2359 2765 κατὰ
2413 2691 2562 2765 τῶν

165 2810 383 2912 ἀγίων
461 2810 901 2893 ἀποστόλων
976 2811 1481 2918 διισχυρίζεται
1554 2809 1957 2919 πρόφασιν,
2033 2806 2079 2911 ἢ
2153 2809 2240 2891 τὸ
2305 2814 2561 2889 οἰκεῖον
2581 2854 2620 2896 a
2665 2841 2799 2898 903
2815 2838 2898 2897 Δ.

164 2932 387 3034 ὄνομα
447 2934 692 3035 μόνον.
793 2937 1127 3038 ἔγκλημα
1185 2934 1330 3039 γὰρ
1387 2943 1600 3016 τοῦτο
1657 2941 1806 3020 τοῖς
1866 2934 2290 3035 σεβομένοις
2347 2933 2560 3034 Θεὸν,

81 3094 143 3135 20
164 3061 277 3139 καὶ
312 3067 444 3141 τοῦ
476 3066 952 3159 πολεμεῖσθαι
995 3061 1372 3167 πρόφασις
1407 3057 1607 3162 παρὰ
1642 3066 1789 3138 τῶν
1824 3060 1954 3139 οὐκ
1991 3055 2280 3139 εἰδότων
2317 3057 2556 3140 αὐτόν.

162 3183 533 3285 προδήλου
587 3183 662 3264 δὲ
698 3184 903 3270 ὄντος
961 3184 1260 3282 ἅπασιν,
1299 3187 1395 3268 ὡς
1446 3184 1574 3263 οὐκ
1612 3183 1704 3263 ἄν
1757 3217 1863 3268 τις
1899 3185 2157 3282 ἀμισθὶ
2211 3180 2434 3263 πάθοι
2489 3216 2561 3263 τι

166 3305 279 3386 διὰ
315 3307 532 3388 Θεόν·
614 3308 950 3414 λαμπρὸς
1005 3307 1150 3413 γὰρ
1185 3310 1300 3390 ἐπὶ
1338 3307 1617 3392 τούτοις
1650 3307 2106 3410 προκείσεται
2161 3306 2555 3412 στέφανος·

163 3430 517 3534 ἐπιτρέπει
586 3431 813 3514 πάλιν
885 3439 982 3519 εἰς
1057 3431 1464 3532 εὐτολμίαν,
1521 3434 1641 3511 καὶ
1713 3427 2133 3534 καρτερικὸν
2194 3427 2563 3533 ἐργάζεται

163 3554 521 3660 φρόνημα,
559 3561 651 3661 τῇ
687 3561 814 3657 τῆς
858 3560 1167 3656 ἀμοιβῆς
1218 3555 1459 3636 ἐλπίδι
1509 3554 1717 3656 τῆν’
1681 3589 1760 3634 εκ
1790 3561 1936 3634 τῶν
1973 3553 2277 3635 ἔσεσθαι
2312 3588 2556 3658 προσ-

83 3700 139 3761 Ι5
164 3679 582 3780 δοκωμενων
653 3682 1056 3787 μοχθηρίαν
1122 3679 1715 3783 ἀποκρουόμενος.
1818 3678 2064 3784 κερδος
2137 3680 2265 3760 οὖν
2340 3678 2562 3787 ἔδειξε

163 3806 278 3882 και
339 3805 557 3889 τέλος
616 3806 827 3912 εὐχῆς
893 3808 1010 3887 καὶ
1078 3804 1254 3886 αὐτο
1319 3840 1404 3885 το
1469 3802 1721 3903 δεινον,
1798 3805 1915 3885 καὶ
1986 3838 2162 3907 οπερ
2226 3802 2317 3905 ἦν
2381 3803 2564 3888 ἴσως

162 3931 707 4032 καταναρκῆσαί
771 3964 969 4014 τινας
1034 3964 1150 4010 και
1208 3926 1431 4027 μόνον
1498 3928 1700 4037 ἥξειν
1760 3927 2286 4030 προσδοκηθεν,
2346 3934 2559 4009 τοῦτο
2583 3947 2629 4014 b

163 4052 489 4150 δείματος
540 4050 671 4151 μὲν
723 4050 1170 4134 ἀπαλλάττει
1224 4050 1512 4149 παντὸς,
1569 4052 2018 4155 προσίεσθαί
2072 4085 2150 4130 τε
2210 4055 2328 4132 καὶ
2389 4052 2560 4131 λίαν

163 4176 490 4275 ἀσμένως
543 4177 903 4258 ἀναπείθει
957 4174 1121 4262 τοὺς
1162 4173 1512 4276 μαθητάς·
1595 4179 1714 4255 καὶ
1772 4181 1954 4278 γοῦν
2013 4175 2560 4277 εἷσκεκλημένοι

87 4329 143 4386 30
164 4299 338 4380 ποτὲ
373 4299 553 4406 πρὸς
588 4300 675 4382 τὸ
712 4308 857 4381 τῶν
891 4299 1254 4382 Ἰουδαίων
1289 4298 1586 4381 ἀνόσιον
1618 4296 2151 4401 βουλευτήριον,
2190 4301 2308 4379 καὶ
2344 4308 2504 4398 πλη
2521 4342 2553 4358 ·

282 4567 367 4621 15.
404 4553 475 4610 εἷς
499 4556 627 4625 ὑμᾶς
654 4554 717 4610 Ε.
746 4554 862 4624 ὑμῖν
887 4554 989 4611 Ed.
1216 4570 1303 4610 21.
1339 4551 1498 4610 ὅντως
1523 4552 1730 4625 Migne.
1969 4568 2056 4623 23.
2094 4548 2366 4620 ἐπιτρέψει
2392 4548 2457 4604 Ε.
