3238 5158
245 338 326 405 ix.
350 362 456 423 40.
606 342 724 406 IN
785 340 853 404 S.
900 338 1412 404 JOANNEM.
1504 340 1697 405 LIB.
1729 342 1854 406 VI.
1945 342 2151 408 CAP.
2199 344 2256 407 Ι.
2523 345 2649 407 205

244 503 640 586 ἐθεάσαντο
676 503 810 605 τὴν
848 503 1072 612 δόξαν
1111 504 1351 603 αὐτοῦ,
1389 503 1617 583 καίτοι
1656 503 2033 610 φανότατα
2069 505 2653 607 διαλάμπουσαν,

244 633 362 710 καὶ
398 633 474 711 ἐν
509 636 613 740 τῷ
648 630 977 737 μεγίστῳ
1012 631 1130 710 καὶ
1166 635 1394 735 νεαρῷ
1430 626 1765 728 θαύματι.

269 958 608 1024 Ἤκουσαν
662 958 735 1021 ὲκ
789 957 924 1023 τῶν
980 956 1363 1048 Φαρισαίων
1417 962 1623 1024 ταῦτα
1677 954 1740 1023 οἶ
1793 958 1924 1035 μετ’
1989 958 2188 1024 αὐτοῦ
2242 958 2450 1042 ὄντες,
2506 958 2613 1024 καὶ
2685 973 2765 1029 40

660 1077 846 1149 εἷπον
904 1083 1085 1168 αὐτῷ
1136 1082 1249 1147 Mc·
1310 1084 1420 1149 καὶ
1474 1079 1664 1160 ἡμεῖς
1716 1083 1954 1172 τυφλοί
2007 1084 2246 1168 ἐσμεν,

175 1270 215 1332 5
363 1254 997 1358 Προσεδρεύουσιν
1034 1259 1100 1335 οἱ
1141 1261 1528 1359 Φαρισαῖοι
1576 1258 1695 1335 καὶ
1745 1255 2213 1360 συμβαδίζειν
2255 1257 2659 1359 ἐπείγονται

241 1387 352 1489 τῷ
427 1384 709 1483 Σωτῆρι
787 1385 1117 1486 Χριστῷ,
1192 1379 1421 1460 καίτοι
1501 1379 1762 1482 πικρὸν
1836 1386 1934 1465 εἷς
2007 1380 2306 1484 καρδίαν
2376 1379 2660 1485 ἔχοντες
2686 1416 2721 1455 a
2765 1401 2895 1458 635
2920 1399 2995 1456 A.

242 1502 495 1601 βέλος,
556 1507 672 1584 καὶ
737 1503 937 1609 λύπῃ
1004 1507 1121 1583 καὶ
1188 1502 1439 1613 φθόνῳ
1503 1501 1998 1603 διατηκόμενοι
2065 1501 2183 1583 διὰ
2246 1502 2380 1603 τὴν
2436 1503 2663 1609 δόξαν

248 1629 492 1709 αὐτοῦ·
539 1624 1073 1728 συμβαδίζουσι
1111 1627 1185 1707 δὲ
1222 1627 1414 1727 ὅμως
1452 1626 1735 1733 τροφὰς
1771 1634 1874 1734 τῷ
1911 1628 2111 1727 μίσει
2148 1626 2661 1729 συλλέγοντες,

252 1756 371 1833 καὶ
416 1751 922 1855 πολυτρόπους
972 1759 1122 1836 τοῖς
1166 1750 1492 1853 θαύμασι
1541 1751 2035 1860 συκοφαντίας
2084 1750 2484 1856 ἀρτύοντες,
2522 1787 2662 1833 πα-

139 1909 225 1952 10
250 1874 640 1982 ραλύοντές
694 1910 771 1956 τε
839 1874 956 1956 διὰ
1018 1884 1234 1956 τοῦτο
1300 1882 1445 1956 τῶν
1499 1875 2053 1980 εὐπειθεστέρων
2107 1872 2241 1975 τὴν
2295 1876 2663 1976 ἀκακοήθη

253 2000 596 2080 διάνοιαν.
712 1998 954 2097 ἐπειδὴ
1031 1998 1108 2079 δὲ
1178 2008 1408 2080 ταῦτα
1475 2000 1819 2102 λέγοντος
1897 2000 2451 2082 διεπυνθάνοντο
2532 2008 2662 2080 τοῦ

255 2131 613 2228 Χριστοῦ,
685 2124 1086 2228 διεπρίοντο
1147 2120 1395 2223 πάλιν,
1457 2126 1541 2204 οὐ
1605 2123 1753 2228 γὰρ
1819 2122 1909 2225 ἦν
1966 2123 2147 2210 εἰκὸς
2206 2127 2490 2227 ἀγνοεῖν
2555 2123 2665 2204 ὅτι

252 2248 643 2352 τέτραπται
705 2244 889 2352 πρὸς
959 2245 1214 2333 αὐτοὺς
1276 2250 1317 2328 ὃ
1385 2256 1513 2328 τοῦ
1579 2245 1807 2351 λόγου
1871 2248 2170 2333 σκοπός.
2272 2246 2509 2345 ἐπειδὴ
2586 2246 2663 2327 δὲ

253 2370 812 2472 ἀπολελυμένως
876 2371 978 2452 ε”τι
1044 2374 1162 2452 καὶ
1236 2374 1665 2476 ἀδιορίστως
1731 2372 1967 2474 ε’ίρητο
2033 2374 2201 2476 παρ’
2272 2374 2513 2471 αὑτοῦ,
2578 2367 2663 2452 τό

146 2523 228 2587 15
258 2507 303 2546 “
327 2496 490 2576 Ἵνα
528 2502 593 2576 οἱ
627 2494 1025 2595 βλέποντες
1060 2501 1329 2602 τυφλοὶ
1375 2494 1789 2600 γένωνται·”
1848 2497 2049 2577 οὔπω
2098 2495 2345 2602 καιρὸν
2383 2497 2663 2603 ἔχοντες
2686 2507 2730 2572 b
2753 2492 2967 2625 §3¹39

256 2624 592 2723 ἐγκαλεῖν
626 2622 947 2722 εὐλόγως
985 2624 1081 2705 ὡς
1118 2620 1561 2724 ὑβρισμένοι,
1601 2626 1996 2725 διερωτῶσι
2044 2620 2472 2725 πανούργως
2519 2628 2665 2703 τῶν

256 2734 657 2849 εἰρημένων
676 2743 808 2845 τὴν
847 2745 1146 2842 δύναμιν
1180 2749 1278 2829 εἰς
1314 2743 1401 2825 τὸ
1438 2749 1692 2825 οἰκεῖον
1715 2745 2209 2848 περιέλκοντες
2243 2743 2664 2847 πρόσωπον,

257 2872 378 2949 καὶ
430 2868 895 2976 σαφέστερον
930 2866 1181 2971 ὥσπερ
1231 2868 1598 2975 ἀξιοῦντες
1648 2873 1888 2966 εἰπεῖν,
1926 2875 1985 2948 εἰ
2028 2876 2146 2950 καὶ
2185 2867 2443 2953 αὐτοῦς
2491 2864 2667 2948 εἶναι

257 2990 463 3095 λέγοι
498 2990 824 3099 τυφλοὺς,
861 2993 978 3073 ἵνα
1015 2990 1102 3093 δὴ
1139 2992 1368 3072 πάλιν
1404 2995 1501 3077 ὡς
1548 2991 1843 3093 νομικὴν
1880 2991 2182 3093 ἐντολὴν
2218 2990 2667 3092 ἀδικήσαντα

149 3147 231 3189 20
260 3118 812 3221 κατακρίνωσιν.
912 3114 1189 3222 ᾔδεσαν
1252 3114 1397 3220 γὰρ
1461 3117 1610 3195 ἀνω
1680 3119 1795 3196 καὶ
1868 3113 2063 3197 κάτω
2129 3114 2221 3196 τὰ
2288 3117 2665 3200 Μωυσέως

2631 3247 2664 3266 Α

259 3238 651 3345 γράμματα
712 3249 1304 3344 περινοστοῦντες
1376 3239 1487 3319 ὅτι
1559 3240 1961 3344 γέγραπται
2026 3251 2067 3287 “
2093 3236 2470 3346 Ἄρχοντα
2536 3274 2665 3320 του
2754 3245 2955 3362 {³}ng

260 3376 305 3412 “
344 3373 529 3444 λαοῦ
563 3398 706 3444 σου
740 3366 868 3444 οὑκ
904 3367 1077 3467 ἐρεῖς
1121 3365 1426 3451 κακῶς.”
1497 3361 1544 3464 ἢ
1596 3365 1835 3445 τοίνυν
1873 3362 2287 3468 ὑβρίζεσθαι
2333 3370 2658 3469 προσδο-
2865 3349 2875 3361 ⁰
2957 3347 2972 3363 ⁰

259 3487 614 3587 κήσαντες
652 3486 745 3568 τὰ
779 3487 1073 3568 τοιαῦτά
1111 3494 1367 3593 φασιν,
1404 3489 1523 3569 ἵνα
1559 3492 1834 3569 δοκοῖεν
1869 3486 2188 3591 εὐλόγως
2235 3488 2666 3595 ἐπιφύεσθαι
2690 3516 2727 3558 0

260 3616 381 3692 καὶ
445 3613 871 3714 ἀγανακτεῖν
925 3615 1045 3691 καὶ
1104 3611 1643 3717 ἀκατηγόρητον
1698 3613 1837 3716 ἤδη
1899 3619 2263 3694 ποιεῖσθαι
2303 3612 2459 3725 ἱτὴν
2510 3613 2663 3693 ε’πι·

158 3759 233 3820 25
261 3733 544 3835 βουλὴν
594 3734 727 3836 τὴν
773 3737 889 3816 ε’πὶ
940 3741 1295 3839 Χριστοῦ,
1332 3734 1379 3837 ἢ
1436 3742 1553 3817 καὶ
1607 3740 1902 3839 ἀληθῶς
1959 3736 2240 3842 ἔχοντές
2294 3771 2364 3817 τι
2419 3736 2669 3840 πικρό-

263 3894 468 3964 τερον
531 3866 628 3944 εὶς
695 3867 882 3957 νοῦν,
947 3864 1064 3939 καὶ
1129 3861 1625 3967 συκοφαντίας
1690 3858 1872 3944 εἶδος
1939 3859 2023 3942 τὸ
2090 3862 2328 3946 αὐτοῖς
2390 3859 2668 3962 πρέπον

1639 3981 1658 4009 ι

266 3984 658 4068 &mmmm
740 3981 980 4083 ἐπειδὴ
1017 3981 1161 4087 γὰρ
1196 3983 1337 4090 ἔφη
1371 3988 1698 4088 Χριστος
1738 3994 1781 4032 “
1811 3989 1939 4067 Εἷς
1973 3991 2192 4086 “filla
2226 3982 2371 4087 ἐγὼ
2408 3990 2502 4068 εἷς
2539 3981 2667 4064 τὸν
2757 3993 2861 4110 521?
2861 4009 2921 4043 m

269 4116 311 4154 ιι
349 4105 631 4204 κόσμον
686 4115 940 4188 τοῦτον
996 4105 1247 4207 ἦλθον,
1307 4108 1424 4187 ἵνα
1483 4114 1550 4188 οἱ
1607 4105 1710 4209 μὴ
1767 4107 2164 4204 βλέποντες
2219 4108 2665 4206 βλέπωσινῖ
2847 4097 2861 4110 .
2890 4073 2970 4127 39.

344 4361 392 4401 1.
429 4347 700 4418 φανότατα
724 4344 928 4401 correxi
950 4362 1014 4399 ex
1039 4362 1087 4400 a.
1112 4346 1391 4417 φανῶτατα
1418 4345 1523 4402 Ed.
1751 4347 1804 4402 8.
1840 4349 1912 4420 τῷ
1936 4346 2081 4417 μίσει
2105 4364 2135 4401 e
2162 4345 2279 4403 cat.
2309 4346 2465 4403 Harl.
2491 4363 2671 4401 emen-

268 4438 416 4497 davit
440 4441 587 4531 A'ub.
612 4431 701 4495 τοη
747 4430 820 4497 ¹{n
846 4442 913 4498 B.
936 4441 1084 4532 upde
1105 4444 1167 4498 τὸ
1191 4442 1353 4511 ἦμίσυ
1382 4442 1566 4499 nolet.
1881 4461 1963 4536 19.
2001 4444 2151 4536 λέγοι
2176 4444 2243 4499 Β.
2268 4444 2413 4516 λέγει
2441 4443 2538 4498 Ht.
2566 4443 2671 4499 Ed.

268 4527 356 4566 21.
392 4534 671 4583 γραμματα
751 4551 765 4564 .
791 4534 1175 4585 συγγραμματα
1197 4515 1281 4569 καὶ
1310 4513 1406 4570 Ht.
1434 4514 1537 4569 Ed.
1768 4531 1852 4569 22.
1892 4515 2194 4586 υβριζεσθαι
2221 4514 2339 4570 Bm.
2367 4515 2487 4570 Cat.
2517 4515 2670 4569 Harl.

265 4581 594 4649 ὕβρίσασθαι
624 4582 720 4637 Ht.
750 4582 853 4639 Ed.
1068 4601 1155 4651 ²4·
1190 4586 1274 4640 καὶ
1295 4585 1600 4657 ἀγανακτεῖν
1624 4596 1900 4659 assumpta
1922 4604 1988 4641 ex
2017 4585 2134 4641 ΒΛ.
