3238 5158
570 386 695 447 146
1174 387 1251 450 B.
1301 383 1718 448 CYRILLI
1778 348 2358 447 ALEXANDR.
2710 376 2797 441 ix.
2825 394 2885 453 2,
2911 393 2976 460 3.

2721 542 2739 568 2
2853 539 2973 568 1οἱ

570 558 615 595 “
648 546 874 647 θυμόν
901 582 1041 648 μου
1075 549 1368 648 ἕπλησα
1399 550 1515 629 καὶ
1552 547 1886 653 ἐπέσχον,
1911 550 2029 629 καὶ
2064 549 2146 627 οὐ
2178 543 2624 627 συνετέλεσα
2656 575 2931 623 αυτους.

236 662 466 778 (ffgnav.
573 673 861 774 ἑτέρωθι
900 671 975 751 δὲ
1012 671 1238 752 πάλιν
1278 685 1320 720 “
1353 676 1586 753 Οὔπω
1624 673 1766 777 γὰρ
1814 670 2462 774 ἀναπεπλήρωνται
2513 673 2586 747 αἱ
2636 665 2976 769 ἁμαρτίαι

575 808 618 844 “
656 804 799 875 τῶν
836 796 1291 903 Ἀμοῤῥαίων
1328 798 1456 882 ἕως
1493 806 1623 878 τοῦ
1661 796 1857 878 νῦν.”
1921 800 2092 903 ὁρᾷς
2130 796 2325 878 ὅπως
2361 794 2641 892 ἔπλησε
2677 790 2810 890 μὲν
2848 787 2976 869 τὸν

574 919 823 1019 θυμὸν,
890 924 1114 1024 ἔδρων
1188 922 1333 1024 γὰρ
1408 920 1545 1020 ἤδη
1624 920 1807 1006 τινὲς
1879 916 2394 1024 πληρεστάτου
2468 914 2729 997 λοιπὸν
2803 913 2976 1021 ἄξια

571 1052 823 1144 θυμοῦ,
886 1047 1308 1149 διεκαρτέρει
1382 1045 1457 1126 δὲ
1532 1048 1629 1131 ὡς
1705 1045 1918 1143 Θεὸς,
1990 1049 2106 1125 καὶ
2181 1043 2266 1124 τὸ
2341 1040 2766 1123 συντέλειαν
2827 1043 2976 1122 τοῖς
3003 1062 3048 1124 5

575 1180 939 1249 λυποῦσιν
976 1173 1373 1270 ἐπενεγκεῖν
1408 1170 1883 1264 ἀνεβάλλετο.
1953 1171 2121 1250 ἀλλ’
2160 1170 2278 1250 ἵνα
2314 1201 2459 1264 σοι,
2498 1168 2614 1246 καὶ
2654 1160 2976 1263 καθάπερ

575 1294 652 1372 ἐν
686 1294 952 1388 πίνακι,
982 1292 1115 1394 τὴν
1150 1301 1297 1374 τῶν
1334 1293 1721 1396 εἰρημένων
1755 1298 2275 1378 ἁνατυποῦντες
2312 1290 2702 1396 ἀπόδειξιν,
2732 1289 2849 1367 καὶ
2885 1288 2971 1366 δι’

576 1418 811 1497 αὐτῶν
854 1418 990 1517 ἤδη
1045 1417 1735 1526 πληροφορήσωμεν
1785 1426 1929 1499 τῶν
1982 1415 2460 1520 πραγμάτων,
2504 1414 2612 1494 ὅτι
2667 1416 2795 1511 τῆς
2849 1419 2977 1491 τοῦ

579 1548 770 1622 Θεοῦ
811 1545 1363 1648 φιλανθρωπίας
1401 1541 1751 1645 ἐγκώμιόν
1786 1546 1944 1623 ἐστι
1982 1540 2067 1623 τὸ
2118 1541 2500 1645 εἰρημένον,
2536 1538 2870 1641 παροίσω
2906 1571 2977 1617 τι

243 1688 378 1742 595
398 1686 480 1744 A.
523 1700 558 1738 a
579 1673 724 1746 τῶν
750 1671 824 1746 έν
853 1675 999 1750 τοῖς
1035 1672 1245 1772 ἱεροῖς
1282 1666 1619 1766 κειμένων
1647 1665 2050 1769 γράμμασι,
2082 1667 2198 1745 καὶ
2235 1666 2323 1772 ἐξ
2354 1666 2570 1763 αὐτῆς
2607 1661 2980 1768 ἀποδεῖξαι
3016 1695 3101 1737 10

576 1791 1014 1893 πειράσομαι
1060 1796 1188 1889 τῆς
1243 1793 1433 1876 θείας
1483 1796 1795 1897 γραφῆς,
1834 1792 2330 1897 ἐπενεχθείσας
2365 1788 2714 1890 ἁμαρτίας
2748 1785 2974 1866 πατέ-

575 1947 725 2016 ρων
759 1918 871 1994 ε’πὶ
922 1913 1131 1993 τέκνα
1181 1918 1296 1996 ἐπὶ
1345 1917 1592 2019 τρίτην
1639 1919 1756 1995 καὶ
1810 1911 2155 2018 τετάρτην
2202 1911 2454 2016 γενεὰν
2501 1912 2628 1992 οὐκ
2684 1909 2972 2007 ἀδίκως,

579 2036 784 2115 ἀλλὰ
851 2038 1154 2134 δικαίως,
1221 2043 1336 2118 καὶ
1411 2047 1555 2123 τοῖς
1633 2048 1845 2118 τοῦτο
1920 2047 2238 2119 παθοῦσι
2311 2036 2973 2141 κεχρεωστημένως.

578 2161 957 2261 γενήσεται
1014 2160 1090 2242 δὲ
1147 2165 1187 2241 ὃ
1241 2163 1464 2265 λόγος
1515 2162 1632 2244 διὰ
1680 2159 1766 2242 τὸ
1815 2167 2041 2264 μῆκος
2089 2168 2216 2263 τῆς
2267 2162 2590 2265 ἱστορίας
2637 2163 2713 2240 ἐν
2746 2193 2980 2261 παρα-

583 2288 837 2391 δρομῇ.
3017 2305 3101 2367 15

694 2414 1003 2510 Οὐκοῦν,
1041 2415 1135 2496 ὡς
1187 2415 1261 2492 ἐν
1307 2418 1408 2521 τῷ
1460 2414 1678 2522 τρίτῳ
1715 2414 1988 2522 βιβλίῳ
2037 2419 2183 2493 τῶν
2218 2417 2618 2508 βασιλειῶν
2655 2408 2967 2511 ἀνέγνω-

579 2570 732 2633 μεν,
778 2537 1306 2632 βεβασίλευκεν
1350 2540 1465 2620 ἐπὶ
1515 2537 1644 2619 τὸν
1678 2536 1987 2643 Ἰσραὴλ
2036 2540 2196 2639 μεθ’
2237 2537 2514 2641 ἑτέρους
2562 2536 2603 2616 ὃ
2648 2532 2973 2639 Ἀχαὰβ,

512 2670 557 2736 b
581 2658 660 2745 ὃς
724 2663 1155 2761 ἀμπελῶνος
1213 2665 1366 2743 κατ’
1425 2664 1678 2744 οὐδένα
1740 2662 2013 2767 τρόπον
2070 2665 2262 2772 αὐτῷ
2323 2660 2823 2765 προσήκοντος
2886 2665 2983 2743 εἷς

580 2784 1025 2886 ἀδικωτάτην
1065 2787 1403 2885 ἐμπεσὼν
1438 2790 1839 2887 ἐπιθυμίαν,
1876 2790 2152 2890 ἀναιρεῖ
2191 2788 2319 2866 τὸν
2364 2782 2752 2886 δεσπότην,
2794 2786 2983 2889 φημὶ

581 2912 656 2992 δὲ
686 2909 812 2991 τὸν
837 2913 1238 3005 Ναβουθαί.
1300 2919 1359 2992 εἰ
1396 2910 1539 3013 γὰρ
1578 2914 1695 2991 καὶ
1730 2911 1831 3011 μὴ
1868 2919 2079 2992 τοῦτο
2116 2910 2451 3013 γενέσθαι
2488 2909 2982 3012 προστέταχεν
3015 2939 3106 2980 20

583 3033 818 3134 αὐτὸς,
879 3037 1049 3115 ἀλλ’
1108 3039 1224 3117 ἐπὶ
1284 3042 1441 3119 ταῖς
1504 3039 1634 3134 τῆς
1696 3033 2031 3138 γυναικὸς
2095 3034 2560 3138 δυστροπίαις
2628 3035 2757 3113 οὐκ
2819 3035 2979 3113 ἐδυ-

585 3158 874 3264 σφόρει.
952 3157 1337 3258 ἠγανάκτει
1386 3156 1575 3243 Θεὸς
1630 3162 1743 3240 ἐπὶ
1800 3157 2074 3242 τούτοις
2130 3159 2550 3261 ἀναγκαίως,
2587 3154 2739 3237 εἶτά
2793 3162 2985 3263 φησι

252 3275 432 3404 Ξὲῖξζ
585 3280 768 3383 πρὸς
825 3281 1042 3360 αὐτὸν
1095 3282 1214 3360 διὰ
1267 3291 1396 3361 τοῦ
1448 3282 1833 3389 προφήτου
1869 3282 2137 3362 Ἠλιοῦ
2175 3293 2218 3329 “
2245 3280 2439 3363 Τάδε
2481 3281 2677 3384 λέγει
2720 3279 2986 3384 Κύριος

589 3413 631 3449 “
668 3405 800 3484 ‘sss-
865 3402 965 3481 σὺ
1037 3404 1434 3508 ἐφόνευσας
1498 3409 1614 3485 καὶ
1689 3403 2296 3507 ἐκληρονόμησας,
2361 3402 2479 3485 διὰ
2541 3414 2753 3486 τοῦτο
2817 3406 2986 3485 τάδε

589 3535 633 3572 “
672 3524 868 3625 λέγει
910 3527 1178 3627 Κύριος
1212 3529 1345 3606 Ἐν
1382 3535 1484 3636 τῷ
1533 3530 1733 3637 τόπῳ
1784 3529 1867 3609 οὗ
1917 3526 2202 3637 ’έλειξαν
2239 3533 2308 3609 αἱ
2352 3531 2463 3613 ὕες
2509 3532 2624 3611 καὶ
2669 3534 2733 3609 οἱ
2785 3530 2987 3614 κύνες
3019 3558 3108 3621 25

592 3658 636 3695 “
673 3646 756 3727 τὸ
816 3647 993 3748 αἷμα
1039 3654 1443 3748 Ναβουθαὶ,
1487 3655 1631 3731 ἐκεῖ
1680 3653 2049 3761 λείξουσιν
2098 3659 2163 3735 οἱ
2218 3653 2419 3738 κύνες
2473 3650 2557 3733 τὸ
2613 3650 2790 3752 αἷμά
2844 3688 2990 3733 σου

534 3783 635 3848 e“
675 3776 787 3851 καὶ
846 3780 917 3853 αἱ
976 3772 1237 3876 πόρναι
1295 3776 1689 3855 λούσονται
1746 3781 1821 3857 ἐν
1870 3783 1973 3883 τῷ
2028 3779 2279 3875 αἵματί
2326 3779 2537 3858 σου·”
2597 3781 2713 3858 καὶ
2757 3777 2991 3858 πάλιν

258 3896 342 4025 {¹22
370 3910 465 3945 ²¹*
591 3897 795 3981 εὐθύς
841 3910 881 3945 “
910 3898 1105 3979 Τάδε
1163 3897 1359 4001 λέγει
1418 3899 1683 4002 Κύριος
1739 3899 1926 3981 Ἰδοὺ
1981 3903 2226 4004 ε’ποῖγω
2282 3904 2396 3982 ἐπὶ
2452 3901 2541 3982 σέ
2597 3899 2809 3999 κακὰ,
2871 3905 2992 3982 καὶ

593 4030 634 4067 “
672 4021 1001 4102 ἐκκαύσω
1057 4025 1295 4104 ὀπίσω
1351 4058 1493 4104 σου
1556 4027 1674 4103 καὶ
1742 4021 2251 4129 ἐξολοθρεύσω
2319 4033 2447 4106 τοῦ
2501 4024 2796 4130 Ἀχαὰβ
2857 4027 2986 4106 οὐ·

664 4283 713 4320 2.
750 4267 1205 4336 ἅναπεπλὴρωνται
1236 4271 1297 4326 B.
1325 4271 1387 4325 ἃν
1408 4273 1771 4341 πεπλῆρωνται
1799 4271 1979 4328 Holst.
2011 4273 2112 4328 Ed.
2351 4293 2404 4342 4.
2439 4274 2625 4329 λοιπὸν
2648 4283 2989 4344 assumptum

592 4354 653 4389 ex
688 4337 751 4390 B.
966 4354 1017 4406 5.
1054 4341 1363 4410 διεκαρτέρει
1395 4342 1458 4396 Β.
1485 4345 1804 4413 διακαρτερεῖ
1831 4344 1933 4398 Ed.
2030 4348 2088 4400 ὃς
2117 4346 2180 4400 Β.
2383 4363 2436 4416 9.
2470 4345 2711 4415 παροίσω
2735 4365 2784 4397 τι
2808 4350 2911 4399 τῶν
2936 4345 2993 4400 ἐν

590 4405 840 4460 emendat
867 4407 1064 4479 Heyse.
1087 4415 1272 4481 πυροῖς
1296 4415 1386 4466 &rt
1410 4417 1512 4467 τῶν
1536 4415 1590 4467 ἐν
1623 4415 1682 4467 Β.
1708 4435 1779 4468 πο
1815 4415 1848 4467 ὰ
1877 4414 1972 4469 Ht.
2007 4414 2108 4470 Ed.
2280 4432 2364 4470 10.
2402 4416 2644 4484 κειμένων
2674 4414 2737 4469 Β.
2762 4415 2994 4481 κείμενον

596 4477 692 4530 Ht.
724 4476 826 4530 Ed.
1054 4496 1136 4533 12.
1174 4481 1348 4553 τέκνα]
1385 4489 1441 4547 -Ι-
1473 4485 1556 4537 καὶ
1587 4484 1682 4539 Ht.
1713 4485 1757 4537 E
1800 4525 1813 4539 .
2035 4503 2114 4556 13.
2153 4486 2614 4556 κεχρεωστημένως
2640 4486 2754 4540 ΒΔ.
2785 4485 2881 4540 Ht.
2907 4507 2992 4540 κε-

542 4561 559 4570 ·
593 4547 1029 4636 χρεωστουμέξως
1051 4550 1196 4604 Aub.
1471 4568 1552 4624 17.
1587 4557 1970 4638 βεβασίλευκεν
1993 4557 2242 4612 emendat
2272 4557 2467 4629 Heyse.
2492 4558 2896 4620 βεβασιλευκενε
2924 4556 2992 4611 Β.

590 4619 1023 4683 βεβασιλευκεναι
1052 4620 1152 4676 Ht.
1178 4620 1300 4687 Ed„
1327 4625 1357 4676 ὁ
1380 4631 1502 4678 aute
1524 4624 1703 4696 ἀχαὰβ
1726 4642 1781 4680 ιιι
1805 4627 1896 4681 τὸν
1921 4636 2144 4682 mutato.
2363 4645 2449 4684 πο.
2486 4625 2571 4699 δὲ]
2600 4627 2663 4696 δὴ
2687 4645 2735 4682 a.
