3238 5158
644 347 776 413 650
1144 309 1157 324 ‘
1252 349 1802 416 B.CYRILL1
1862 348 2448 416 ALEXANDR.
2653 343 2787 409 xvi.
2814 341 2922 418 26,
2947 351 3059 428 27·

647 508 792 614 γὰρ
827 510 1076 615 ὥσπερ
1110 511 1422 596 ἑκάστου
1456 521 1604 596 τῶν
1639 515 1870 596 ὄντων
1906 515 1952 616 ἡ
1992 514 2132 596 ἰδία
2172 514 2418 622 φύσις,
2455 511 2582 620 ἀφ’
2621 506 2798 611 ἧς
2748 542 2847 587 αν
2879 505 3064 659 ἐξίοι
3203 543 3204 634 ἶ

578 633 583 642 ¹
646 669 829 738 προς
865 634 1105 741 ἕτερόν
1141 672 1210 717 Τί
1245 646 1733 744 μσαχωρθῦν,
1771 641 1890 719 Καὶ
1933 673 2112 743 οπερ
2157 672 2287 719 om<
2327 635 2418 738 ἦν
2453 632 2861 739 γενόμ-ξων.
2941 664 3064 710 Καὶ

649 759 734 837 οὐ
780 757 1011 859 δήπου
1058 760 1402 868 φαμὲν,’
1357 798 1454 847 ως
1504 764 1793 865 ἐπείπερ
1843 762 2222 867 ἅνθρωπος
2270 763 2434 843 καθ’
2476 759 2661 859 ἡμᾶς
2709 752 2935 862 ωφθη
2984 788 3063 834 ΤΕ

648 883 766 961 καὶ
832 881 1126 985 γέγονεν
1185 884 1409 968 ὅντως
1473 888 1513 966 ὁ
1583 884 2030 989 Μονογενὴς,
2088 886 2353 993 ἐξέστη
2409 891 2539 965 τοῦ
2598 877 2776 961 εἶναι
2837 878 3058 962 Θεός·

312 1000 559 1118 gaham.
649 1015 695 1053 “
731 1003 933 1110 ἐχθὲς
989 1006 1132 1112 γὰρ
1199 1012 1315 1090 καὶ
1378 1008 1703 1113 σήμερον
1762 1013 1802 1090 ὃ
1870 1010 2084 1095 αὐτὸς
2146 1012 2265 1090 καὶ
2328 1015 2422 1093 εἰς
2485 1002 2649 1090 τοῦς
2715 1001 3062 1088 αἰῶνας·”
3085 1023 3118 1083 ⁵

647 1130 1168 1236 προσειληφὼς
1223 1131 1299 1212 δὲ
1352 1140 1646 1230 μᾶλλον
1691 1133 1869 1236 ὅπερ
1918 1136 2048 1215 οὐκ
2100 1132 2192 1235 ἦν
2245 1131 2426 1234 μετὰ
2478 1138 2608 1212 τοῦ
2662 1134 2924 1207 σῶσαι
2979 1123 3066 1205 τὸ

318 1274 457 1331 940
476 1272 553 1330 A.
590 1287 629 1328 a
650 1251 827 1333 ἰ’διον
891 1255 1351 1356 ἐκβεβηκέναι
1423 1291 1580 1340 πως
1655 1264 1916 1338 νοεῖται
1991 1255 2176 1337 κατά
2247 1292 2333 1358 γε
2394 1254 2525 1335 τὸν
2585 1254 2663 1333 ἐν
2729 1252 3068 1352 θεωρίαις

652 1376 1113 1472 εἰσβαίνοντα
1150 1375 1402 1480 λόγον.
1483 1380 1778 1488 ἐκλήψῃ
1817 1382 1893 1462 δὲ
1935 1382 2020 1461 τό
2055 1379 2363 1488 Ἐξῆλθον
2399 1376 2599 1483 παρα
2631 1378 2748 1457 τοῧ
2788 1375 3066 1482 Πατρὶς

655 1503 771 1579 καὶ
827 1502 992 1581 καθ’
1033 1502 1296 1606 ἕτερον,
1335 1509 1392 1584 εἰ
1443 1503 1720 1602 βούλει,
1756 1504 2053 1605 τρόπον·
2118 1501 2345 1611 ᾤοντο
2387 1501 2519 1602 μὲν
2553 1499 2704 1604 γὰρ
2756 1504 2828 1578 οἰ
2879 1496 3068 1600 πρὸς

655 1623 878 1723 μόνας
935 1629 1242 1724 ἀμαθίας
1295 1629 1799 1708 εὖπετέστατοι
1849 1634 2256 1730 Φαρισαῖοι,
2293 1625 2615 1729 καθάπερ
2669 1625 2814 1724 ἤδη
2870 1656 3061 1725 προ·
3091 1652 3153 1693 10

652 1757 874 1848 εἷπον,
932 1753 1096 1830 καθ’
1160 1752 1285 1830 ἕνα
1344 1757 1489 1831 τῶν
1545 1756 2175 1858 ψευδοπροφητῶν
2234 1756 2332 1835 εἰς
2392 1749 2620 1848 μέσον
2674 1747 2880 1847 ἥκειν
2939 1744 3069 1825 τὸν

658 1872 926 1976 Κύριον
962 1873 1161 1976 παρὰ
1205 1879 1396 1954 Θεοῦ
1452 1872 1584 1973 μὲν
1628 1876 1761 1955 οὐκ
1816 1875 2393 1974 ἀπεσταλμένον,
2427 1870 2572 1953 ἀπὸ
2628 1869 2708 1950 δὲ
2762 1871 3069 1971 γνώμης

650 2000 779 2095 τῆς
815 1997 1093 2095 οἰκείας,
1129 1996 1454 2101 καθάπερ
1490 1996 1580 2097 ἦν
1616 1999 1779 2082 ἔθος
1813 2000 2098 2083 ἐκείνοις
2145 1996 2241 2079 τὰ
2286 2004 2391 2106 τῷ
2439 1995 2636 2103 νόμῳ
2682 1994 3068 2099 μαχόμενα

652 2125 799 2201 τοῖς
859 2122 956 2204 ὡς
1015 2121 1231 2202 αὐτον
1291 2128 1483 2203 ἰοῦσι
1539 2129 2023 2226 προσλαλεῖν.
2121 2121 2240 2202 διὰ
2302 2121 2446 2224 γάρ
2500 2154 2612 2200 τοι
2663 2127 2888 2200 τοῦτο
2948 2123 3068 2200 καὶ

655 2244 1036 2324 ἀπειθεῖν’
1004 2244 1458 2343 εσκέπτοντο,
1496 2245 1632 2346 τὴν
1667 2256 1795 2326 τοῦ
1841 2245 2063 2344 νόμου
2104 2244 2413 2348 τήρησιν
2450 2244 2897 2352 φιλαιτάτην
2933 2242 3068 2343 μὲν
3093 2273 3150 2331 15

587 2373 633 2439 b
658 2362 834 2445 εἶναι
889 2367 1223 2471 λέγοντες
1277 2376 1380 2479 τῷ
1424 2375 1592 2478 Θεῷ
1646 2404 1764 2451 και
1813 2373 2075 2473 Πατρι,
2111 2362 2620 2473 παραλύεσθαι
2667 2367 2907 2469 γεμὴν
2949 2366 3068 2446 διὰ

656 2496 804 2569 τῶν
850 2492 1069 2572 αὐτοῦ
1125 2491 1602 2595 διδαγμάτων.
1682 2495 1937 2575 οὐκοῦν
1974 2498 2069 2577 ὡς
2107 2499 2276 2603 Θεῷ
2322 2491 2733 2599 μαχόμενον
2787 2494 2912 2571 καὶ
2967 2493 3066 2575 ὥς

658 2622 807 2699 τοῖς
859 2618 1027 2721 παρ’
1079 2620 1297 2699 αὐτοῦ
1346 2617 1470 2699 διὰ
1529 2620 1909 2703 Μωυσέως
1963 2617 2550 2716 τεθεοπισμένοις
2602 2619 3066 2697 ἀντιστατεῖν

657 2739 1009 2844 ᾑρημένον
1044 2743 1463 2823 ἀπεσείοντο
1500 2742 1631 2823 τὸν
1668 2741 2021 2845 Χριστὸν,
2058 2742 2450 2845 ἀλλότριον
2485 2737 2658 2821 εἶναι
2710 2746 2832 2821 καὶ
2871 2748 3067 2822 Θεοῦ
3203 2830 3204 2863 ᾖ

660 2861 779 2942 διὰ
812 2872 1025 2944 τοῦτο
1063 2865 1528 2968 λογιζὸμενοι.
1604 2866 1776 2946 ἀλλ’
1817 2868 1951 2972 οὐχ
1986 2868 2209 2952 οὕτως
2245 2872 2311 2947 οὶ
2344 2865 2678 2969 μακάριοι
2713 2868 3059 2965 μαθηταί.
3089 2904 3149 2943 20
3203 2880 3204 2925 ἰ

658 2990 1111 3094 πεφιλῆκασι
1165 2988 1309 3093 γὰρ
1369 2988 1588 3071 αὐτον
1646 2995 1772 3090 τῆς
1831 2998 1978 3071 τῶν
2031 2990 2412 3071 Ἰουδαίων
2457 2990 2911 3086 δυσβουλίας
2969 2989 3063 3071 τὰ

659 3112 924 3211 ἀμείνω
964 3112 1480 3220 φρονήσαντες,
1519 3117 1636 3195 καὶ
1686 3115 2251 3197 πεπιστεύκασιν
2287 3118 2599 3214 ἀληθως,
2635 3148 2749 3194 οτι
2784 3113 3063 3222 {fineen

661 3234 806 3316 ἀπο
837 3238 1025 3333 Θεοῧ,
1051 3234 1236 3322 κατὰ
1270 3272 1435 3324 τους
1471 3238 1732 3342 ἀρτίως
1769 3241 1938 3340 ἡμῖν
1973 3242 2373 3344 εἰρημένους
2405 3235 2739 3341 τρόπους.
2795 3237 3064 3335 ταύτης

603 3391 639 3436 ο
663 3393 774 3439 τοι
815 3363 944 3460 τῆς
988 3362 1216 3445 αἰτίας
1257 3362 1461 3443 ἕνεκα
1497 3365 1615 3442 καὶ
1650 3367 2092 3471 πεφίληνται
2126 3363 2325 3466 παρὰ
2363 3359 2678 3465 Πατρος,
2713 3360 2853 3463 τὴν
2889 3363 3063 3463 ἴσην

661 3482 911 3585 ὥσπερ
958 3485 1047 3590 ἐξ
1091 3488 1397 3585 ἀμοιβῆς
1433 3486 1801 3592 δεχόμενοι
1836 3485 2074 3593 χάριν.
2152 3495 2211 3568 εἰ
2262 3487 2342 3568 δὲ
2396 3488 2737 3595 φίλτατοι
2788 3485 2926 3584 μὲν
2964 3493 3064 3594 τῷ
3087 3520 3148 3575 ²5
3203 3530 3204 3535 κ

665 3610 831 3712 Θεῷ
868 3609 983 3685 καὶ
1023 3612 1281 3712 Πατρί,
1319 3613 1435 3691 καὶ
1472 3612 1644 3690 λίαν
1680 3612 1867 3710 ἡδεῖς
1904 3618 1970 3692 οἶ
2010 3615 2087 3693 ἐκ
2125 3618 2318 3692 Θεοῦ
2359 3610 2487 3691 τὸν
2522 3607 2705 3690 Υἰὸν
2740 3609 3065 3716 ἐξελθεῖν

660 3728 1142 3830 πιστεύοντες,
1180 3733 1752 3837 κατεστύγηνται
1804 3732 2141 3835 δηλονότι
2190 3737 2309 3816 καὶ
2358 3740 2710 3833 θεομισεῖς
2767 3737 3064 3834 ἀληθῶς

664 3857 732 3932 οἱ
767 3851 900 3952 τὴν
935 3855 1211 3940 τούτοις
1253 3859 1574 3939 ἐναντίαν
1612 3858 2060 3960 νοσήσαντες
2104 3857 2352 3967 δόξαν.
2432 3861 2548 3939 καὶ
2586 3862 2647 3937 εἰ
2682 3862 2836 3941 τοῖς
2871 3860 3059 3959 ἀγα·

663 3983 865 4058 πῶσι
909 3976 1035 4059 τὸν
1069 3981 1251 4062 Υἶὸν
1293 3983 1744 4082 ἑτοιμότατος
1795 3985 1966 4064 λίαν
2001 3990 2098 4068 εἰς
2153 3982 2236 4063 τὸ
2282 3985 2688 4067 ὑπακοῦσαι
2733 3978 2948 4079 Θεὸς,
2985 3982 3066 4061 οὗ

666 4100 1142 4211 προσδέξεται
1190 4104 1524 4205 δηλονότι
1570 4112 1719 4187 τῶν
1753 4106 1855 4208 μὴ
1893 4106 2235 4188 τοιούτων
2270 4105 2401 4191 τάς
2443 4103 2887 4211 προσευχάς·
2951 4108 3062 4186 καὶ
3085 4137 3146 4197 3⁰

667 4234 880 4311 τοῦτο
915 4225 1003 4328 ἦν
1040 4228 1183 4332 ἀρα
1217 4226 1301 4309 τὸ
1347 4229 1464 4311 διὰ
1512 4236 1758 4338 φωνῆς
1790 4230 2111 4317 Ἠσαίου
2162 4231 2346 4336 πρὸς
2396 4227 2650 4314 αὐτοὺς
2699 4228 3066 4333 εἰρημένον

741 4526 792 4566 2.
826 4511 1008 4584 ὥσπερ
1032 4511 1157 4583 (sic)
1182 4529 1237 4584 p.
1555 4514 1711 4641 ‘'ff-“g
1711 4511 1838 4585 (sio)
1863 4530 1919 4584 p.
2131 4529 2240 4604 13ἶ
2272 4514 2369 4567 τοῦ
2390 4514 2550 4582 νόμον
2573 4509 2641 4566 E.
2883 4528 2970 4577 1⁴·
3004 4510 3069 4568 ὃς

668 4580 829 4638 habet
852 4600 908 4654 p.
1127 4597 1210 4656 15.
1248 4529 1564 4642 ἐσκέπτοντο
1682 4585 2012 4642 saxei-muro
2035 4601 2090 4656 p.
2116 4582 2437 4655 ἐσκήπτοντο
2461 4580 2563 4637 Ed.
