3238 5158
210 380 279 421 1.
306 378 550 449 340qq.
613 361 725 428 IN
769 360 839 429 s,
872 363 1134 429 JOAN.
1225 362 1588 430 LIB.V11.
1682 361 2271 428 FRAGMENTA.
2492 360 2620 422 25⁷

213 536 261 573 “
295 531 416 608 καὶ
479 529 521 609 5
587 529 849 635 Πατὴρ
911 529 989 611 ἕν
1050 529 1333 632 ἐσμεν,”
1391 530 1721 635 ἐλίθαζον
1781 527 2020 627 αὑτὸν,
2077 524 2281 607 ἀλλὰ
2349 524 2616 624 μάτην,

216 651 453 758 φησίν
509 658 601 734 Ee'.
655 654 942 760 ἐπείπερ
996 651 1198 736 εἶπον
1247 654 1553 756 ἐμαυτὸν
1599 654 1816 752 Θεὸν,
1867 659 2055 734 δοκῶ
2104 655 2614 760 βλασφημεῖν,
2644 689 2680 733 ο

217 778 413 857 διατί
441 786 571 857 τοῦ
613 777 906 883 Πατρός
942 780 1301 884 εἶρηκότος
1341 779 1458 860 διὰ
1490 788 1623 862 τοῦ
1661 779 1883 879 νόμου
1917 774 2101 882 πρὸς
2134 774 2300 860 τοῦς
2336 772 2617 877 ἀνθρώ-

215 935 400 986 πους
470 904 634 983 Θεοί
703 904 870 1003 ἐστε,
948 906 1077 985 οὐκ
1152 906 1470 1008 ἐκρίνατε
1543 912 1757 984 τοῦτο
1830 900 2008 984 εἶναι
2077 900 2616 1008 βλασφημίαν,

153 1043 190 1106 5
217 1033 433 1106 τοῦτο
483 1027 571 1106 δέ
611 1033 867 1132 φησιν,
907 1031 1066 1135 οὐχὶ
1103 1028 1750 1132 προσκαλούμενος
1786 1026 2040 1112 αὐτοὺς
2083 1032 2302 1106 εἰπεῖν
2339 1058 2407 1104 τι
2442 1019 2627 1104 κατὰ

216 1158 347 1230 τοῦ
389 1149 706 1255 Πατρός·
766 1154 939 1233 ἀλλ’
979 1154 1305 1257 ἐλέγχων
1343 1152 1456 1234 ὅτι
1508 1151 1638 1234 τὸν
1673 1152 1898 1250 νόμον
1932 1154 2280 1252 ἀγνοοῦσι
2330 1151 2447 1228 καὶ
2495 1146 2627 1232 τὰς

216 1274 740 1361 θεοπνεύστους
793 1274 1108 1384 γραφάς.
1196 1275 1436 1377 ἐπειδὴ
1494 1278 1571 1359 δὲ
1626 1283 1773 1357 τῶν
1830 1276 2215 1380 εἰρημένων
2269 1279 2452 1353 θεῶν
2506 1273 2624 1351 καὶ

216 1407 350 1479 τοῦ
404 1400 628 1506 φύσει
684 1405 876 1481 Θεοῦ
928 1400 1127 1483 πολὺ
1182 1399 1266 1482 τὸ
1323 1400 1574 1502 μέσον,
1623 1402 1708 1481 δι’
1760 1397 1862 1480 ὧν
1911 1400 2107 1501 λέγει
2163 1394 2486 1477 διδάσκει
2540 1393 2625 1475 τὸ

217 1522 592 1629 διάφορον·
652 1529 713 1605 εἰ
769 1523 911 1629 γὰρ
967 1531 1034 1606 οἱ
1089 1524 1456 1630 ἅνθροητοι
1505 1525 1672 1632 πρὶς
1730 1525 1835 1611 οῧς
1885 1523 2179 1627 γέγονεν
2224 1531 2255 1603 o‘
2299 1523 2411 1601 τοῦ
2456 1521 2628 1600 Θεοῦ

109 1676 191 1718 10
219 1649 471 1750 Λόγος,
508 1645 641 1730 θεοὶ
691 1650 1095 1750 κέκληνται,
1142 1656 1259 1731 καὶ
1312 1647 1935 1754 ἐλαμπρύνθησαν
1977 1653 2069 1754 τῇ
2118 1651 2246 1746 τῆς
2291 1643 2629 1744 θεότητος

216 1779 414 1878 τιμῇ,
450 1771 579 1853 τὸν
613 1782 744 1855 τοῦ
796 1779 988 1855 Θεοῦ
1027 1771 1275 1877 Λόγον
1320 1772 1880 1873 εἰσοικισάμενοι
1935 1774 2053 1852 καὶ
2108 1767 2626 1873 εἶσδεδεγμένοι
2650 1783 2696 1849 d

218 1894 404 1976 κατὰ
458 1896 729 2003 ψυχὴν,
774 1904 929 1982 πῶς
983 1900 1112 1979 οῦκ
1165 1896 1258 1978 ἀν
1313 1898 1420 2000 εἴη
1474 1896 1699 2005 φύσει
1756 1895 1963 1995 Θεὸς,
2008 1897 2050 1976 5
2106 1896 2193 1976 δι’
2242 1892 2327 1975 ὃν
2381 1897 2629 1974 ἐκεῖνοι

217 2021 419 2117 θεοί,
487 2030 530 2067 “
558 2020 748 2106 Θεὸς
797 2019 942 2125 γὰρ
992 2020 1084 2123 ἦν
1120 2022 1160 2101 5
1201 2020 1508 2123 Λόγος,”
1550 2020 1738 2102 κατὰ
1786 2019 1921 2121 τὴν
1955 2016 2294 2100 Ἰωάννου
2344 2013 2625 2126 φωνήν·
2717 2019 2826 2138 {¹2³

219 2146 264 2224 5
298 2148 415 2224 καὶ
450 2152 601 2230 τοῖς
636 2145 898 2231 ἅλλοις
938 2154 1153 2226 τοῦτο
1206 2143 1673 2252 προξενήσας
1722 2143 1808 2225 τὸ
1859 2141 2228 2248 λαμπρόν.
2312 2148 2372 2223 εἰ
2407 2140 2550 2245 γὰρ
2589 2144 2630 2221 ὁ

113 2288 193 2351 15
220 2276 352 2349 τοῦ
390 2275 587 2350 Θεοῦ
625 2269 871 2371 Λόγος
906 2268 1024 2350 διὰ
1061 2278 1188 2350 τοῦ
1224 2270 1485 2373 Ἀγίου
1524 2267 1949 2370 Πνεύματος
1995 2266 2243 2371 ἀνάγει
2278 2264 2466 2369 πρὸς
2498 2264 2632 2365 τὴν

218 2391 403 2498 ὑπὲρ
439 2395 823 2498 ἄνθρωπον
859 2392 1094 2499 χάριν,
1132 2395 1251 2475 καὶ
1287 2401 1740 2492 κατακοσμεῖ
1774 2399 1971 2500 θεῖκῇ
2007 2398 2179 2499 τιμῇ
2215 2390 2383 2477 τοὺς
2416 2395 2492 2472 ἐν
2528 2389 2632 2474 οἷς

218 2515 314 2599 ἂν
350 2519 651 2621 γένοιτο,
689 2517 807 2600 διὰ
843 2520 934 2617 τί,
973 2525 1190 2626 φησὶ,
1230 2517 1472 2623 λέγετε
1508 2517 1606 2600 ’ὅτι
1643 2522 2094 2627 βλασφημεῖ),
2133 2517 2371 2619 λέγων
2406 2518 2623 2616 ἐμαυ-

219 2640 352 2724 τὸν
387 2646 543 2725 ’Υΐον
582 2648 756 2725 Θεοῦ
810 2648 928 2725 καὶ
986 2642 1228 2742 Θεόν,
1309 2644 1566 2748 καίπερ
1624 2645 1711 2724 δι’
1767 2641 1868 2724 ὧν
1921 2642 2407 2747 ἐνεχειρίσθην
2459 2643 2628 2742 παρ’

221 2768 443 2848 αὐτοῦ
477 2767 1054 2873 μαρτυρούμενος
1089 2767 1201 2849 ὅτι
1239 2767 1426 2854 Θεός
1471 2774 1612 2867 εἶμι
1663 2767 1908 2874 φύσει.
1986 2766 2300 2869 ἁγιάσας
2350 2764 2493 2867 γάρ
2544 2798 2632 2861 με

110 2926 193 2966 20
220 2890 623 2974 ἀπέστειλεν
662 2902 755 2979 εἰς
792 2893 899 2974 τὶν
940 2892 1189 2997 κόσμον
1212 2902 1257 2941 “
1283 2896 1592 2995 Σωτῆρα
1627 2899 1756 2971 τοῦ
1792 2890 2136 2991 κόσμου·”
2194 2888 2371 2991 ὅπερ
2409 2888 2631 2988 μόνου
2655 2918 2690 2961 e
2718 2893 2967 3023 {VS-{ffu-

217 3015 384 3097 ἔστι
443 3017 664 3125 φύσει
714 3022 930 3116 Θεοῦ,
977 3018 1062 3097 τὸ
1119 3017 1479 3097 δύνασθαι
1537 3014 1914 3118 διασώζειν
1963 3017 2042 3097 ἐκ
2095 3022 2227 3096 τοῦ
2282 3012 2631 3108 διαβόλου

221 3144 345 3222 καὶ
380 3146 506 3240 τῆς
542 3141 892 3245 ἁμαρτίας
929 3143 1048 3222 καὶ
1086 3146 1212 3240 τῆς
1251 3147 1533 3249 φθορᾶς
1567 3138 1737 3226 τοὺς
1773 3140 2220 3242 ἀνθρώπους.

331 3269 553 3348 Ἀλλ’
605 3267 786 3352 ἴσως
832 3265 1007 3346 ὅταν
1057 3266 1101 3366 ἡ
1151 3265 1308 3347 θεία
1362 3266 1547 3372 λέγῃ
1594 3263 1873 3372 γραφὴ,
1915 3262 2117 3369 παρὰ
2162 3272 2292 3345 τοῦ
2340 3261 2632 3364 Πατρὸς

219 3389 684 3474 ἀπεστάλθαι
736 3391 866 3473 τὸν
914 3389 1115 3487 Υὶὸν,
1173 3390 1380 3477 εὐθὺς
1435 3392 1476 3471 5
1532 3386 1880 3494 αὶρετικὸς
1932 3387 2214 3496 τροφὴν
2266 3392 2357 3495 τῇ
2414 3390 2632 3495 οἰκείᾳ

107 3544 192 3608 25
219 3515 473 3623 πλάνῃ
521 3522 822 3597 ποιεῖται
870 3513 1006 3615 τὴν
1043 3515 1267 3622 λέξιν,
1305 3517 1456 3618 ἐρεῖ
1497 3517 1585 3595 δέ
1624 3549 1769 3595 που
1816 3512 2106 3599 πάντως
2156 3513 2268 3594 ὅτι
2316 3516 2510 3612 ὑμεῖς
2564 3519 2633 3592 οἱ

218 3640 774 3745 παραιτούμενοι
828 3639 1069 3742 λέγειν
1116 3638 1244 3719 τὸν
1281 3635 1462 3718 Υἱόν
1515 3636 1871 3719 ἐλάττονα
1929 3647 2057 3718 τοῦ
2116 3636 2430 3742 Πατρὸς,
2476 3644 2631 3722 πῶς

220 3767 357 3870 οὐχ
414 3767 625 3869 ὁρᾶτε
679 3764 847 3867 παρ’
889 3765 1108 3843 αὐτοῦ
1159 3760 1625 3862 πεμπόμενον
1668 3767 1766 3848 ὡς
1816 3761 2016 3866 παρὰ
2070 3759 2386 3867 μείζονός
2441 3797 2632 3845 τινος
2936 3860 2948 3870 .

218 3893 338 3970 καὶ
376 3887 929 3992 ὑπερκειμένου;
991 3887 1070 3968 τί
1116 3889 1580 3991 οῦν-ἐροῦμεν
1601 3919 1624 3984 3
1688 3883 1735 3986 ἢ
1775 3886 1887 3967 ὅτι
1922 3884 2008 3967 τὸ
2046 3891 2174 3987 τῆς
2205 3888 2690 3986 ἀποστολῆςιι
2730 3914 2865 3971 670
2883 3912 2963 3968 A.

218 4012 471 4114 ὄνομα,
534 4008 863 4112 μάλιστα
933 4010 1067 4111 μὲν
1133 4011 1390 4114 πρέπει
1461 4016 1613 4095 τοῖς
1682 4014 1814 4111 τῆς
1885 4006 2262 4096 κενώσεως
2318 4010 2624 4115 μέτροις·

108 4177 194 4234 30
220 4136 497 4221 ἀκούεις
549 4136 695 4240 γὰρ
745 4135 857 4216 ὅτι
908 4133 1304 4217 συνάπτων
1341 4138 1381 4215 5
1424 4140 1723 4221 Παῦλος
1760 4136 2158 4244 ἀμφότερα,
2196 4133 2357 4216 τότε
2398 4139 2631 4242 φησὶν

294 4440 346 4493 5.
383 4423 807 4496 προκαλοῦμενος
830 4442 881 4480 a.
1059 4424 1142 4481 18.
1178 4397 1306 4481 οὔδ’
1321 4424 1443 4482 Cat.
1471 4425 1628 4481 Harl.
1810 4440 1897 4480 21.
1935 4425 2122 4492 σώζειν
2143 4442 2194 4478 a.
2375 4440 2461 4495 23.
2499 4422 2630 4493 λέγῃ

218 4546 406 4619 γραφὴ
430 4545 538 4600 hoc
562 4545 750 4600 ordine
774 4564 823 4600 a.
853 4545 972 4604 Cat.
1000 4546 1157 4602 Harl.
1181 4498 1387 4622 [γρῖιφὴ
1411 4512 1541 4620 λέγῃ
1570 4571 1616 4591 ==
1642 4545 1774 4620 λέγῃ
1797 4546 1980 4619 γραφὴ
2008 4544 2127 4601 Cat.
2148 4542 2331 4616 Harl]
2478 4544 2563 4597 28.
2600 4542 2630 4608 ἦ

220 4635 334 4673 om.
361 4635 411 4672 a.
436 4615 601 4671 habet
626 4614 746 4672 Cat.
776 4616 934 4675 Harl.

312 4717 457 4765 von.
490 4718 567 4764 11.
1384 4700 1476 4765 1.l
