3238 5158
645 333 784 402 572.
844 415 853 424 .
1158 395 1165 400 ,
1256 334 1335 399 Β.
1382 331 1804 400 cYRILLI
1864 329 2456 398 ALEXANDR.
2861 344 3076 389 nnn.

552 538 617 582 11
652 525 873 593 Ταῦτα
929 526 1265 592 λελάληκα
1310 522 1454 604 ὑμῖν
1503 527 1611 593 ἵνα
1661 527 1701 592 ἡ
1758 529 1926 617 χαρὰ
1982 526 2020 591 ἡ
2074 526 2201 604 ἐμή
2256 528 2329 592 ἐν
2384 519 2539 602 ὑμῖν
2599 518 2833 612 μείνῃ,
2890 519 2998 583 καὶ
3041 518 3078 580 ἡ

1458 654 1625 743 χαρὰ
1676 652 1858 731 ὑμῶν
1910 657 2255 743 πληρωθῇ.

592 827 629 871 c
765 794 920 878 Τον
966 801 1130 903 περὶ
1185 801 1314 899 τῆς
1365 799 1698 914 ἀμπελου
1749 798 1976 902 λόγον
2020 798 2187 900 ἡμῖν
2223 794 2778 895 εισκεκομικῶς,
2818 791 2976 875 εἶτα
3005 827 3076 872 το

654 920 1186 1022 ἀποσπώμενον
1231 927 1497 1024 κλῆμα,
1537 927 1656 1005 καὶ
1693 928 1902 1005 οἱονεὶ
1937 928 2065 1026 τῆς
2101 923 2510 1031 τρεφούσης
2557 922 2754 1001 αὐτὸ
2815 954 3076 1024 μητρός

656 1046 1228 1147 διακεκομμένον,
1301 1051 1589 1154 ἀχρεῖον
1665 1047 1798 1148 μὲν
1870 1049 2173 1130 ἔσεσθαι
2244 1052 2650 1145 παντελῶς,
2739 1048 2934 1150 πυρὶ
3013 1041 3116 1126 δὲἓ

655 1173 916 1276 χρῆναι
955 1172 1418 1253 δαπανᾶσθαι
1462 1172 1779 1281 διδαξας,
1816 1173 1899 1253 οὐ
1935 1171 2196 1275 μικρὰν
2230 1170 2603 1271 ἐνεποίησε
2643 1177 2810 1254 τοῖς
2849 1175 3070 1268 paor,-

654 1300 811 1378 ταῖς
867 1291 1001 1395 τὴν
1049 1296 1164 1376 ἐπὶ
1211 1293 1442 1403 τούτῳ
1478 1296 1762 1377 πτοίαν.
1843 1300 1917 1375 αἱ
1972 1293 2118 1444 γὰρ
2167 1302 2314 1375 τῶν
2368 1296 2760 1375 ἀπευκτῶν
2824 1291 3072 1445 ἀκροά-

656 1450 833 1514 σεις,
900 1418 1019 1497 καὶ
1075 1424 1135 1499 εἰ
1198 1417 1418 1520 μήπω
1486 1420 1860 1525 φαίνοιντο
1918 1417 2246 1521 παρόντα
2305 1452 2546 1522 τυχον,
2611 1417 2701 1495 οὐ
2777 1417 3072 1521 μετρίως

658 1544 844 1622 εἰσὶν
908 1541 1359 1645 ἐκταράττειν
1426 1545 1679 1640 ικαναὶ,
1744 1540 2057 1642 μάλισθ’
2121 1576 2297 1623 οταν
2358 1541 2658 1622 ἐντίκτοι
2726 1546 2898 1622 τισὶ
2961 1549 3070 1621 τοῦ
3189 1549 3190 1584 ¹

658 1666 1086 1764 συμβαίνειν
1144 1664 1328 1748 αὐτὰ
1386 1667 1741 1749 δύνασθαι
1796 1666 1929 1768 τὴν
1986 1667 2310 1773 ὑποψίαν
2364 1671 2508 1745 τῶν
2558 1665 2955 1762 ἐσομένων
3001 1663 3070 1745 τὸ
3091 1697 3134 1738 1:

590 1795 635 1862 d
661 1791 958 1893 αδηλον.
1057 1791 1382 1896 καθάπερ
1452 1792 1701 1892 ἀμέλει
1777 1796 1895 1871 καὶ
1971 1793 2011 1870 ὁ
2084 1791 2295 1890 τήνδε
2360 1788 2661 1890 μέλλων
2745 1793 3074 1871 διαπλεῖν
3189 1785 3190 1844 ¹

659 1914 794 2015 τὴν
869 1913 1289 2017 θάλασσαν,
1350 1920 1446 2002 ὡς
1506 1916 1965 2022 ἐνδεχομενου
2029 1918 2148 1996 καὶ
2220 1919 2563 2020 χειμῶνος
2642 1948 2752 1997 εις
2837 1922 3076 2018 πεῖραν

660 2041 927 2137 ἐλθεῖν,
970 2042 1087 2119 καὶ
1130 2038 1275 2141 μὴν
1316 2044 1435 2122 καὶ
1484 2041 1739 2144 ἀγρίου
1783 2039 2093 2138 κύματος
2139 2074 2256 2119 και
2298 2035 2671 2118 ἀτιθάσων
2739 2038 3075 2187 κυμάτων

662 2165 1133 2268 καταδρομῆς,
1200 2198 1318 2244 και
1396 2198 1455 2244 ει
1526 2163 1747 2265 μήπω
1812 2163 2140 2266 παρόντα
2203 2167 2613 2269 καταθεῷτο
2694 2161 3074 2269 τυχὸν,εν
3027 2165 3044 2188 '

660 2285 912 2386 μόναις
972 2289 1356 2394 φροντίσιν
1420 2287 1523 2368 ἔτι
1582 2292 1700 2369 καὶ
1757 2296 1972 2370 τοῦτο
2031 2286 2348 2388 ἀδήλοις,
2399 2290 2495 2370 ὡς
2548 2286 2692 2388 ἤδη
2745 2287 3071 2391 παρόντα
3093 2321 3132 2372 15

662 2411 909 2492 δέδιεν.
1019 2413 1588 2520 ὑποφρίττοντας
1662 2414 1901 2494 τοίνυν
1977 2410 2143 2497 τοὺς
2219 2408 2705 2509 ἀποστόλους,
2787 2416 2919 2493 καὶ
2995 2418 3072 2517 τῇ

660 2542 809 2620 τῶν
874 2538 1122 2619 δεινῶν
1192 2539 1372 2644 ἀκοῇ
1444 2535 1638 2644 τάχα
1695 2572 1850 2622 πως
1917 2539 2035 2619 καὶ
2091 2535 2480 2640 γεγονότας
2533 2538 2919 2639 περιδεεῖς,
2973 2540 3075 2617 καὶ

662 2661 845 2769 πρὸς
920 2660 1051 2764 τὴν
1108 2668 1255 2744 τῶν
1319 2664 1684 2763 ἐσομένων
1743 2659 2388 2768 ἀποναρκήσαντας
2450 2667 2733 2764 πεῖραν,
2794 2666 3080 2743 ἀνανεοῖ

665 2790 1042 2892 χρησίμως
1118 2793 1216 2873 εἶς
1290 2788 1578 2867 εὔτονον
1653 2785 2013 2893 φρόνημα,
2090 2789 2207 2865 καὶ
2288 2792 2626 2886 στυγνῶν
2723 2788 3074 2893 ἀφέμενος

606 2942 644 2985 e
667 2909 934 3013 λόγων,
970 2916 1132 3015 περὶ
1182 2915 1310 3011 τῆς
1366 2910 1551 2992 κατὰ
1606 2909 1800 2991 Θεὸν
1836 2912 2075 2996 αὐτοῖς
2128 2907 2532 3013 διαλέγεται
2575 2914 2965 3012 θυμηδίας.
3004 2913 3073 2992 οὐ
3093 2943 3138 2984 ιο

666 3033 810 3140 γάρ
845 3070 978 3134 τοι,
1008 3038 1263 3143 φησὶν,
1289 3032 1347 3114 ὦ
1383 3036 1708 3140 ἡμέτεροι
1743 3039 2079 3136 μαθηταὶ,
2109 3035 2367 3116 τούτου
2402 3068 2488 3136 γε
2525 3035 2732 3115 ἕνεκα
2769 3040 2935 3118 νυνὶ
2961 3033 3074 3117 τὸν

665 3157 850 3263 πρὸς
889 3161 1070 3258 ὑμᾶς
1122 3158 1515 3259 πεποίημαι
1572 3156 1820 3262 λόγον,
1861 3163 1957 3245 ὦς
2012 3159 2367 3263 ἄνανδρον
2403 3157 2535 3258 μὲν
2571 3160 2739 3258 ὑμῖν
2774 3162 3070 3260 ἐμποιῆ·

667 3318 799 3365 σαι
861 3282 1241 3435 φρόνημα,
1280 3285 1505 3387 ἤγουν
1565 3285 1673 3365 ἐπ’
1724 3281 1974 3393 ἀδήλῳ
2033 3283 2331 3383 δείματι,
2392 3285 2508 3363 καὶ
2569 3284 2731 3388 οὐχὶ
2787 3284 3074 3368 πάντως

669 3407 988 3516 ἐσομένω
1047 3413 1242 3518 κακῶ
1296 3407 2035 3513 προκατακλωμένους
2103 3409 2304 3508 ὑμᾶς,
2364 3410 2480 3488 καὶ
2536 3406 3076 3506 ἀτολμοτάτους

598 3540 605 3545 ’
671 3532 983 3636 ὁρᾶσθαι
1036 3532 1219 3636 πρὸς
1276 3530 1729 3637 κατόρθωσιν
1785 3535 2103 3635 ἀγαθῶν,
2165 3533 2509 3612 ἀλλ’ἵνα
2564 3531 2849 3618 τούτοις
2898 3568 3076 3631 συμ·
3095 3564 3140 3621 ιε

668 3655 886 3761 βαίνῃ
930 3690 1021 3735 τα
1074 3659 1376 3755 ἐναντία,
1433 3692 1551 3739 και
1610 3658 1964 3758 θυμηδίαν
2021 3658 2226 3763 ἔχητε
2281 3654 2413 3757 τὴν
2447 3653 2644 3759 ἐμὴν,
2679 3691 2926 3756 ητοιη
2889 3658 3076 3766 ’pipi

673 3777 869 3890 χαιρῖι
908 3781 966 3861 ἐν
1004 3785 1152 3887 ὑμῖν
1187 3786 1398 3897 μείνῃ.

340 3919 474 3976 885
492 3918 573 3975 Δ.
615 3933 652 3973 a
792 3907 938 3985 Καὶ
997 3904 1071 3986 τί
1124 3902 1336 3988 τοῦτό
1388 3907 1566 4005 ἐστι,
1623 3906 1703 3987 τί
1749 3904 1825 3986 δὲ
1888 3903 2006 3986 διὰ
2063 3905 2321 3986 τούτου
2372 3910 2557 3985 νοεῖν
2615 3903 2805 4004 ἡμᾶς
2853 3904 3075 3987 ἐθέλει

675 4028 1033 4131 Χριστὸς,
1074 4030 1493 4134 πικρότερον
1549 4027 1746 4129 οἶμαι
1801 4030 2346 4137 διασκέψασθαι
2402 4034 2571 4110 δεῖν.
2649 4033 2871 4134 διχῶς
2931 4065 3070 4111 τοι·

674 4161 946 4256 γαροῦν
1013 4154 1322 4254 νοητέον.
1399 4152 1444 4254 ἢ
1512 4152 1657 4259 γὰρ
1714 4152 1966 4259 ὥσπερ
2027 4159 2103 4236 ἐν
2162 4158 2502 4262 λογισμῷ
2559 4149 2785 4254 μηδὲν
2843 4155 3075 4260 ἔχοντι
3093 4175 3134 4236 3³

673 4282 1048 4361 παντελῶς
1099 4277 1645 4383 περιεργότερον
1699 4281 1846 4383 ἐρεῖ
1898 4314 2006 4365 τις
2064 4277 2305 4385 τυχὸν,
2365 4278 2483 4358 ἵνα
2541 4275 2674 4378 τὴν
2730 4280 2899 4381 περὶ
2964 4276 3076 4377 ἐμὲ

752 4452 840 4511 1.5
873 4436 966 4492 ἅδ’
971 4441 1086 4496 λοις
1111 4439 1177 4495 Ε.
1200 4437 1405 4510 ἀδήλως
1429 4440 1534 4496 Ed.
1826 4441 1909 4497 18.
1947 4441 2175 4531 ἀποναρκ
2187 4438 2401 4496 ’σαντας
2426 4438 2491 4493 Ε.
2497 4437 2556 4493 F.
2583 4436 2686 4493 Ed.
2709 4435 3074 4578 1118.ᾲαῖ

676 4508 926 4579 κῆσαντες
1001 4508 1054 4565 d.
1360 4528 1446 4567 20.
1481 4510 1778 4584 διαλέγεται
1803 4512 1868 4567 E.
1896 4512 2161 4586 διελέγετο
2237 4510 2291 4567 d.

679 4595 764 4647 24.
800 4581 1328 4653 προκατακλωμένους
1352 4582 1418 4639 Ε.
1443 4586 1803 4654 προσκατακλ.
1829 4582 1933 4641 Ed.
2220 4596 2306 4654 27.
2342 4576 2508 4653 χαρὰ]
2532 4579 2685 4652 χάρις
2708 4529 2986 4635 Ed.
