<?xml version="1.0" encoding="UTF-8"?>
<!DOCTYPE html PUBLIC "-//W3C//DTD XHTML 1.0 Transitional//EN"
    "http://www.w3.org/TR/xhtml1/DTD/xhtml1-transitional.dtd">
<html xmlns="http://www.w3.org/1999/xhtml" xml:lang="en" lang="en">
 <head>
  <title>
</title>
<meta http-equiv="Content-Type" content="text/html;charset=utf-8" />
  <meta name='ocr-system' content='tesseract 3.04.00' />
  <meta name='ocr-capabilities' content='ocr_page ocr_carea ocr_par ocr_line ocrx_word'/>
</head>
<body>
  <div class='ocr_page' id='page_1' title='image "./sanctipatrisnos03pusegoog_0726.png"; bbox 0 0 3238 5158; ppageno 0'>
   <div class='ocr_carea' id='block_1_1' title="bbox 290 3111 455 3242">
    <p class='ocr_par' dir='ltr' id='par_1_1' title="bbox 290 3111 455 3242">
     <span class='ocr_line' id='line_1_1' title="bbox 292 3111 455 3190; baseline 0.012 -31"><span class='ocrx_word' id='word_1_1' title='bbox 292 3111 455 3190; x_wconf 59' lang='lat' dir='ltr'><strong>§upra</strong></span> 
     </span>
     <span class='ocr_line' id='line_1_2' title="bbox 290 3193 400 3242; baseline 0.009 -16"><span class='ocrx_word' id='word_1_2' title='bbox 290 3193 324 3227; x_wconf 86' lang='grc' dir='ltr'>ι.</span> <span class='ocrx_word' id='word_1_3' title='bbox 352 3193 400 3242; x_wconf 82' lang='lat'>3.</span> 
     </span>
    </p>
   </div>
   <div class='ocr_carea' id='block_1_2' title="bbox 292 3492 457 3556">
    <p class='ocr_par' dir='ltr' id='par_1_2' title="bbox 292 3492 457 3556">
     <span class='ocr_line' id='line_1_3' title="bbox 292 3492 457 3556; baseline 0 -15"><span class='ocrx_word' id='word_1_4' title='bbox 292 3492 457 3556; x_wconf 75' lang='lat' dir='ltr'><strong>Supra</strong></span> 
     </span>
    </p>
   </div>
   <div class='ocr_carea' id='block_1_3' title="bbox 294 3572 502 3608">
    <p class='ocr_par' dir='ltr' id='par_1_3' title="bbox 294 3572 502 3608">
     <span class='ocr_line' id='line_1_4' title="bbox 294 3572 502 3608; baseline 0.014 -3"><span class='ocrx_word' id='word_1_5' title='bbox 294 3574 398 3608; x_wconf 73' lang='lat' dir='ltr'>Ver.</span> <span class='ocrx_word' id='word_1_6' title='bbox 428 3572 502 3608; x_wconf 85' lang='lat'>11.</span> 
     </span>
    </p>
   </div>
   <div class='ocr_carea' id='block_1_4' title="bbox 622 326 3026 404">
    <p class='ocr_par' dir='ltr' id='par_1_4' title="bbox 622 326 3026 404">
     <span class='ocr_line' id='line_1_5' title="bbox 622 326 3026 404; baseline -0.003 -9"><span class='ocrx_word' id='word_1_7' title='bbox 622 335 747 396; x_wconf 65' lang='lat'>714</span> <span class='ocrx_word' id='word_1_8' title='bbox 1227 333 1305 399; x_wconf 88' lang='lat' dir='ltr'>B.</span> <span class='ocrx_word' id='word_1_9' title='bbox 1351 331 1766 396; x_wconf 89' lang='lat' dir='ltr'>CYRILLI</span> <span class='ocrx_word' id='word_1_10' title='bbox 1827 330 2403 397; x_wconf 83' lang='lat' dir='ltr'>ALEXANDR.</span> <span class='ocrx_word' id='word_1_11' title='bbox 2598 326 2757 393; x_wconf 77' lang='lat' dir='ltr'>xvii.</span> <span class='ocrx_word' id='word_1_12' title='bbox 2785 326 2889 404; x_wconf 91' lang='lat'>16,</span> <span class='ocrx_word' id='word_1_13' title='bbox 2918 337 3026 400; x_wconf 82' lang='grc'>17-</span> 
     </span>
    </p>
   </div>
   <div class='ocr_carea' id='block_1_5' title="bbox 551 491 3140 4446">
    <p class='ocr_par' dir='ltr' id='par_1_5' title="bbox 551 491 3140 4446">
     <span class='ocr_line' id='line_1_6' title="bbox 623 491 3026 604; baseline -0.004 -27"><span class='ocrx_word' id='word_1_14' title='bbox 623 504 981 602; x_wconf 82' lang='grc' dir='ltr'>τηρηθῆναι</span> <span class='ocrx_word' id='word_1_15' title='bbox 1042 497 1302 579; x_wconf 82' lang='grc' dir='ltr'>λοιπὸν</span> <span class='ocrx_word' id='word_1_16' title='bbox 1356 501 1470 578; x_wconf 77' lang='grc' dir='ltr'>καὶ</span> <span class='ocrx_word' id='word_1_17' title='bbox 1534 496 1734 601; x_wconf 78' lang='grc' dir='ltr'>παρὰ</span> <span class='ocrx_word' id='word_1_18' title='bbox 1797 498 2082 598; x_wconf 80' lang='grc' dir='ltr'>Πατρὸς·</span> <span class='ocrx_word' id='word_1_19' title='bbox 2138 499 2388 604; x_wconf 79' lang='grc' dir='ltr'>ἐρωτᾷ,</span> <span class='ocrx_word' id='word_1_20' title='bbox 2447 496 2831 598; x_wconf 77' lang='grc' dir='ltr'>μονονουχὶ</span> <span class='ocrx_word' id='word_1_21' title='bbox 2890 491 3026 569; x_wconf 87' lang='grc' dir='ltr'>λε’-</span> 
     </span>
     <span class='ocr_line' id='line_1_7' title="bbox 551 616 3034 727; baseline -0.002 -26"><span class='ocrx_word' id='word_1_22' title='bbox 551 637 593 701; x_wconf 93' lang='lat' dir='ltr'>b</span> <span class='ocrx_word' id='word_1_23' title='bbox 623 657 776 724; x_wconf 92' lang='grc' dir='ltr'>γων</span> <span class='ocrx_word' id='word_1_24' title='bbox 810 619 914 702; x_wconf 44' lang='grc' dir='ltr'>’ΞΩ</span> <span class='ocrx_word' id='word_1_25' title='bbox 962 619 1271 724; x_wconf 88' lang='grc' dir='ltr'>πανάγιε</span> <span class='ocrx_word' id='word_1_26' title='bbox 1308 621 1576 723; x_wconf 86' lang='grc' dir='ltr'>Πάτερ,</span> <span class='ocrx_word' id='word_1_27' title='bbox 1626 627 1685 702; x_wconf 88' lang='grc' dir='ltr'>εἰ</span> <span class='ocrx_word' id='word_1_28' title='bbox 1731 619 1866 722; x_wconf 80' lang='grc' dir='ltr'>μὲν</span> <span class='ocrx_word' id='word_1_29' title='bbox 1920 619 2114 720; x_wconf 84' lang='grc' dir='ltr'>ἦσαν</span> <span class='ocrx_word' id='word_1_30' title='bbox 2165 623 2239 701; x_wconf 82' lang='grc' dir='ltr'>ἐν</span> <span class='ocrx_word' id='word_1_31' title='bbox 2293 618 2570 727; x_wconf 77' lang='grc' dir='ltr'>κόσμῳ,</span> <span class='ocrx_word' id='word_1_32' title='bbox 2626 616 3034 712; x_wconf 74' lang='grc' dir='ltr'>τουτέστιν,</span> 
     </span>
     <span class='ocr_line' id='line_1_8' title="bbox 622 743 3035 853; baseline -0.002 -26"><span class='ocrx_word' id='word_1_33' title='bbox 622 752 683 827; x_wconf 88' lang='grc' dir='ltr'>εἰ</span> <span class='ocrx_word' id='word_1_34' title='bbox 737 747 864 827; x_wconf 82' lang='grc' dir='ltr'>τὸν</span> <span class='ocrx_word' id='word_1_35' title='bbox 916 748 992 825; x_wconf 87' lang='grc' dir='ltr'>ἐν</span> <span class='ocrx_word' id='word_1_36' title='bbox 1042 749 1222 853; x_wconf 77' lang='grc' dir='ltr'>τῷδε</span> <span class='ocrx_word' id='word_1_37' title='bbox 1279 752 1382 853; x_wconf 75' lang='grc' dir='ltr'>τῷ</span> <span class='ocrx_word' id='word_1_38' title='bbox 1438 745 1695 853; x_wconf 76' lang='grc' dir='ltr'>κόσμῳ</span> <span class='ocrx_word' id='word_1_39' title='bbox 1746 744 2206 845; x_wconf 77' lang='grc' dir='ltr'>τετιμημένον</span> <span class='ocrx_word' id='word_1_40' title='bbox 2249 743 2490 847; x_wconf 76' lang='grc' dir='ltr'>διέζων</span> <span class='ocrx_word' id='word_1_41' title='bbox 2531 743 2717 837; x_wconf 85' lang='grc' dir='ltr'>βίον,</span> <span class='ocrx_word' id='word_1_42' title='bbox 2756 745 2818 820; x_wconf 88' lang='grc' dir='ltr'>εἰ</span> <span class='ocrx_word' id='word_1_43' title='bbox 2874 745 3035 822; x_wconf 82' lang='grc' dir='ltr'>ταῖς</span> 
     </span>
     <span class='ocr_line' id='line_1_9' title="bbox 619 864 3032 972; baseline -0.002 -23"><span class='ocrx_word' id='word_1_44' title='bbox 619 871 942 971; x_wconf 81' lang='grc' dir='ltr'>ἐπιγείοις</span> <span class='ocrx_word' id='word_1_45' title='bbox 1002 874 1117 950; x_wconf 82' lang='grc' dir='ltr'>καὶ</span> <span class='ocrx_word' id='word_1_46' title='bbox 1172 869 1647 972; x_wconf 88' lang='grc' dir='ltr'>προσκαίροις</span> <span class='ocrx_word' id='word_1_47' title='bbox 1701 869 1983 967; x_wconf 80' lang='grc' dir='ltr'>ἡδοναῖς</span> <span class='ocrx_word' id='word_1_48' title='bbox 2041 866 2169 949; x_wconf 77' lang='grc' dir='ltr'>τὸν</span> <span class='ocrx_word' id='word_1_49' title='bbox 2231 874 2485 948; x_wconf 89' lang='grc' dir='ltr'>οἰκεῖον</span> <span class='ocrx_word' id='word_1_50' title='bbox 2538 864 3032 968; x_wconf 81' lang='grc' dir='ltr'>ἐγκατασπεί-</span> 
     </span>
     <span class='ocr_line' id='line_1_10' title="bbox 620 988 3100 1095; baseline 0 -22"><span class='ocrx_word' id='word_1_51' title='bbox 620 1028 864 1095; x_wconf 91' lang='grc' dir='ltr'>ροντες</span> <span class='ocrx_word' id='word_1_52' title='bbox 927 1002 1116 1090; x_wconf 84' lang='grc' dir='ltr'>νοῦν,</span> <span class='ocrx_word' id='word_1_53' title='bbox 1174 992 1307 1092; x_wconf 85' lang='grc' dir='ltr'>τὴν</span> <span class='ocrx_word' id='word_1_54' title='bbox 1370 990 1930 1092; x_wconf 85' lang='grc' dir='ltr'>ἀκαλλεστάτην</span> <span class='ocrx_word' id='word_1_55' title='bbox 1993 1001 2124 1072; x_wconf 91' lang='grc' dir='ltr'>τοῦ</span> <span class='ocrx_word' id='word_1_56' title='bbox 2186 1000 2503 1095; x_wconf 87' lang='grc' dir='ltr'>πονηροῦ</span> <span class='ocrx_word' id='word_1_57' title='bbox 2567 988 3036 1094; x_wconf 82' lang='grc' dir='ltr'>κατέγραφον</span> <span class='ocrx_word' id='word_1_58' title='bbox 3063 1015 3100 1074; x_wconf 82' lang='grc'><strong>5</strong></span> 
     </span>
     <span class='ocr_line' id='line_1_11' title="bbox 623 1114 3035 1223; baseline -0.001 -25"><span class='ocrx_word' id='word_1_59' title='bbox 623 1115 873 1223; x_wconf 77' lang='grc' dir='ltr'>ὥσπερ</span> <span class='ocrx_word' id='word_1_60' title='bbox 932 1115 1120 1198; x_wconf 80' lang='grc' dir='ltr'>ἰδέαν</span> <span class='ocrx_word' id='word_1_61' title='bbox 1176 1119 1254 1196; x_wconf 87' lang='grc' dir='ltr'>ε’ν</span> <span class='ocrx_word' id='word_1_62' title='bbox 1307 1119 1597 1214; x_wconf 76' lang='grc' dir='ltr'>ἑαυτοῖς,</span> <span class='ocrx_word' id='word_1_63' title='bbox 1660 1118 1787 1197; x_wconf 80' lang='grc' dir='ltr'>οὐκ</span> <span class='ocrx_word' id='word_1_64' title='bbox 1852 1114 1944 1196; x_wconf 81' lang='grc' dir='ltr'>ἂν</span> <span class='ocrx_word' id='word_1_65' title='bbox 2002 1117 2278 1220; x_wconf 82' lang='grc' dir='ltr'>ἐπεφύη</span> <span class='ocrx_word' id='word_1_66' title='bbox 2336 1114 2686 1219; x_wconf 78' lang='grc' dir='ltr'>πειράζων</span> <span class='ocrx_word' id='word_1_67' title='bbox 2741 1117 3035 1208; x_wconf 85' lang='grc' dir='ltr'>ἐκεῖνος,</span> 
     </span>
     <span class='ocr_line' id='line_1_12' title="bbox 624 1237 3032 1348; baseline -0.003 -27"><span class='ocrx_word' id='word_1_68' title='bbox 624 1242 795 1321; x_wconf 80' lang='grc' dir='ltr'>ἀλλ’</span> <span class='ocrx_word' id='word_1_69' title='bbox 836 1243 986 1322; x_wconf 78' lang='grc' dir='ltr'>οὐδ’</span> <span class='ocrx_word' id='word_1_70' title='bbox 1027 1241 1116 1321; x_wconf 80' lang='grc' dir='ltr'>ἂν</span> <span class='ocrx_word' id='word_1_71' title='bbox 1152 1250 1298 1325; x_wconf 88' lang='grc' dir='ltr'>τοῖς</span> <span class='ocrx_word' id='word_1_72' title='bbox 1349 1242 1546 1326; x_wconf 86' lang='grc' dir='ltr'>ἰδίοις</span> <span class='ocrx_word' id='word_1_73' title='bbox 1596 1239 1810 1325; x_wconf 81' lang='grc' dir='ltr'>αὐτὸς</span> <span class='ocrx_word' id='word_1_74' title='bbox 1856 1241 2286 1348; x_wconf 81' lang='grc' dir='ltr'>ἐξωπλίσθη</span> <span class='ocrx_word' id='word_1_75' title='bbox 2321 1240 2609 1335; x_wconf 79' lang='grc' dir='ltr'>τέκνοις,</span> <span class='ocrx_word' id='word_1_76' title='bbox 2644 1244 2777 1334; x_wconf 82' lang='grc' dir='ltr'>τῆς</span> <span class='ocrx_word' id='word_1_77' title='bbox 2822 1237 3032 1316; x_wconf 75' lang='grc' dir='ltr'>ἐνού·</span> 
     </span>
     <span class='ocr_line' id='line_1_13' title="bbox 622 1360 3036 1473; baseline -0.003 -24"><span class='ocrx_word' id='word_1_78' title='bbox 622 1400 763 1465; x_wconf 86' lang='grc' dir='ltr'>σης</span> <span class='ocrx_word' id='word_1_79' title='bbox 819 1367 1011 1473; x_wconf 76' lang='grc' dir='ltr'>αὐτῷ</span> <span class='ocrx_word' id='word_1_80' title='bbox 1069 1364 1526 1473; x_wconf 87' lang='grc' dir='ltr'>φαυλότητος</span> <span class='ocrx_word' id='word_1_81' title='bbox 1579 1367 1656 1444; x_wconf 85' lang='grc' dir='ltr'>ἐν</span> <span class='ocrx_word' id='word_1_82' title='bbox 1701 1364 1938 1447; x_wconf 80' lang='grc' dir='ltr'>αὐτοῖς</span> <span class='ocrx_word' id='word_1_83' title='bbox 1991 1363 2175 1469; x_wconf 77' lang='grc' dir='ltr'>ἔχων</span> <span class='ocrx_word' id='word_1_84' title='bbox 2217 1363 2350 1463; x_wconf 85' lang='grc' dir='ltr'>τὴν</span> <span class='ocrx_word' id='word_1_85' title='bbox 2382 1363 2710 1463; x_wconf 84' lang='grc' dir='ltr'>μίμησιν·</span> <span class='ocrx_word' id='word_1_86' title='bbox 2788 1360 3036 1459; x_wconf 85' lang='grc' dir='ltr'>ἐπειδὴ</span> 
     </span>
     <span class='ocr_line' id='line_1_14' title="bbox 625 1486 3036 1594; baseline -0.001 -25"><span class='ocrx_word' id='word_1_87' title='bbox 625 1489 699 1569; x_wconf 80' lang='grc' dir='ltr'>δὲ</span> <span class='ocrx_word' id='word_1_88' title='bbox 775 1491 936 1569; x_wconf 89' lang='grc' dir='ltr'>καθ’</span> <span class='ocrx_word' id='word_1_89' title='bbox 996 1489 1379 1589; x_wconf 85' lang='grc' dir='ltr'>ὁμοιότητα</span> <span class='ocrx_word' id='word_1_90' title='bbox 1444 1493 1560 1568; x_wconf 84' lang='grc' dir='ltr'>καὶ</span> <span class='ocrx_word' id='word_1_91' title='bbox 1626 1489 1826 1568; x_wconf 78' lang='grc' dir='ltr'>αὐτοὶ</span> <span class='ocrx_word' id='word_1_92' title='bbox 1891 1487 2025 1587; x_wconf 83' lang='grc' dir='ltr'>τὴν</span> <span class='ocrx_word' id='word_1_93' title='bbox 2089 1486 2286 1587; x_wconf 86' lang='grc' dir='ltr'>ἐμὴν,</span> <span class='ocrx_word' id='word_1_94' title='bbox 2340 1486 2475 1588; x_wconf 82' lang='grc' dir='ltr'>τὴν</span> <span class='ocrx_word' id='word_1_95' title='bbox 2536 1490 2612 1566; x_wconf 87' lang='grc' dir='ltr'>ἐν</span> <span class='ocrx_word' id='word_1_96' title='bbox 2676 1491 2860 1594; x_wconf 77' lang='grc' dir='ltr'>τῷδε</span> <span class='ocrx_word' id='word_1_97' title='bbox 2927 1493 3036 1593; x_wconf 75' lang='grc' dir='ltr'>τῷ</span> 
     </span>
     <span class='ocr_line' id='line_1_15' title="bbox 564 1610 3140 1721; baseline -0.003 -25"><span class='ocrx_word' id='word_1_98' title='bbox 564 1655 599 1696; x_wconf 85' lang='lat' dir='ltr'>c</span> <span class='ocrx_word' id='word_1_99' title='bbox 626 1612 879 1721; x_wconf 75' lang='grc' dir='ltr'>κόσμῳ</span> <span class='ocrx_word' id='word_1_100' title='bbox 929 1618 1396 1715; x_wconf 78' lang='grc' dir='ltr'>διαγελῶντες</span> <span class='ocrx_word' id='word_1_101' title='bbox 1443 1612 1748 1712; x_wconf 85' lang='grc' dir='ltr'>ἀπάτην,</span> <span class='ocrx_word' id='word_1_102' title='bbox 1785 1612 1927 1719; x_wconf 82' lang='grc' dir='ltr'>ἔξω</span> <span class='ocrx_word' id='word_1_103' title='bbox 1969 1647 2045 1693; x_wconf 94' lang='grc' dir='ltr'>τε</span> <span class='ocrx_word' id='word_1_104' title='bbox 2088 1610 2343 1718; x_wconf 58' lang='lat' dir='ltr'>nbc-pov</span> <span class='ocrx_word' id='word_1_105' title='bbox 2379 1610 2751 1714; x_wconf 83' lang='grc' dir='ltr'>γεγόνασι,</span> <span class='ocrx_word' id='word_1_106' title='bbox 2789 1613 2914 1691; x_wconf 80' lang='grc' dir='ltr'>καὶ</span> <span class='ocrx_word' id='word_1_107' title='bbox 2946 1611 3036 1692; x_wconf 79' lang='grc' dir='ltr'>τὸ</span> <span class='ocrx_word' id='word_1_108' title='bbox 3070 1647 3140 1688; x_wconf 85' lang='grc' dir='ltr'>ιο</span> 
     </span>
     <span class='ocr_line' id='line_1_16' title="bbox 625 1735 3040 1844; baseline -0 -28"><span class='ocrx_word' id='word_1_109' title='bbox 625 1742 752 1836; x_wconf 84' lang='grc' dir='ltr'>τῆς</span> <span class='ocrx_word' id='word_1_110' title='bbox 827 1740 995 1837; x_wconf 84' lang='grc' dir='ltr'>ἐμῆς</span> <span class='ocrx_word' id='word_1_111' title='bbox 1061 1739 1500 1839; x_wconf 83' lang='grc' dir='ltr'>ἀσυγκρίτου</span> <span class='ocrx_word' id='word_1_112' title='bbox 1575 1736 2050 1844; x_wconf 89' lang='grc' dir='ltr'>φαιδρότητος</span> <span class='ocrx_word' id='word_1_113' title='bbox 2125 1735 2699 1842; x_wconf 77' lang='grc' dir='ltr'>διαφανέστατον</span> <span class='ocrx_word' id='word_1_114' title='bbox 2767 1739 3040 1840; x_wconf 84' lang='grc' dir='ltr'>σχῆμα</span> 
     </span>
     <span class='ocr_line' id='line_1_17' title="bbox 627 1857 3039 1966; baseline 0 -28"><span class='ocrx_word' id='word_1_115' title='bbox 627 1862 886 1942; x_wconf 83' lang='grc' dir='ltr'>λοιπὸν</span> <span class='ocrx_word' id='word_1_116' title='bbox 946 1864 1023 1942; x_wconf 87' lang='grc' dir='ltr'>ἐν</span> <span class='ocrx_word' id='word_1_117' title='bbox 1094 1861 1365 1944; x_wconf 78' lang='grc' dir='ltr'>οἰκείοις</span> <span class='ocrx_word' id='word_1_118' title='bbox 1430 1859 1958 1956; x_wconf 84' lang='grc' dir='ltr'>ἀναμάττονται</span> <span class='ocrx_word' id='word_1_119' title='bbox 2020 1859 2333 1962; x_wconf 85' lang='grc' dir='ltr'>τρόποις,</span> <span class='ocrx_word' id='word_1_120' title='bbox 2398 1857 2702 1966; x_wconf 76' lang='grc' dir='ltr'>ἔφεδρόν</span> <span class='ocrx_word' id='word_1_121' title='bbox 2764 1893 2848 1939; x_wconf 88' lang='grc' dir='ltr'>τε</span> <span class='ocrx_word' id='word_1_122' title='bbox 2915 1858 3039 1939; x_wconf 76' lang='grc' dir='ltr'>διὰ</span> 
     </span>
     <span class='ocr_line' id='line_1_18' title="bbox 625 1982 3034 2088; baseline -0.001 -23"><span class='ocrx_word' id='word_1_123' title='bbox 625 1993 837 2065; x_wconf 90' lang='grc' dir='ltr'>τοῦτο</span> <span class='ocrx_word' id='word_1_124' title='bbox 890 1987 1008 2064; x_wconf 82' lang='grc' dir='ltr'>καὶ</span> <span class='ocrx_word' id='word_1_125' title='bbox 1062 1985 1604 2084; x_wconf 83' lang='grc' dir='ltr'>πολεμιώτατον</span> <span class='ocrx_word' id='word_1_126' title='bbox 1643 1983 1891 2088; x_wconf 81' lang='grc' dir='ltr'>ἔχουσι</span> <span class='ocrx_word' id='word_1_127' title='bbox 1947 1982 2072 2064; x_wconf 82' lang='grc' dir='ltr'>τὸν</span> <span class='ocrx_word' id='word_1_128' title='bbox 2119 1986 2225 2063; x_wconf 83' lang='grc' dir='ltr'>ἀεὶ</span> <span class='ocrx_word' id='word_1_129' title='bbox 2275 1992 2424 2068; x_wconf 90' lang='grc' dir='ltr'>τοῖς</span> <span class='ocrx_word' id='word_1_130' title='bbox 2471 1984 2699 2084; x_wconf 81' lang='grc' dir='ltr'>ἁγίοις</span> <span class='ocrx_word' id='word_1_131' title='bbox 2752 1985 3034 2084; x_wconf 82' lang='grc' dir='ltr'>ἐπιτρί-</span> 
     </span>
     <span class='ocr_line' id='line_1_19' title="bbox 624 2106 3032 2211; baseline -0 -24"><span class='ocrx_word' id='word_1_132' title='bbox 624 2109 835 2208; x_wconf 62' lang='lat' dir='ltr'><strong><em>§bura</em></strong></span> <span class='ocrx_word' id='word_1_133' title='bbox 899 2115 1246 2206; x_wconf 86' lang='grc' dir='ltr'>σατανᾶν,</span> <span class='ocrx_word' id='word_1_134' title='bbox 1314 2112 1801 2211; x_wconf 89' lang='grc' dir='ltr'>διατηρεῖσθαι</span> <span class='ocrx_word' id='word_1_135' title='bbox 1862 2107 2121 2188; x_wconf 93' lang='grc' dir='ltr'>λοιπον</span> <span class='ocrx_word' id='word_1_136' title='bbox 2176 2108 2576 2208; x_wconf 84' lang='grc' dir='ltr'>ἀναγκαίως</span> <span class='ocrx_word' id='word_1_137' title='bbox 2633 2106 3032 2205; x_wconf 82' lang='grc' dir='ltr'>βούλομαι·</span> 
     </span>
     <span class='ocr_line' id='line_1_20' title="bbox 623 2232 3138 2338; baseline -0.001 -27"><span class='ocrx_word' id='word_1_138' title='bbox 623 2237 1110 2333; x_wconf 86' lang='grc' dir='ltr'>διατηρεῖσθαι</span> <span class='ocrx_word' id='word_1_139' title='bbox 1166 2232 1251 2312; x_wconf 84' lang='grc' dir='ltr'>δέ</span> <span class='ocrx_word' id='word_1_140' title='bbox 1294 2267 1450 2316; x_wconf 92' lang='grc' dir='ltr'>πως</span> <span class='ocrx_word' id='word_1_141' title='bbox 1503 2235 1629 2312; x_wconf 86' lang='grc' dir='ltr'>οὑκ</span> <span class='ocrx_word' id='word_1_142' title='bbox 1686 2232 1845 2312; x_wconf 80' lang='grc' dir='ltr'>ἔστι</span> <span class='ocrx_word' id='word_1_143' title='bbox 1900 2234 2069 2338; x_wconf 84' lang='grc' dir='ltr'>δίχα</span> <span class='ocrx_word' id='word_1_144' title='bbox 2119 2237 2246 2330; x_wconf 85' lang='grc' dir='ltr'>τῆς</span> <span class='ocrx_word' id='word_1_145' title='bbox 2309 2233 2628 2326; x_wconf 66' lang='grc' dir='ltr'>ἀληθείας</span> <span class='ocrx_word' id='word_1_146' title='bbox 2678 2237 2808 2331; x_wconf 83' lang='grc' dir='ltr'>τῆς</span> <span class='ocrx_word' id='word_1_147' title='bbox 2865 2238 3035 2332; x_wconf 81' lang='grc' dir='ltr'>σῆς,</span> <span class='ocrx_word' id='word_1_148' title='bbox 3071 2265 3138 2322; x_wconf 88' lang='lat'>15</span> 
     </span>
     <span class='ocr_line' id='line_1_21' title="bbox 623 2355 3038 2505; baseline 0 -70"><span class='ocrx_word' id='word_1_149' title='bbox 623 2355 995 2435; x_wconf 82' lang='grc' dir='ltr'>τουτέστιν</span> <span class='ocrx_word' id='word_1_150' title='bbox 1050 2358 1244 2453; x_wconf 85' lang='grc' dir='ltr'>ἐμοῦ.</span> <span class='ocrx_word' id='word_1_151' title='bbox 1330 2359 1467 2453; x_wconf 81' lang='grc' dir='ltr'>εἰμί</span> <span class='ocrx_word' id='word_1_152' title='bbox 1529 2390 1674 2461; x_wconf 91' lang='grc' dir='ltr'>γαρ</span> <span class='ocrx_word' id='word_1_153' title='bbox 1732 2355 1874 2458; x_wconf 86' lang='grc' dir='ltr'>ἐγω</span> <span class='ocrx_word' id='word_1_154' title='bbox 1932 2390 2116 2435; x_wconf 88' lang='grc' dir='ltr'>κατα</span> <span class='ocrx_word' id='word_1_155' title='bbox 2174 2356 2402 2505; x_wconf 84' lang='grc' dir='ltr'>φύσιν</span> <span class='ocrx_word' id='word_1_156' title='bbox 2461 2355 2742 2446; x_wconf 61' lang='grc' dir='ltr'>ἀληθειαν.</span> <span class='ocrx_word' id='word_1_157' title='bbox 2799 2356 3038 2457; x_wconf 74' lang='grc' dir='ltr'>σὴ,ω</span> 
     </span>
     <span class='ocr_line' id='line_1_22' title="bbox 627 2477 2781 2585; baseline 0.002 -24"><span class='ocrx_word' id='word_1_158' title='bbox 627 2477 960 2584; x_wconf 85' lang='grc' dir='ltr'>Πάτερ,</span> <span class='ocrx_word' id='word_1_159' title='bbox 930 2515 970 2561; x_wconf 94' lang='grc' dir='ltr'>ο</span> <span class='ocrx_word' id='word_1_160' title='bbox 1008 2481 1362 2579; x_wconf 83' lang='grc' dir='ltr'>οὐσιωδης</span> <span class='ocrx_word' id='word_1_161' title='bbox 1397 2515 1473 2560; x_wconf 89' lang='grc' dir='ltr'>τε</span> <span class='ocrx_word' id='word_1_162' title='bbox 1513 2515 1628 2559; x_wconf 86' lang='grc' dir='ltr'>και</span> <span class='ocrx_word' id='word_1_163' title='bbox 1665 2479 1804 2585; x_wconf 77' lang='grc' dir='ltr'>ζῶν</span> <span class='ocrx_word' id='word_1_164' title='bbox 1841 2484 1959 2560; x_wconf 84' lang='grc' dir='ltr'>καὶ</span> <span class='ocrx_word' id='word_1_165' title='bbox 1995 2480 2479 2564; x_wconf 87' lang='grc' dir='ltr'>ἐνυπόστατος</span> <span class='ocrx_word' id='word_1_166' title='bbox 2519 2479 2781 2582; x_wconf 83' lang='grc' dir='ltr'>Λόγος.</span> 
     </span>
     <span class='ocr_line' id='line_1_23' title="bbox 744 2604 3035 2707; baseline 0 -23"><span class='ocrx_word' id='word_1_167' title='bbox 744 2608 888 2685; x_wconf 81' lang='grc' dir='ltr'>Καὶ</span> <span class='ocrx_word' id='word_1_168' title='bbox 942 2609 1146 2685; x_wconf 82' lang='grc' dir='ltr'>ταυτὶ</span> <span class='ocrx_word' id='word_1_169' title='bbox 1211 2606 1340 2701; x_wconf 81' lang='grc' dir='ltr'>μὲν</span> <span class='ocrx_word' id='word_1_170' title='bbox 1396 2604 1635 2707; x_wconf 82' lang='grc' dir='ltr'>λέγειν</span> <span class='ocrx_word' id='word_1_171' title='bbox 1698 2605 1974 2685; x_wconf 84' lang='grc' dir='ltr'>οἴεσθαι</span> <span class='ocrx_word' id='word_1_172' title='bbox 2042 2610 2187 2684; x_wconf 85' lang='grc' dir='ltr'>δεῖν</span> <span class='ocrx_word' id='word_1_173' title='bbox 2248 2605 2729 2704; x_wconf 82' lang='grc' dir='ltr'>ὑποτοπητέον</span> <span class='ocrx_word' id='word_1_174' title='bbox 2793 2604 3035 2685; x_wconf 81' lang='grc' dir='ltr'>αὐτόν·</span> 
     </span>
     <span class='ocr_line' id='line_1_24' title="bbox 560 2727 3040 2827; baseline 0 -20"><span class='ocrx_word' id='word_1_175' title='bbox 560 2753 602 2818; x_wconf 83' lang='lat' dir='ltr'>d</span> <span class='ocrx_word' id='word_1_176' title='bbox 627 2728 857 2824; x_wconf 79' lang='grc' dir='ltr'>βλέπε</span> <span class='ocrx_word' id='word_1_177' title='bbox 927 2728 1002 2809; x_wconf 84' lang='grc' dir='ltr'>δὲ</span> <span class='ocrx_word' id='word_1_178' title='bbox 1061 2730 1255 2813; x_wconf 79' lang='grc' dir='ltr'>ὅπως</span> <span class='ocrx_word' id='word_1_179' title='bbox 1322 2728 1437 2809; x_wconf 82' lang='grc' dir='ltr'>διὰ</span> <span class='ocrx_word' id='word_1_180' title='bbox 1499 2727 1812 2827; x_wconf 89' lang='grc' dir='ltr'>πάντων,</span> <span class='ocrx_word' id='word_1_181' title='bbox 1880 2732 2003 2812; x_wconf 86' lang='grc' dir='ltr'>ὡς·</span> <span class='ocrx_word' id='word_1_182' title='bbox 2049 2729 2216 2813; x_wconf 78' lang='grc' dir='ltr'>ἔπος</span> <span class='ocrx_word' id='word_1_183' title='bbox 2287 2734 2530 2823; x_wconf 84' lang='grc' dir='ltr'>εἰπεῖν,</span> <span class='ocrx_word' id='word_1_184' title='bbox 2593 2736 2739 2808; x_wconf 81' lang='grc' dir='ltr'>τῶν</span> <span class='ocrx_word' id='word_1_185' title='bbox 2815 2732 3040 2810; x_wconf 82' lang='grc' dir='ltr'>αὑτοῦ</span> 
     </span>
     <span class='ocr_line' id='line_1_25' title="bbox 627 2851 3136 2959; baseline 0 -28"><span class='ocrx_word' id='word_1_186' title='bbox 627 2851 872 2955; x_wconf 85' lang='grc' dir='ltr'>λόγων</span> <span class='ocrx_word' id='word_1_187' title='bbox 909 2858 999 2957; x_wconf 81' lang='grc' dir='ltr'>τῇ</span> <span class='ocrx_word' id='word_1_188' title='bbox 1052 2861 1181 2932; x_wconf 86' lang='grc' dir='ltr'>τοῦ</span> <span class='ocrx_word' id='word_1_189' title='bbox 1220 2853 1509 2955; x_wconf 83' lang='grc' dir='ltr'>Πατρὸς</span> <span class='ocrx_word' id='word_1_190' title='bbox 1566 2852 1900 2959; x_wconf 75' lang='grc' dir='ltr'>ἐνεργείᾳ,</span> <span class='ocrx_word' id='word_1_191' title='bbox 1936 2857 2024 2958; x_wconf 77' lang='grc' dir='ltr'>τῇ</span> <span class='ocrx_word' id='word_1_192' title='bbox 2079 2851 2261 2931; x_wconf 84' lang='grc' dir='ltr'>κατά</span> <span class='ocrx_word' id='word_1_193' title='bbox 2310 2887 2378 2931; x_wconf 91' lang='grc' dir='ltr'>τι</span> <span class='ocrx_word' id='word_1_194' title='bbox 2426 2861 2604 2953; x_wconf 91' lang='grc' dir='ltr'>γοῦν</span> <span class='ocrx_word' id='word_1_195' title='bbox 2648 2852 3031 2959; x_wconf 77' lang='grc' dir='ltr'>νοουμένῃ,</span> <span class='ocrx_word' id='word_1_196' title='bbox 3065 2894 3136 2934; x_wconf 86' lang='lat'>20</span> 
     </span>
     <span class='ocr_line' id='line_1_26' title="bbox 627 2973 3037 3079; baseline 0.002 -23"><span class='ocrx_word' id='word_1_197' title='bbox 627 2977 710 3056; x_wconf 83' lang='grc' dir='ltr'>τὸ</span> <span class='ocrx_word' id='word_1_198' title='bbox 803 2983 1056 3055; x_wconf 84' lang='grc' dir='ltr'>οἰκεῖον</span> <span class='ocrx_word' id='word_1_199' title='bbox 1145 2975 1642 3079; x_wconf 81' lang='grc' dir='ltr'>παρεισδύσας</span> <span class='ocrx_word' id='word_1_200' title='bbox 1728 2975 2148 3077; x_wconf 87' lang='grc' dir='ltr'>πρόσωπον,</span> <span class='ocrx_word' id='word_1_201' title='bbox 2223 2973 2636 3077; x_wconf 88' lang='grc' dir='ltr'>συνεισάγει</span> <span class='ocrx_word' id='word_1_202' title='bbox 2720 2977 3037 3071; x_wconf 81' lang='grc' dir='ltr'>πάντως,</span> 
     </span>
     <span class='ocr_line' id='line_1_27' title="bbox 627 3098 3040 3205; baseline 0.001 -27"><span class='ocrx_word' id='word_1_203' title='bbox 627 3098 846 3179; x_wconf 87' lang='grc' dir='ltr'>ἐκεῖνό</span> <span class='ocrx_word' id='word_1_204' title='bbox 900 3134 1043 3180; x_wconf 89' lang='grc' dir='ltr'>που</span> <span class='ocrx_word' id='word_1_205' title='bbox 1099 3098 1287 3205; x_wconf 88' lang='grc' dir='ltr'>τάχα</span> <span class='ocrx_word' id='word_1_206' title='bbox 1339 3099 1810 3204; x_wconf 82' lang='grc' dir='ltr'>παραδεικνῦς</span> <span class='ocrx_word' id='word_1_207' title='bbox 1859 3100 2213 3200; x_wconf 72' lang='grc' dir='ltr'>ἁληθὲς“’</span> <span class='ocrx_word' id='word_1_208' title='bbox 2174 3135 2284 3180; x_wconf 92' lang='grc' dir='ltr'>οτι</span> <span class='ocrx_word' id='word_1_209' title='bbox 2339 3099 2641 3180; x_wconf 84' lang='grc' dir='ltr'>“πάντα</span> <span class='ocrx_word' id='word_1_210' title='bbox 2686 3103 2772 3179; x_wconf 84' lang='grc' dir='ltr'>δι’</span> <span class='ocrx_word' id='word_1_211' title='bbox 2815 3103 3040 3181; x_wconf 78' lang='grc' dir='ltr'>αὑτοῦ</span> 
     </span>
     <span class='ocr_line' id='line_1_28' title="bbox 631 3222 3041 3378; baseline 0.002 -75"><span class='ocrx_word' id='word_1_212' title='bbox 631 3235 673 3273; x_wconf 84' lang='grc'><strong>“</strong></span> <span class='ocrx_word' id='word_1_213' title='bbox 708 3224 1002 3378; x_wconf 83' lang='grc' dir='ltr'>ἐγένετο,</span> <span class='ocrx_word' id='word_1_214' title='bbox 1040 3228 1155 3304; x_wconf 83' lang='grc' dir='ltr'>καὶ</span> <span class='ocrx_word' id='word_1_215' title='bbox 1199 3259 1416 3329; x_wconf 87' lang='grc' dir='ltr'>χωρις</span> <span class='ocrx_word' id='word_1_216' title='bbox 1461 3226 1681 3304; x_wconf 80' lang='grc' dir='ltr'>αὐτοῦ</span> <span class='ocrx_word' id='word_1_217' title='bbox 1716 3222 1993 3325; x_wconf 84' lang='grc' dir='ltr'>ἐγένετο</span> <span class='ocrx_word' id='word_1_218' title='bbox 2031 3223 2190 3304; x_wconf 77' lang='grc' dir='ltr'>οὐδὲ</span> <span class='ocrx_word' id='word_1_219' title='bbox 2229 3225 2373 3304; x_wconf 82' lang='grc' dir='ltr'>ἕν.’</span> <span class='ocrx_word' id='word_1_220' title='bbox 2336 3225 2373 3251; x_wconf 85' lang='grc'><em>”</em></span> <span class='ocrx_word' id='word_1_221' title='bbox 2442 3226 2519 3303; x_wconf 90' lang='grc' dir='ltr'>ἐν</span> <span class='ocrx_word' id='word_1_222' title='bbox 2553 3225 2685 3322; x_wconf 78' lang='grc' dir='ltr'>μὲν</span> <span class='ocrx_word' id='word_1_223' title='bbox 2723 3225 2855 3306; x_wconf 78' lang='grc' dir='ltr'>οὖν</span> <span class='ocrx_word' id='word_1_224' title='bbox 2886 3233 3041 3310; x_wconf 82' lang='grc' dir='ltr'>τοῖς</span> 
     </span>
     <span class='ocr_line' id='line_1_29' title="bbox 630 3345 3040 3453; baseline -0 -24"><span class='ocrx_word' id='word_1_225' title='bbox 630 3349 870 3429; x_wconf 84' lang='grc' dir='ltr'>ὀπίσω</span> <span class='ocrx_word' id='word_1_226' title='bbox 925 3345 1165 3453; x_wconf 82' lang='grc' dir='ltr'>βραχυ</span> <span class='ocrx_word' id='word_1_227' title='bbox 1200 3354 1570 3452; x_wconf 90' lang='grc' dir='ltr'>τηρεῖσθαι</span> <span class='ocrx_word' id='word_1_228' title='bbox 1592 3348 1757 3432; x_wconf 78' lang='grc' dir='ltr'>τοὺς</span> <span class='ocrx_word' id='word_1_229' title='bbox 1814 3348 2137 3449; x_wconf 82' lang='grc' dir='ltr'>μαθητὰς</span> <span class='ocrx_word' id='word_1_230' title='bbox 2171 3384 2368 3450; x_wconf 89' lang='grc' dir='ltr'>παρα</span> <span class='ocrx_word' id='word_1_231' title='bbox 2405 3358 2533 3429; x_wconf 93' lang='grc' dir='ltr'>τοῦ</span> <span class='ocrx_word' id='word_1_232' title='bbox 2570 3351 2748 3430; x_wconf 87' lang='grc' dir='ltr'>ἰδίου</span> <span class='ocrx_word' id='word_1_233' title='bbox 2783 3348 3040 3451; x_wconf 74' lang='grc' dir='ltr'>γεννή-</span> 
     </span>
     <span class='ocr_line' id='line_1_30' title="bbox 631 3470 3132 3579; baseline 0.002 -27"><span class='ocrx_word' id='word_1_234' title='bbox 631 3508 838 3575; x_wconf 91' lang='grc' dir='ltr'>τορος</span> <span class='ocrx_word' id='word_1_235' title='bbox 903 3476 977 3553; x_wconf 90' lang='grc' dir='ltr'>ἐν</span> <span class='ocrx_word' id='word_1_236' title='bbox 1041 3470 1336 3570; x_wconf 85' lang='grc' dir='ltr'>ὀνόματι</span> <span class='ocrx_word' id='word_1_237' title='bbox 1393 3472 1780 3574; x_wconf 83' lang='grc' dir='ltr'>παρεκάλει</span> <span class='ocrx_word' id='word_1_238' title='bbox 1842 3475 1944 3579; x_wconf 76' lang='grc' dir='ltr'>τῷ</span> <span class='ocrx_word' id='word_1_239' title='bbox 2012 3471 2290 3552; x_wconf 81' lang='grc' dir='ltr'>δοθέντι</span> <span class='ocrx_word' id='word_1_240' title='bbox 2355 3473 2575 3579; x_wconf 75' lang='grc' dir='ltr'>αὐτῷ·</span> <span class='ocrx_word' id='word_1_241' title='bbox 2673 3475 2750 3553; x_wconf 87' lang='grc' dir='ltr'>ἐν</span> <span class='ocrx_word' id='word_1_242' title='bbox 2808 3471 2893 3553; x_wconf 77' lang='grc' dir='ltr'>δέ</span> <span class='ocrx_word' id='word_1_243' title='bbox 2957 3508 3038 3575; x_wconf 84' lang='grc' dir='ltr'>γε</span> <span class='ocrx_word' id='word_1_244' title='bbox 3065 3496 3132 3557; x_wconf 78' lang='lat'>²5</span> 
     </span>
     <span class='ocr_line' id='line_1_31' title="bbox 632 3593 3040 3711; baseline 0 -35"><span class='ocrx_word' id='word_1_245' title='bbox 632 3596 928 3692; x_wconf 84' lang='grc' dir='ltr'>τούτοις,</span> <span class='ocrx_word' id='word_1_246' title='bbox 968 3598 1027 3677; x_wconf 78' lang='grc' dir='ltr'>ἐν</span> <span class='ocrx_word' id='word_1_247' title='bbox 1073 3606 1150 3711; x_wconf 74' lang='grc' dir='ltr'>τῇ</span> <span class='ocrx_word' id='word_1_248' title='bbox 1205 3593 1489 3705; x_wconf 68' lang='grc' dir='ltr'>ἀληθείᾳ.</span> <span class='ocrx_word' id='word_1_249' title='bbox 1533 3603 1662 3675; x_wconf 91' lang='grc' dir='ltr'>τοῦ</span> <span class='ocrx_word' id='word_1_250' title='bbox 1704 3594 1996 3698; x_wconf 80' lang='grc' dir='ltr'>Πατρὸς</span> <span class='ocrx_word' id='word_1_251' title='bbox 2048 3595 2180 3695; x_wconf 83' lang='grc' dir='ltr'>τὴν</span> <span class='ocrx_word' id='word_1_252' title='bbox 2226 3595 2403 3701; x_wconf 80' lang='grc' dir='ltr'>ὑπὲρ</span> <span class='ocrx_word' id='word_1_253' title='bbox 2457 3599 2694 3677; x_wconf 77' lang='grc' dir='ltr'>αὐτῶν</span> <span class='ocrx_word' id='word_1_254' title='bbox 2747 3597 3040 3698; x_wconf 78' lang='grc' dir='ltr'>αἴτησιν</span> 
     </span>
     <span class='ocr_line' id='line_1_32' title="bbox 633 3718 3038 3822; baseline 0.002 -25"><span class='ocrx_word' id='word_1_255' title='bbox 633 3725 1096 3821; x_wconf 88' lang='grc' dir='ltr'>πληροῦσθαι</span> <span class='ocrx_word' id='word_1_256' title='bbox 1142 3718 1509 3813; x_wconf 83' lang='grc' dir='ltr'>βούλεται.</span> <span class='ocrx_word' id='word_1_257' title='bbox 1591 3720 1668 3800; x_wconf 91' lang='grc' dir='ltr'>τί</span> <span class='ocrx_word' id='word_1_258' title='bbox 1710 3721 1835 3800; x_wconf 78' lang='grc' dir='ltr'>οὖν</span> <span class='ocrx_word' id='word_1_259' title='bbox 1872 3718 2012 3822; x_wconf 78' lang='grc' dir='ltr'>ἄρα</span> <span class='ocrx_word' id='word_1_260' title='bbox 2060 3724 2177 3800; x_wconf 84' lang='grc' dir='ltr'>καὶ</span> <span class='ocrx_word' id='word_1_261' title='bbox 2223 3718 2437 3801; x_wconf 86' lang='grc' dir='ltr'>τοῦτό</span> <span class='ocrx_word' id='word_1_262' title='bbox 2483 3723 2711 3817; x_wconf 87' lang='grc' dir='ltr'>ἐστιν,</span> <span class='ocrx_word' id='word_1_263' title='bbox 2750 3719 2799 3821; x_wconf 83' lang='grc' dir='ltr'>ἢ</span> <span class='ocrx_word' id='word_1_264' title='bbox 2834 3722 2914 3801; x_wconf 85' lang='grc' dir='ltr'>τί</span> <span class='ocrx_word' id='word_1_265' title='bbox 2950 3720 3038 3801; x_wconf 79' lang='grc' dir='ltr'>τὸ</span> 
     </span>
     <span class='ocr_line' id='line_1_33' title="bbox 574 3841 3040 3945; baseline 0.001 -22"><span class='ocrx_word' id='word_1_266' title='bbox 574 3878 610 3923; x_wconf 81' lang='lat' dir='ltr'><strong>e</strong></span> <span class='ocrx_word' id='word_1_267' title='bbox 633 3842 967 3923; x_wconf 86' lang='grc' dir='ltr'>ποικίλον</span> <span class='ocrx_word' id='word_1_268' title='bbox 1014 3849 1159 3922; x_wconf 83' lang='grc' dir='ltr'>τῶν</span> <span class='ocrx_word' id='word_1_269' title='bbox 1204 3844 1449 3945; x_wconf 87' lang='grc' dir='ltr'>λόγων</span> <span class='ocrx_word' id='word_1_270' title='bbox 1496 3841 1891 3939; x_wconf 83' lang='grc' dir='ltr'>βούλεται;</span> <span class='ocrx_word' id='word_1_271' title='bbox 1952 3845 2036 3923; x_wconf 81' lang='grc' dir='ltr'>οὐ</span> <span class='ocrx_word' id='word_1_272' title='bbox 2090 3843 2260 3943; x_wconf 89' lang='grc' dir='ltr'>μίαν</span> <span class='ocrx_word' id='word_1_273' title='bbox 2307 3845 2538 3925; x_wconf 75' lang='grc' dir='ltr'>οὖσαν</span> <span class='ocrx_word' id='word_1_274' title='bbox 2582 3845 3040 3927; x_wconf 79' lang='grc' dir='ltr'>ἐπιδεικνύειν</span> 
     </span>
     <span class='ocr_line' id='line_1_34' title="bbox 634 3965 3043 4076; baseline 0.002 -31"><span class='ocrx_word' id='word_1_275' title='bbox 634 3965 768 4066; x_wconf 88' lang='grc' dir='ltr'>τὴν</span> <span class='ocrx_word' id='word_1_276' title='bbox 803 3965 1004 4070; x_wconf 81' lang='grc' dir='ltr'>παρὰ</span> <span class='ocrx_word' id='word_1_277' title='bbox 1041 3966 1336 4069; x_wconf 85' lang='grc' dir='ltr'>Πατρὸς</span> <span class='ocrx_word' id='word_1_278' title='bbox 1372 3968 1728 4072; x_wconf 74' lang='grc' dir='ltr'>ἐνέργειαν</span> <span class='ocrx_word' id='word_1_279' title='bbox 1764 3969 1847 4047; x_wconf 87' lang='grc' dir='ltr'>δι’</span> <span class='ocrx_word' id='word_1_280' title='bbox 1889 3968 2109 4048; x_wconf 78' lang='grc' dir='ltr'>αὐτοῦ</span> <span class='ocrx_word' id='word_1_281' title='bbox 2146 3967 2577 4068; x_wconf 77' lang='grc' dir='ltr'>τελουμένην</span> <span class='ocrx_word' id='word_1_282' title='bbox 2613 3971 2729 4049; x_wconf 82' lang='grc' dir='ltr'>ἐπὶ</span> <span class='ocrx_word' id='word_1_283' title='bbox 2765 3975 2858 4076; x_wconf 85' lang='grc' dir='ltr'>τῇ</span> <span class='ocrx_word' id='word_1_284' title='bbox 2894 3977 3043 4051; x_wconf 81' lang='grc' dir='ltr'>τῶν</span> 
     </span>
     <span class='ocr_line' id='line_1_35' title="bbox 636 4089 3136 4197; baseline 0.002 -27"><span class='ocrx_word' id='word_1_285' title='bbox 636 4092 862 4194; x_wconf 84' lang='grc' dir='ltr'>ἁγίων</span> <span class='ocrx_word' id='word_1_286' title='bbox 896 4095 1180 4197; x_wconf 87' lang='grc' dir='ltr'>φειδοῖ;</span> <span class='ocrx_word' id='word_1_287' title='bbox 1244 4093 1320 4170; x_wconf 87' lang='grc' dir='ltr'>ἐν</span> <span class='ocrx_word' id='word_1_288' title='bbox 1355 4089 1486 4189; x_wconf 74' lang='grc' dir='ltr'>μὲν</span> <span class='ocrx_word' id='word_1_289' title='bbox 1536 4090 1680 4193; x_wconf 81' lang='grc' dir='ltr'>γὰρ</span> <span class='ocrx_word' id='word_1_290' title='bbox 1731 4092 2039 4190; x_wconf 89' lang='grc' dir='ltr'>ἐκείνοις,</span> <span class='ocrx_word' id='word_1_291' title='bbox 2085 4094 2172 4171; x_wconf 77' lang='grc' dir='ltr'>’ἐν</span> <span class='ocrx_word' id='word_1_292' title='bbox 2217 4090 2516 4191; x_wconf 82' lang='grc' dir='ltr'>ὀνόματι</span> <span class='ocrx_word' id='word_1_293' title='bbox 2570 4102 2698 4173; x_wconf 90' lang='grc' dir='ltr'>τοῦ</span> <span class='ocrx_word' id='word_1_294' title='bbox 2749 4091 3042 4197; x_wconf 76' lang='grc' dir='ltr'>Πατρὸς</span> <span class='ocrx_word' id='word_1_295' title='bbox 3067 4118 3136 4176; x_wconf 86' lang='lat'>30</span> 
     </span>
     <span class='ocr_line' id='line_1_36' title="bbox 635 4213 3040 4325; baseline 0.002 -32"><span class='ocrx_word' id='word_1_296' title='bbox 635 4219 893 4319; x_wconf 83' lang='grc' dir='ltr'>χρῆναι</span> <span class='ocrx_word' id='word_1_297' title='bbox 941 4213 1180 4315; x_wconf 80' lang='grc' dir='ltr'>λέγων</span> <span class='ocrx_word' id='word_1_298' title='bbox 1215 4219 1584 4316; x_wconf 89' lang='grc' dir='ltr'>τηρεῖσθαι</span> <span class='ocrx_word' id='word_1_299' title='bbox 1631 4214 1795 4299; x_wconf 84' lang='grc' dir='ltr'>τοῦς</span> <span class='ocrx_word' id='word_1_300' title='bbox 1843 4215 2190 4315; x_wconf 77' lang='grc' dir='ltr'>μαθητὰς,</span> <span class='ocrx_word' id='word_1_301' title='bbox 2229 4221 2436 4295; x_wconf 82' lang='grc' dir='ltr'>οἱονεὶ</span> <span class='ocrx_word' id='word_1_302' title='bbox 2473 4214 2557 4296; x_wconf 79' lang='grc' dir='ltr'>τὸ</span> <span class='ocrx_word' id='word_1_303' title='bbox 2592 4221 2670 4297; x_wconf 90' lang='grc' dir='ltr'>ἐν</span> <span class='ocrx_word' id='word_1_304' title='bbox 2706 4217 2888 4325; x_wconf 81' lang='grc' dir='ltr'>δόξῃ</span> <span class='ocrx_word' id='word_1_305' title='bbox 2926 4223 3040 4299; x_wconf 82' lang='grc' dir='ltr'>καὶ</span> 
     </span>
     <span class='ocr_line' id='line_1_37' title="bbox 638 4336 3037 4446; baseline 0.003 -30"><span class='ocrx_word' id='word_1_306' title='bbox 638 4337 928 4437; x_wconf 87' lang='grc' dir='ltr'>δυνάμει</span> <span class='ocrx_word' id='word_1_307' title='bbox 983 4336 1334 4437; x_wconf 88' lang='grc' dir='ltr'>θεότητος,</span> <span class='ocrx_word' id='word_1_308' title='bbox 1384 4342 1512 4438; x_wconf 83' lang='grc' dir='ltr'>τῆς</span> <span class='ocrx_word' id='word_1_309' title='bbox 1573 4346 1700 4418; x_wconf 89' lang='grc' dir='ltr'>τοῦ</span> <span class='ocrx_word' id='word_1_310' title='bbox 1757 4347 2019 4419; x_wconf 89' lang='grc' dir='ltr'>κακοῦν</span> <span class='ocrx_word' id='word_1_311' title='bbox 2075 4336 2450 4423; x_wconf 83' lang='grc' dir='ltr'>ἐθέλοντος</span> <span class='ocrx_word' id='word_1_312' title='bbox 2508 4340 2648 4446; x_wconf 75' lang='grc' dir='ltr'>ἔξω</span> <span class='ocrx_word' id='word_1_313' title='bbox 2705 4341 3037 4442; x_wconf 80' lang='grc' dir='ltr'>γενέσθαι</span> 
     </span>
    </p>
   </div>
   <div class='ocr_carea' id='block_1_6' title="bbox 636 4486 3035 4634">
    <p class='ocr_par' dir='ltr' id='par_1_6' title="bbox 636 4486 3035 4634">
     <span class='ocr_line' id='line_1_38' title="bbox 714 4486 3035 4562; baseline 0.002 -20"><span class='ocrx_word' id='word_1_314' title='bbox 714 4507 763 4542; x_wconf 83' lang='lat'>1.</span> <span class='ocrx_word' id='word_1_315' title='bbox 799 4486 965 4559; x_wconf 83' lang='grc' dir='ltr'>παρὰ]</span> <span class='ocrx_word' id='word_1_316' title='bbox 994 4495 1048 4552; x_wconf 89' lang='grc' dir='ltr'>-Ι-</span> <span class='ocrx_word' id='word_1_317' title='bbox 1078 4492 1172 4543; x_wconf 87' lang='grc' dir='ltr'>τοῦ</span> <span class='ocrx_word' id='word_1_318' title='bbox 1197 4487 1340 4545; x_wconf 84' lang='lat' dir='ltr'><strong>Catt.</strong></span> <span class='ocrx_word' id='word_1_319' title='bbox 1631 4506 1713 4545; x_wconf 88' lang='lat'>10.</span> <span class='ocrx_word' id='word_1_320' title='bbox 1750 4490 1781 4544; x_wconf 84' lang='grc' dir='ltr'>δ</span> <span class='ocrx_word' id='word_1_321' title='bbox 1870 4491 2154 4548; x_wconf 75' lang='grc' dir='ltr'>ελάσαντες</span> <span class='ocrx_word' id='word_1_322' title='bbox 2182 4489 2326 4546; x_wconf 77' lang='lat' dir='ltr'><strong>Catt.</strong></span> <span class='ocrx_word' id='word_1_323' title='bbox 2615 4508 2697 4562; x_wconf 88' lang='lat'>15.</span> <span class='ocrx_word' id='word_1_324' title='bbox 2732 4513 2826 4547; x_wconf 86' lang='grc' dir='ltr'>ουκ</span> <span class='ocrx_word' id='word_1_325' title='bbox 2849 4494 2967 4549; x_wconf 74' lang='grc' dir='ltr'>ἔστι</span> <span class='ocrx_word' id='word_1_326' title='bbox 2989 4512 3035 4547; x_wconf 77' lang='grc' dir='ltr'>ιι.</span> 
     </span>
     <span class='ocr_line' id='line_1_39' title="bbox 636 4556 2970 4634; baseline 0.004 -26"><span class='ocrx_word' id='word_1_327' title='bbox 636 4557 756 4626; x_wconf 79' lang='grc' dir='ltr'>οὐχὶ</span> <span class='ocrx_word' id='word_1_328' title='bbox 782 4556 945 4613; x_wconf 81' lang='lat' dir='ltr'><strong>Cord.</strong></span> <span class='ocrx_word' id='word_1_329' title='bbox 969 4561 1031 4613; x_wconf 76' lang='grc' dir='ltr'>οὐ</span> <span class='ocrx_word' id='word_1_330' title='bbox 1056 4557 1159 4614; x_wconf 87' lang='lat' dir='ltr'>Ed.</span> <span class='ocrx_word' id='word_1_331' title='bbox 1473 4575 1554 4629; x_wconf 87' lang='lat'>19.</span> <span class='ocrx_word' id='word_1_332' title='bbox 1593 4561 1779 4616; x_wconf 78' lang='grc' dir='ltr'>ἑαυτοῦ</span> <span class='ocrx_word' id='word_1_333' title='bbox 1884 4570 1947 4615; x_wconf 83' lang='lat' dir='ltr'>tt.</span> <span class='ocrx_word' id='word_1_334' title='bbox 2256 4577 2344 4634; x_wconf 81' lang='lat'>32.</span> <span class='ocrx_word' id='word_1_335' title='bbox 2382 4564 2568 4617; x_wconf 80' lang='grc' dir='ltr'>κακοῦν</span> <span class='ocrx_word' id='word_1_336' title='bbox 2593 4561 2657 4617; x_wconf 89' lang='grc' dir='ltr'>Ε.</span> <span class='ocrx_word' id='word_1_337' title='bbox 2683 4567 2839 4617; x_wconf 81' lang='grc' dir='ltr'>κακοῦ</span> <span class='ocrx_word' id='word_1_338' title='bbox 2864 4563 2970 4620; x_wconf 80' lang='lat' dir='ltr'>Ed.</span> 
     </span>
    </p>
   </div>
  </div>
 </body>
</html>
