3238 5158
174 347 510 414 xvim-8.
586 350 701 416 IN
767 353 833 418 S.
882 352 1397 419 JOANNEM.
1488 352 1681 416 LIB.
1730 350 1851 417 XI.
1943 349 2148 415 CAP.
2182 347 2343 411 VII.
2456 346 2582 410 683

174 517 724 620 παρακατέθεικε
761 520 1002 624 λε’γων
1038 530 1081 568 “
1109 522 1207 601 Ὁ
1238 520 1567 625 ἑωρακώς
1616 522 1739 620 ἐμε
1782 518 2045 622 ἑώρακε
2082 514 2211 597 τὸν
2251 515 2572 616 Πατέρα,
2670 524 2835 604 Sppm

176 640 380 688 α’*
531 644 626 673 κ(
856 647 877 673 x
980 645 1017 675 ιν
1099 646 1117 672 2
1329 645 1370 673 n
2670 607 2846 657 x1v.9.

259 675 403 741 εγω
440 676 558 723 και
595 679 636 724 ο
674 649 935 749 Πατηρ
972 680 1049 725 εν
1080 680 1323 745 εσμεν.
2672 657 2826 787 {13:12

295 769 441 845 Καὶ
476 771 681 848 ταυτὶ
715 768 848 868 μὲν
884 770 1189 867 εἰκότως,
1228 767 1354 850 ἅτε
1392 767 1479 869 δὴ
1516 772 1635 849 καὶ
1672 767 1858 853 Θεὸς
1895 765 2239 872 ὑπάρχων
2273 767 2351 845 ἐκ
2389 769 2582 844 Θεοῦ

177 888 361 968 κατὰ
410 889 663 997 φύσιν,
702 894 1118 996 ἀνηγμένως
1167 927 1245 974 τε
1296 897 1415 974 καὶ
1464 898 1878 997 θεοπρεπῶς
1923 926 2107 996 προς
2153 924 2282 970 τον
2330 891 2583 970 ἑαυτοῦ

95 1032 143 1094 5
182 1015 478 1119 Πατέρα
528 1018 788 1124 φησίν·
856 1018 1324 1100 ε’πισυνάπτει
1380 1017 1456 1099 δὲ
1509 1022 1973 1123 παραχρῆμα,
2021 1015 2260 1118 λεγων
2307 1017 2585 1117 ἀνθρω-

175 1139 565 1244 πινῶτερον
599 1141 746 1228 Οῦς
803 1137 1103 1229 δεδωκάς
1162 1180 1278 1249 μοι
1339 1144 1417 1224 ἐκ
1474 1145 1581 1223 τοῦ
1645 1142 1923 1248 κόσμου,
1971 1179 2076 1223 σοι
2134 1136 2325 1235 ἦσαν,
2370 1144 2582 1243 κάμοι

176 1263 418 1349 αὐτους
456 1259 785 1353 δέδωκας.
830 1269 1226 1369 οἰησόμεθα
1264 1265 1489 1369 γεμὴν
1513 1269 1718 1348 ταυτὶ
1754 1265 1843 1367 δὴ
1881 1263 2105 1373 φάναι
2140 1298 2267 1344 τον
2293 1263 2584 1364 Κύριον,

178 1387 314 1490 οὐχ
370 1389 466 1470 ὡς
521 1389 665 1497 ἰδίᾳ
718 1395 835 1471 καὶ
889 1389 1426 1494 μεμερισμένως
1482 1389 2049 1489 ἀπονεμηθέντος
2105 1387 2295 1471 τινὸς
2359 1387 2586 1487 ἤγουν

177 1512 639 1616 διαφερόντος
693 1520 786 1620 τῇ
844 1517 1232 1596 δεσποτεία
1278 1522 1410 1595 τοῦ
1455 1519 1652 1595 Θεοῦ
1699 1516 1815 1594 καὶ
1865 1510 2247 1617 Πατρος,
2215 1547 2256 1592 ο
2310 1510 2410 1611 μὴ
2468 1515 2584 1590 καὶ

54 1663 150 1703 10
178 1636 397 1714 αὐτοῦ
444 1633 665 1743 τυχόν
702 1640 863 1720 ἐστι
910 1647 1040 1719 τοῦ
1075 1597 1282 1719 Υἱόῦ·
1343 1636 1697 1735 βασιλεὺς
1751 1636 1896 1741 γάρ
1949 1640 2109 1717 ἐστι
2160 1636 2586 1739 προαιώνιος
2606 1675 2643 1716 a
2688 1664 2820 1718 963
2846 1663 2917 1715 A.

175 1794 361 1840 κατα
397 1759 531 1861 τὴν
563 1771 694 1843 τοῦ
729 1760 1159 1870 ψαλλόντος
1196 1760 1468 1869 φωνὴν,
1503 1766 1619 1843 καὶ
1655 1766 1784 1862 τῆς
1818 1769 1947 1842 τοῦ
1984 1759 2276 1863 Πατρος
2315 1764 2582 1840 δεσπο-
2671 1737 2756 1861 ἵζ’
2759 1737 2922 1854 ξω

173 1886 367 1970 τείας
411 1883 632 1971 ἀΐδιος
680 1886 1039 1972 κοινωνός·
1105 1891 1224 1969 καὶ
1259 1896 1440 1990 γοῦν
1477 1889 1517 1967 ὁ
1556 1885 1990 1995 σοφώτατος
2028 1882 2585 1988 Εὐαγγελιστὴς
2675 1882 2755 1921 ²⁰·

172 2006 512 2110 Ιωάννης
549 2012 741 2121 αὐτῷ
777 2011 1138 2118 διαφέρειν
1174 2015 1292 2092 καὶ
1344 2009 1762 2117 ὑπεζέῦχθαι
1811 2010 1901 2091 τὰ
1950 2009 2210 2107 πάντα,
2247 2013 2473 2108 δῆλον
2509 2007 2587 2090 δὲ

174 2132 288 2213 ὅτι
327 2134 846 2230 βασιλεύοντος
892 2135 1037 2217 σὺν
1068 2137 1261 2244 αὐτῷ
1308 2145 1436 2216 τοῦ
1474 2134 1789 2239 Πατρός,
1828 2133 2415 2214 ἀναδιδάσκων
2366 2167 2581 2236 εγρα·

53 2280 142 2339 15
174 2265 318 2364 φεν
355 2268 399 2306 “
426 2264 555 2345 Εἷς
608 2295 702 2341 τα
754 2260 899 2341 ἰ’δια
950 2258 1153 2360 ἦλθε,
1191 2296 1309 2342 και
1364 2265 1432 2341 οἱ
1479 2262 1642 2342 ’ίδιοι
1685 2259 1904 2340 αὐτὸν
1947 2295 2031 2340 ου
2082 2257 2533 2362 παρελαβον·
2537 2258 2578 2285 ”
2668 2241 2840 2359 ,ΒἯη

172 2383 320 2461 ἴδια
371 2384 609 2487 λέγων
645 2386 865 2466 αὐτοῦ
919 2387 1038 2465 καὶ
1087 2385 1251 2470 τοῦς
1298 2382 1517 2486 μήπω
1564 2384 1910 2469 συνέντας
1959 2381 2197 2482 αὐτὸν,
2234 2385 2576 2464 ἀποσειο-

168 2506 430 2607 μένους
463 2507 537 2591 δὲ
574 2507 825 2615 ὥσπερ
860 2513 990 2611 τῆς
1026 2510 1140 2593 ὑπ’
1182 2511 1376 2618 αὐτῷ
1418 2508 1802 2606 βασιλείας
1845 2508 1973 2590 τὸν
2009 2506 2246 2613 ζυγόν.
2328 2506 2469 2613 ἔφη
2508 2505 2585 2587 δὲ

168 2629 270 2712 τὰ
309 2642 603 2714 τοιαῦτα
653 2637 827 2734 νυνὶ,
863 2632 1181 2741 φανερὸν
1216 2635 1437 2715 ἐκεῖνο
1485 2631 1839 2718 καθιστὰς
1883 2640 2033 2717 τοῖς
2082 2630 2580 2735 ἀκροωμένοις,

169 2758 273 2839 ὡς
306 2753 502 2855 ἦσαν
535 2759 668 2858 μέν
702 2792 885 2843 τινες
935 2760 1012 2839 ἐν
1047 2761 1229 2865 τῷδε
1277 2762 1384 2866 τῷ
1434 2755 1712 2866 κόσμῳ,
1750 2755 1940 2838 Θεὸν
1974 2755 2106 2857 μὲν
2139 2753 2266 2837 τὸν
2304 2756 2428 2836 ἕνα
2464 2759 2583 2837 καὶ

49 2909 144 2950 20
169 2880 522 2980 ἀληθινὸν
577 2883 731 2962 οὐδ’
787 2882 971 2963 ὅσον
1025 2888 1124 2967 εἷς
1180 2892 1350 2963 νοῦν
1404 2882 1794 2990 δεξάμενοι,
1838 2881 2303 2986 λατρεύοντες
2359 2882 2434 2962 δὲ
2488 2886 2578 2987 τῇ
2601 2908 2646 2975 b

168 3006 404 3084 κτίσει
462 3011 579 3086 καὶ
636 3013 784 3090 τοῖς
844 3007 1231 3106 δαιμονίοις
1286 3009 1405 3087 καὶ
1456 3013 1604 3090 τοῖς
1660 3011 2100 3101 διαβολικοῖς
2152 3003 2574 3108 εὑρήμασιν.
2611 3079 2630 3096 ,

167 3129 345 3207 ἀλλ’
386 3134 443 3209 εἶ
494 3131 611 3209 καὶ
660 3127 790 3210 τὸν
826 3136 971 3210 τῶν
1017 3130 1215 3210 ὅλων
1260 3132 1388 3211 οὐκ
1436 3128 1712 3236 ᾔδεσαν
1751 3130 2205 3233 δημιουργὸν,
2242 3129 2384 3236 ἔξω
2437 3163 2582 3210 που

165 3255 302 3350 τῆς
355 3253 696 3352 ἀληθείας
751 3254 1231 3353 πλανώμενοι,
1270 3259 1464 3335 Θεοῦ
1516 3253 1743 3334 πάλιν
1792 3251 2008 3353 ἦσαν,
2054 3252 2235 3334 καθὸ
2288 3251 2581 3334 πάντων

163 3378 331 3455 ἐστὶ
386 3375 763 3478 δεσπότης,
821 3381 918 3463 ὡς
974 3378 1424 3482 δημιουργός.
1522 3376 1667 3458 ἴδια
1721 3374 1866 3480 γὰρ
1919 3376 2012 3459 τὰ
2064 3377 2304 3459 πάντα
2361 3382 2578 3476 Θεοῦ,

43 3532 139 3595 25
166 3503 291 3579 καὶ
366 3500 568 3581 οὐδὲν
639 3499 726 3584 τό
805 3500 1151 3606 παράπαν
1223 3505 1299 3583 ἐν
1372 3509 1522 3587 τοῖς
1597 3502 1985 3604 γεγονόσιν
2057 3505 2277 3599 ἐστὶν,
2354 3500 2395 3582 ὃ
2479 3502 2582 3601 μὴ

164 3622 540 3725 δεσπότην
598 3625 742 3732 ἔχει
804 3625 934 3706 τὸν
993 3626 1139 3724 ἕνα,
1199 3629 1319 3706 καὶ
1394 3630 1452 3706 εἶ
1511 3625 1612 3726 μὴ
1673 3635 1888 3706 τοῦτο
1949 3624 2171 3731 τυχὸν
2223 3628 2433 3725 εἰδείη
2497 3625 2583 3708 τὸ

160 3748 486 3848 ποιηθέν.
560 3750 646 3829 οὐ
698 3748 844 3854 γὰρ
899 3749 1130 3851 δήπου
1189 3752 1370 3856 φαίη
1424 3784 1533 3836 τις
1588 3747 1698 3848 ἂν,
1736 3753 1832 3833 ὦς
1881 3753 2009 3849 τῆς
2057 3747 2240 3829 κατὰ
2288 3751 2581 3831 πάντων

161 3874 400 3976 ἀρχῆς
446 3870 576 3952 τὸν
608 3879 756 3954 τῶν
792 3872 990 3954 ὅλων
1025 3872 1461 3979 δημιουργὸν
1492 3873 2015 3978 παραιρήσεται
2063 3873 2147 3954 τὸ
2197 3879 2571 3975 πεπλανῆ·

158 3995 355 4073 σθαί
406 4030 625 4094 τινας,
687 3996 1051 4105 ὑποζεύξει
1117 3996 1193 4078 δὲ
1253 4005 1548 4098 μᾶλλον
1602 4001 1721 4079 καὶ
1779 3997 2130 4098 ὑποθήσει
2189 3996 2283 4077 τὰ
2339 3999 2580 4079 πάντα

40 4153 131 4210 30
158 4120 365 4225 αὐτῷ
418 4119 504 4200 τὸ
554 4122 640 4200 δι’
687 4122 908 4201 αὐτοῦ
962 4126 1400 4221 πεποιῆσθαι
1451 4125 1566 4201 καὶ
1614 4126 1982 4227 παρῆχθαι
2030 4120 2213 4225 πρὸς
2262 4122 2569 4224 γένεσιν.
2600 4151 2638 4194 0

157 4245 357 4324 οὕτω
411 4254 792 4348 τοιγαροῦν
842 4251 969 4345 τῆς
1026 4246 1365 4346 ἀληθείας
1422 4245 1753 4351 ἐχούσης,
1793 4251 1984 4326 Θεοῦ
2041 4245 2169 4345 μὲν
2214 4244 2407 4345 ἦσαν
2449 4255 2579 4326 τοῦ

244 4474 294 4513 ῐ.
330 4456 715 4544 παρακατίθηκε
740 4458 989 4514 emendat
1016 4458 1224 4530 Migne.
1441 4478 1491 4524 4.
1528 4458 1846 4531 ἀνηγμένως]
1876 4457 1952 4515 lo.
1980 4460 2307 4531 ἄνεωγμένως
2335 4456 2436 4511 Ed.
2464 4475 2576 4528 mg.

158 4527 464 4599 ἀνηγμένοις
486 4528 702 4584 exhibet
729 4530 787 4583 Ρ.
1013 4547 1097 4585 21.
1137 4533 1245 4588 τοῖς
1270 4531 1418 4601 prius
1444 4540 1783 4600 assumptum
1808 4549 1872 4585 ex
1901 4531 1963 4586 E.
2198 4528 2284 4584 26.
2322 4532 2505 4582 τοῦτον
2531 4547 2577 4583 a.

162 4600 256 4653 28.
297 4597 671 4669 παραιτήσεται
698 4601 997 4670 (errore)a.

1292 4703 1463 4764 482
