<?xml version="1.0" encoding="UTF-8"?>
<!DOCTYPE html PUBLIC "-//W3C//DTD XHTML 1.0 Transitional//EN"
    "http://www.w3.org/TR/xhtml1/DTD/xhtml1-transitional.dtd">
<html xmlns="http://www.w3.org/1999/xhtml" xml:lang="en" lang="en">
 <head>
  <title>
</title>
<meta http-equiv="Content-Type" content="text/html;charset=utf-8" />
  <meta name='ocr-system' content='tesseract 3.04.00' />
  <meta name='ocr-capabilities' content='ocr_page ocr_carea ocr_par ocr_line ocrx_word'/>
</head>
<body>
  <div class='ocr_page' id='page_1' title='image "./sanctipatrisnos03pusegoog_0484.png"; bbox 0 0 3238 5158; ppageno 0'>
   <div class='ocr_carea' id='block_1_1' title="bbox 665 293 3072 413">
    <p class='ocr_par' dir='ltr' id='par_1_1' title="bbox 665 293 3072 413">
     <span class='ocr_line' id='line_1_1' title="bbox 665 293 3072 413; baseline 0 -9"><span class='ocrx_word' id='word_1_1' title='bbox 665 341 797 406; x_wconf 79' lang='lat'>472</span> <span class='ocrx_word' id='word_1_2' title='bbox 1275 346 1353 411; x_wconf 90' lang='lat' dir='ltr'>B.</span> <span class='ocrx_word' id='word_1_3' title='bbox 1401 346 1823 412; x_wconf 85' lang='lat' dir='ltr'>CYRILLI</span> <span class='ocrx_word' id='word_1_4' title='bbox 1883 293 2468 413; x_wconf 68' lang='lat' dir='ltr'><strong>ALEXANDR.</strong></span> <span class='ocrx_word' id='word_1_5' title='bbox 2823 341 3072 410; x_wconf 75' lang='lat' dir='ltr'><strong>xiv.18.</strong></span> 
     </span>
    </p>
   </div>
   <div class='ocr_carea' id='block_1_2' title="bbox 337 502 3153 4528">
    <p class='ocr_par' dir='ltr' id='par_1_2' title="bbox 337 502 3153 4524">
     <span class='ocr_line' id='line_1_2' title="bbox 672 502 3078 642; baseline 0 -56"><span class='ocrx_word' id='word_1_6' title='bbox 672 502 857 587; x_wconf 83' lang='grc' dir='ltr'>εἷναί</span> <span class='ocrx_word' id='word_1_7' title='bbox 905 515 1158 642; x_wconf 81' lang='grc' dir='ltr'>φησιν’</span> <span class='ocrx_word' id='word_1_8' title='bbox 1227 512 1310 590; x_wconf 89' lang='grc' dir='ltr'>οὐ</span> <span class='ocrx_word' id='word_1_9' title='bbox 1357 511 1501 616; x_wconf 80' lang='grc' dir='ltr'>γὰρ</span> <span class='ocrx_word' id='word_1_10' title='bbox 1546 512 1753 598; x_wconf 81' lang='grc' dir='ltr'>οὗτος</span> <span class='ocrx_word' id='word_1_11' title='bbox 1800 510 1890 613; x_wconf 85' lang='grc' dir='ltr'>ἦν</span> <span class='ocrx_word' id='word_1_12' title='bbox 1934 516 2011 593; x_wconf 91' lang='grc' dir='ltr'>ἐν</span> <span class='ocrx_word' id='word_1_13' title='bbox 2060 513 2299 594; x_wconf 81' lang='grc' dir='ltr'>ἐκείνω</span> <span class='ocrx_word' id='word_1_14' title='bbox 2354 511 2661 612; x_wconf 81' lang='grc' dir='ltr'>σκοπὸς,</span> <span class='ocrx_word' id='word_1_15' title='bbox 2705 510 2894 590; x_wconf 81' lang='grc' dir='ltr'>ἀλλ’</span> <span class='ocrx_word' id='word_1_16' title='bbox 2934 505 3078 587; x_wconf 79' lang='grc' dir='ltr'>οὐδὲ</span> 
     </span>
     <span class='ocr_line' id='line_1_3' title="bbox 673 633 3083 740; baseline 0.002 -30"><span class='ocrx_word' id='word_1_17' title='bbox 673 633 897 716; x_wconf 79' lang='grc' dir='ltr'>οὕτως</span> <span class='ocrx_word' id='word_1_18' title='bbox 927 633 1386 735; x_wconf 79' lang='grc' dir='ltr'>πιστεύομεν.</span> <span class='ocrx_word' id='word_1_19' title='bbox 1469 633 1614 718; x_wconf 82' lang='grc' dir='ltr'>οἶδε</span> <span class='ocrx_word' id='word_1_20' title='bbox 1672 635 1817 740; x_wconf 83' lang='grc' dir='ltr'>γὰρ</span> <span class='ocrx_word' id='word_1_21' title='bbox 1866 642 1993 737; x_wconf 79' lang='grc' dir='ltr'>τῆς</span> <span class='ocrx_word' id='word_1_22' title='bbox 2045 639 2256 740; x_wconf 90' lang='grc' dir='ltr'>ἀγίας</span> <span class='ocrx_word' id='word_1_23' title='bbox 2307 640 2425 718; x_wconf 81' lang='grc' dir='ltr'>καὶ</span> <span class='ocrx_word' id='word_1_24' title='bbox 2473 636 2880 736; x_wconf 86' lang='grc' dir='ltr'>ὁμοουσίου</span> <span class='ocrx_word' id='word_1_25' title='bbox 2919 639 3083 735; x_wconf 72' lang='grc' dir='ltr'>Τρι-</span> 
     </span>
     <span class='ocr_line' id='line_1_4' title="bbox 670 754 3077 868; baseline 0.001 -33"><span class='ocrx_word' id='word_1_26' title='bbox 670 754 842 840; x_wconf 84' lang='grc' dir='ltr'>άδος</span> <span class='ocrx_word' id='word_1_27' title='bbox 890 755 1023 858; x_wconf 84' lang='grc' dir='ltr'>τὴν</span> <span class='ocrx_word' id='word_1_28' title='bbox 1069 760 1587 862; x_wconf 81' lang='grc' dir='ltr'>ἀπαρίθμησιν,</span> <span class='ocrx_word' id='word_1_29' title='bbox 1626 765 1744 840; x_wconf 82' lang='grc' dir='ltr'>καὶ</span> <span class='ocrx_word' id='word_1_30' title='bbox 1800 763 1945 868; x_wconf 76' lang='grc' dir='ltr'>ἰδίᾳ</span> <span class='ocrx_word' id='word_1_31' title='bbox 1998 760 2131 859; x_wconf 85' lang='grc' dir='ltr'>μὲν</span> <span class='ocrx_word' id='word_1_32' title='bbox 2174 761 2484 842; x_wconf 84' lang='grc' dir='ltr'>ἕκαστον</span> <span class='ocrx_word' id='word_1_33' title='bbox 2527 768 2675 841; x_wconf 85' lang='grc' dir='ltr'>τῶν</span> <span class='ocrx_word' id='word_1_34' title='bbox 2714 792 3077 859; x_wconf 87' lang='grc' dir='ltr'>σημαινο·</span> 
     </span>
     <span class='ocr_line' id='line_1_5' title="bbox 670 879 3085 989; baseline 0 -30"><span class='ocrx_word' id='word_1_35' title='bbox 670 879 904 978; x_wconf 90' lang='grc' dir='ltr'>μένων</span> <span class='ocrx_word' id='word_1_36' title='bbox 978 882 1382 988; x_wconf 81' lang='grc' dir='ltr'>ὑφεστάναι</span> <span class='ocrx_word' id='word_1_37' title='bbox 1464 882 1811 965; x_wconf 81' lang='grc' dir='ltr'>διδάσκει·</span> <span class='ocrx_word' id='word_1_38' title='bbox 1908 884 1993 966; x_wconf 79' lang='grc' dir='ltr'>τὸ</span> <span class='ocrx_word' id='word_1_39' title='bbox 2075 884 2304 988; x_wconf 89' lang='grc' dir='ltr'>γεμὴν</span> <span class='ocrx_word' id='word_1_40' title='bbox 2369 888 2447 967; x_wconf 89' lang='grc' dir='ltr'>ἐν</span> <span class='ocrx_word' id='word_1_41' title='bbox 2533 881 3085 989; x_wconf 77' lang='grc' dir='ltr'>ἀπαραλλάκτω</span> 
     </span>
     <span class='ocr_line' id='line_1_6' title="bbox 674 1007 3129 1112; baseline 0.003 -29"><span class='ocrx_word' id='word_1_42' title='bbox 674 1010 958 1085; x_wconf 86' lang='grc' dir='ltr'>κεῖσθαι</span> <span class='ocrx_word' id='word_1_43' title='bbox 1021 1007 1400 1107; x_wconf 88' lang='grc' dir='ltr'>ταυτότητι</span> <span class='ocrx_word' id='word_1_44' title='bbox 1465 1007 1597 1109; x_wconf 85' lang='grc' dir='ltr'>τὴν</span> <span class='ocrx_word' id='word_1_45' title='bbox 1663 1010 1879 1112; x_wconf 88' lang='grc' dir='ltr'>ἀγίαν</span> <span class='ocrx_word' id='word_1_46' title='bbox 1938 1009 2218 1112; x_wconf 85' lang='grc' dir='ltr'>Τριάδα</span> <span class='ocrx_word' id='word_1_47' title='bbox 2284 1008 2729 1112; x_wconf 83' lang='grc' dir='ltr'>διακηρύττει</span> <span class='ocrx_word' id='word_1_48' title='bbox 2794 1013 3129 1111; x_wconf 51' lang='lat' dir='ltr'>enodis-5</span> 
     </span>
     <span class='ocr_line' id='line_1_7' title="bbox 341 1128 3085 1237; baseline 0.002 -31"><span class='ocrx_word' id='word_1_49' title='bbox 341 1149 552 1206; x_wconf 82' lang='lat' dir='ltr'><strong>813A</strong></span> <span class='ocrx_word' id='word_1_50' title='bbox 616 1164 652 1204; x_wconf 76' lang='lat' dir='ltr'><strong>a</strong></span> <span class='ocrx_word' id='word_1_51' title='bbox 675 1130 824 1211; x_wconf 87' lang='grc' dir='ltr'>ἐπει</span> <span class='ocrx_word' id='word_1_52' title='bbox 876 1137 1034 1216; x_wconf 84' lang='grc' dir='ltr'>πῶς</span> <span class='ocrx_word' id='word_1_53' title='bbox 1084 1167 1171 1213; x_wconf 92' lang='grc' dir='ltr'>το</span> <span class='ocrx_word' id='word_1_54' title='bbox 1220 1138 1521 1232; x_wconf 84' lang='grc' dir='ltr'>Πνεῦμα</span> <span class='ocrx_word' id='word_1_55' title='bbox 1565 1134 1752 1218; x_wconf 86' lang='grc' dir='ltr'>Θεός</span> <span class='ocrx_word' id='word_1_56' title='bbox 1800 1135 1959 1213; x_wconf 86' lang='grc' dir='ltr'>ἐστι</span> <span class='ocrx_word' id='word_1_57' title='bbox 2008 1137 2126 1214; x_wconf 83' lang='grc' dir='ltr'>καὶ</span> <span class='ocrx_word' id='word_1_58' title='bbox 2175 1132 2640 1237; x_wconf 82' lang='grc' dir='ltr'>ὀνομάζεται·</span> <span class='ocrx_word' id='word_1_59' title='bbox 2619 1194 2641 1229; x_wconf 92' lang='grc'><em>,</em></span> <span class='ocrx_word' id='word_1_60' title='bbox 2695 1144 2741 1182; x_wconf 81' lang='grc'><strong>“</strong></span> <span class='ocrx_word' id='word_1_61' title='bbox 2772 1133 2951 1213; x_wconf 89' lang='grc' dir='ltr'>Οὐκ</span> <span class='ocrx_word' id='word_1_62' title='bbox 2998 1128 3085 1210; x_wconf 82' lang='grc' dir='ltr'>οἴ-</span> 
     </span>
     <span class='ocr_line' id='line_1_8' title="bbox 337 1226 3086 1362; baseline -0.002 -22"><span class='ocrx_word' id='word_1_63' title='bbox 337 1226 506 1343; x_wconf 55' lang='grc' dir='ltr'>ἷίὶοῗῖ.</span> <span class='ocrx_word' id='word_1_64' title='bbox 674 1264 719 1301; x_wconf 85' lang='grc'><strong>“</strong></span> <span class='ocrx_word' id='word_1_65' title='bbox 756 1259 926 1336; x_wconf 88' lang='grc' dir='ltr'>δατε</span> <span class='ocrx_word' id='word_1_66' title='bbox 970 1254 1140 1360; x_wconf 78' lang='grc' dir='ltr'>γὰρ,</span> <span class='ocrx_word' id='word_1_67' title='bbox 1176 1255 1511 1362; x_wconf 80' lang='grc' dir='ltr'>φησὶν,</span> <span class='ocrx_word' id='word_1_68' title='bbox 1469 1292 1581 1338; x_wconf 93' lang='grc' dir='ltr'>οτι</span> <span class='ocrx_word' id='word_1_69' title='bbox 1632 1292 1801 1342; x_wconf 89' lang='grc' dir='ltr'>ναος</span> <span class='ocrx_word' id='word_1_70' title='bbox 1836 1262 2031 1338; x_wconf 86' lang='grc' dir='ltr'>Θεοῦ</span> <span class='ocrx_word' id='word_1_71' title='bbox 2079 1260 2268 1358; x_wconf 90' lang='grc' dir='ltr'>ἐστε,</span> <span class='ocrx_word' id='word_1_72' title='bbox 2306 1261 2423 1338; x_wconf 81' lang='grc' dir='ltr'>καὶ</span> <span class='ocrx_word' id='word_1_73' title='bbox 2474 1292 2560 1338; x_wconf 96' lang='grc' dir='ltr'>το</span> <span class='ocrx_word' id='word_1_74' title='bbox 2601 1263 2926 1356; x_wconf 82' lang='grc' dir='ltr'>Πνεῦμα</span> <span class='ocrx_word' id='word_1_75' title='bbox 2971 1260 3086 1334; x_wconf 87' lang='grc' dir='ltr'>τοῦ</span> 
     </span>
     <span class='ocr_line' id='line_1_9' title="bbox 674 1379 3081 1483; baseline -0 -23"><span class='ocrx_word' id='word_1_76' title='bbox 674 1388 720 1428; x_wconf 83' lang='lat'>“</span> <span class='ocrx_word' id='word_1_77' title='bbox 748 1384 939 1461; x_wconf 83' lang='grc' dir='ltr'>Θεοῦ</span> <span class='ocrx_word' id='word_1_78' title='bbox 974 1381 1052 1460; x_wconf 89' lang='grc' dir='ltr'>ἐν</span> <span class='ocrx_word' id='word_1_79' title='bbox 1091 1382 1256 1480; x_wconf 80' lang='grc' dir='ltr'>ὑμῖν</span> <span class='ocrx_word' id='word_1_80' title='bbox 1291 1386 1472 1461; x_wconf 78' lang='grc' dir='ltr'>οἰκεῖ</span> <span class='ocrx_word' id='word_1_81' title='bbox 1487 1380 1554 1479; x_wconf 83' lang='lat'>;&#39;&#39;</span> <span class='ocrx_word' id='word_1_82' title='bbox 1595 1385 1656 1460; x_wconf 84' lang='grc' dir='ltr'>εἶ</span> <span class='ocrx_word' id='word_1_83' title='bbox 1694 1379 1769 1461; x_wconf 81' lang='grc' dir='ltr'>δὲ</span> <span class='ocrx_word' id='word_1_84' title='bbox 1803 1382 2089 1483; x_wconf 85' lang='grc' dir='ltr'>ἐπείπερ</span> <span class='ocrx_word' id='word_1_85' title='bbox 2121 1384 2199 1462; x_wconf 89' lang='grc' dir='ltr'>ἐν</span> <span class='ocrx_word' id='word_1_86' title='bbox 2233 1382 2402 1481; x_wconf 87' lang='grc' dir='ltr'>ἡμῖν</span> <span class='ocrx_word' id='word_1_87' title='bbox 2437 1386 2617 1461; x_wconf 80' lang='grc' dir='ltr'>οἰκεῖ</span> <span class='ocrx_word' id='word_1_88' title='bbox 2642 1379 2732 1460; x_wconf 82' lang='grc' dir='ltr'>τὸ</span> <span class='ocrx_word' id='word_1_89' title='bbox 2756 1386 3081 1477; x_wconf 78' lang='grc' dir='ltr'>Πνεῦμα,</span> 
     </span>
     <span class='ocr_line' id='line_1_10' title="bbox 675 1502 3084 1608; baseline 0 -24"><span class='ocrx_word' id='word_1_90' title='bbox 675 1508 830 1585; x_wconf 83' lang='grc' dir='ltr'>ναοὶ</span> <span class='ocrx_word' id='word_1_91' title='bbox 867 1503 1260 1608; x_wconf 85' lang='grc' dir='ltr'>γεγόναμεν</span> <span class='ocrx_word' id='word_1_92' title='bbox 1296 1512 1425 1584; x_wconf 92' lang='grc' dir='ltr'>τοῦ</span> <span class='ocrx_word' id='word_1_93' title='bbox 1464 1508 1678 1601; x_wconf 83' lang='grc' dir='ltr'>Θεοῦ,</span> <span class='ocrx_word' id='word_1_94' title='bbox 1710 1511 1867 1588; x_wconf 79' lang='grc' dir='ltr'>πῶς</span> <span class='ocrx_word' id='word_1_95' title='bbox 1904 1505 2034 1584; x_wconf 89' lang='grc' dir='ltr'>οὐκ</span> <span class='ocrx_word' id='word_1_96' title='bbox 2071 1508 2147 1585; x_wconf 88' lang='grc' dir='ltr'>ἐκ</span> <span class='ocrx_word' id='word_1_97' title='bbox 2184 1510 2375 1585; x_wconf 86' lang='grc' dir='ltr'>Θεοῦ</span> <span class='ocrx_word' id='word_1_98' title='bbox 2409 1502 2495 1586; x_wconf 76' lang='grc' dir='ltr'>τὸ</span> <span class='ocrx_word' id='word_1_99' title='bbox 2526 1507 2863 1603; x_wconf 90' lang='grc' dir='ltr'>Πνεῦμα,</span> <span class='ocrx_word' id='word_1_100' title='bbox 2891 1535 3084 1584; x_wconf 82' lang='grc' dir='ltr'>τουτ-</span> 
     </span>
     <span class='ocr_line' id='line_1_11' title="bbox 672 1626 3153 1733; baseline -0.001 -24"><span class='ocrx_word' id='word_1_101' title='bbox 672 1629 893 1728; x_wconf 82' lang='grc' dir='ltr'>έστιν,</span> <span class='ocrx_word' id='word_1_102' title='bbox 930 1631 1008 1709; x_wconf 89' lang='grc' dir='ltr'>ἐκ</span> <span class='ocrx_word' id='word_1_103' title='bbox 1050 1633 1180 1729; x_wconf 83' lang='grc' dir='ltr'>τῆς</span> <span class='ocrx_word' id='word_1_104' title='bbox 1225 1629 1476 1713; x_wconf 79' lang='grc' dir='ltr'>οὐσίας</span> <span class='ocrx_word' id='word_1_105' title='bbox 1522 1629 1763 1727; x_wconf 87' lang='grc' dir='ltr'>αὐτοῦ,</span> <span class='ocrx_word' id='word_1_106' title='bbox 1803 1626 1993 1710; x_wconf 77' lang='grc' dir='ltr'>Θεὸν</span> <span class='ocrx_word' id='word_1_107' title='bbox 2027 1630 2103 1710; x_wconf 90' lang='grc' dir='ltr'>ἐν</span> <span class='ocrx_word' id='word_1_108' title='bbox 2136 1630 2306 1730; x_wconf 82' lang='grc' dir='ltr'>ἡμῖν</span> <span class='ocrx_word' id='word_1_109' title='bbox 2339 1628 2598 1733; x_wconf 71' lang='grc' dir='ltr'>οἰκίζον</span> <span class='ocrx_word' id='word_1_110' title='bbox 2634 1630 2725 1709; x_wconf 87' lang='grc' dir='ltr'>δι’</span> <span class='ocrx_word' id='word_1_111' title='bbox 2766 1630 3075 1722; x_wconf 63' lang='lat' dir='ltr'>{am-0133</span> <span class='ocrx_word' id='word_1_112' title='bbox 3106 1649 3153 1689; x_wconf 86' lang='lat'>10</span> 
     </span>
     <span class='ocr_line' id='line_1_12' title="bbox 593 1751 3079 1857; baseline -0.002 -24"><span class='ocrx_word' id='word_1_113' title='bbox 593 1771 602 1780; x_wconf 87' lang='lat'><strong><em>‘</em></strong></span> <span class='ocrx_word' id='word_1_114' title='bbox 673 1754 930 1833; x_wconf 88' lang='grc' dir='ltr'>οὐκοῦν</span> <span class='ocrx_word' id='word_1_115' title='bbox 965 1754 1094 1834; x_wconf 91' lang='grc' dir='ltr'>οὐκ</span> <span class='ocrx_word' id='word_1_116' title='bbox 1133 1751 1526 1855; x_wconf 87' lang='grc' dir='ltr'>ἀλλότριον</span> <span class='ocrx_word' id='word_1_117' title='bbox 1562 1756 1689 1853; x_wconf 84' lang='grc' dir='ltr'>τῆς</span> <span class='ocrx_word' id='word_1_118' title='bbox 1728 1754 1906 1836; x_wconf 76' lang='grc' dir='ltr'>ἰδίας</span> <span class='ocrx_word' id='word_1_119' title='bbox 1943 1751 2236 1857; x_wconf 81' lang='grc' dir='ltr'>φύσεως</span> <span class='ocrx_word' id='word_1_120' title='bbox 2270 1751 2540 1839; x_wconf 77' lang='grc' dir='ltr'>δεικνὺς</span> <span class='ocrx_word' id='word_1_121' title='bbox 2576 1752 2660 1833; x_wconf 76' lang='grc' dir='ltr'>τὸ</span> <span class='ocrx_word' id='word_1_122' title='bbox 2700 1758 3013 1850; x_wconf 89' lang='grc' dir='ltr'>Πνεῦμα</span> <span class='ocrx_word' id='word_1_123' title='bbox 3045 1751 3079 1828; x_wconf 79' lang='grc' dir='ltr'>ὁ</span> 
     </span>
     <span class='ocr_line' id='line_1_13' title="bbox 678 1872 3080 1980; baseline -0.002 -24"><span class='ocrx_word' id='word_1_124' title='bbox 678 1874 1120 1979; x_wconf 85' lang='grc' dir='ltr'>Μονογενὴς,</span> <span class='ocrx_word' id='word_1_125' title='bbox 1152 1874 1353 1980; x_wconf 81' lang='grc' dir='ltr'>παρὰ</span> <span class='ocrx_word' id='word_1_126' title='bbox 1389 1885 1516 1957; x_wconf 92' lang='grc' dir='ltr'>τοῦ</span> <span class='ocrx_word' id='word_1_127' title='bbox 1558 1873 1852 1979; x_wconf 90' lang='grc' dir='ltr'>Πατρος</span> <span class='ocrx_word' id='word_1_128' title='bbox 1889 1877 2379 1976; x_wconf 79' lang='grc' dir='ltr'>ἐκπέμπεσθαι</span> <span class='ocrx_word' id='word_1_129' title='bbox 2414 1884 2561 1961; x_wconf 84' lang='grc' dir='ltr'>τοῖς</span> <span class='ocrx_word' id='word_1_130' title='bbox 2597 1878 2835 1976; x_wconf 81' lang='grc' dir='ltr'>ἁγίοις</span> <span class='ocrx_word' id='word_1_131' title='bbox 2874 1872 3080 1956; x_wconf 79' lang='grc' dir='ltr'>εἰπων</span> 
     </span>
     <span class='ocr_line' id='line_1_14' title="bbox 675 1995 3078 2108; baseline 0 -29"><span class='ocrx_word' id='word_1_132' title='bbox 675 1999 802 2081; x_wconf 82' lang='grc' dir='ltr'>τὸν</span> <span class='ocrx_word' id='word_1_133' title='bbox 843 1996 1350 2104; x_wconf 88' lang='grc' dir='ltr'>Παράκλητον,</span> <span class='ocrx_word' id='word_1_134' title='bbox 1389 1998 1602 2084; x_wconf 91' lang='grc' dir='ltr'>αὐτος</span> <span class='ocrx_word' id='word_1_135' title='bbox 1636 1999 1835 2108; x_wconf 83' lang='grc' dir='ltr'>ἥξειν</span> <span class='ocrx_word' id='word_1_136' title='bbox 1872 1997 2402 2104; x_wconf 82' lang='grc' dir='ltr'>επαγγὲλλεται</span> <span class='ocrx_word' id='word_1_137' title='bbox 2452 2035 2568 2080; x_wconf 92' lang='grc' dir='ltr'>και</span> <span class='ocrx_word' id='word_1_138' title='bbox 2613 2000 2749 2101; x_wconf 83' lang='grc' dir='ltr'>τὴν</span> <span class='ocrx_word' id='word_1_139' title='bbox 2791 1995 3078 2101; x_wconf 90' lang='grc' dir='ltr'>Πατρος</span> 
     </span>
     <span class='ocr_line' id='line_1_15' title="bbox 608 2121 3076 2233; baseline -0.001 -28"><span class='ocrx_word' id='word_1_140' title='bbox 608 2130 654 2194; x_wconf 85' lang='lat' dir='ltr'><strong>b</strong></span> <span class='ocrx_word' id='word_1_141' title='bbox 677 2124 886 2231; x_wconf 78' lang='grc' dir='ltr'>τάξιν</span> <span class='ocrx_word' id='word_1_142' title='bbox 921 2124 1160 2207; x_wconf 88' lang='grc' dir='ltr'>αὐτοῖς</span> <span class='ocrx_word' id='word_1_143' title='bbox 1196 2126 1762 2229; x_wconf 73' lang='grc' dir='ltr'>ἀποπληροῦν,”</span> <span class='ocrx_word' id='word_1_144' title='bbox 1732 2160 1846 2205; x_wconf 89' lang='grc' dir='ltr'>ινα</span> <span class='ocrx_word' id='word_1_145' title='bbox 1891 2123 1994 2225; x_wconf 83' lang='grc' dir='ltr'>μὴ</span> <span class='ocrx_word' id='word_1_146' title='bbox 2047 2124 2366 2229; x_wconf 88' lang='grc' dir='ltr'>καθάπερ</span> <span class='ocrx_word' id='word_1_147' title='bbox 2412 2121 2598 2209; x_wconf 81' lang='grc' dir='ltr'>τινὲς</span> <span class='ocrx_word' id='word_1_148' title='bbox 2634 2128 2922 2233; x_wconf 57' lang='grc' dir='ltr'>ὀρφανοὶ</span> <span class='ocrx_word' id='word_1_149' title='bbox 2963 2123 3076 2219; x_wconf 77' lang='grc' dir='ltr'>τῆς</span> 
     </span>
     <span class='ocr_line' id='line_1_16' title="bbox 674 2243 3147 2353; baseline -0 -25"><span class='ocrx_word' id='word_1_150' title='bbox 674 2256 806 2328; x_wconf 92' lang='grc' dir='ltr'>τοῦ</span> <span class='ocrx_word' id='word_1_151' title='bbox 867 2245 1398 2351; x_wconf 80' lang='grc' dir='ltr'>προεστηκότος</span> <span class='ocrx_word' id='word_1_152' title='bbox 1456 2248 1862 2353; x_wconf 81' lang='grc' dir='ltr'>ἐπικουρίας</span> <span class='ocrx_word' id='word_1_153' title='bbox 1925 2248 2192 2352; x_wconf 78' lang='grc' dir='ltr'>ἔρημοι,</span> <span class='ocrx_word' id='word_1_154' title='bbox 2248 2247 2368 2330; x_wconf 88' lang='grc' dir='ltr'>διά</span> <span class='ocrx_word' id='word_1_155' title='bbox 2420 2285 2497 2330; x_wconf 90' lang='grc' dir='ltr'>τε</span> <span class='ocrx_word' id='word_1_156' title='bbox 2552 2257 2765 2329; x_wconf 90' lang='grc' dir='ltr'>τοῦτο</span> <span class='ocrx_word' id='word_1_157' title='bbox 2824 2243 3075 2328; x_wconf 72' lang='grc' dir='ltr'>λοστὸν</span> <span class='ocrx_word' id='word_1_158' title='bbox 3099 2259 3147 2320; x_wconf 84' lang='lat'>¹5</span> 
     </span>
     <span class='ocr_line' id='line_1_17' title="bbox 672 2371 3071 2476; baseline 0 -24"><span class='ocrx_word' id='word_1_159' title='bbox 672 2379 829 2458; x_wconf 88' lang='grc' dir='ltr'>ταῖς</span> <span class='ocrx_word' id='word_1_160' title='bbox 891 2380 1021 2452; x_wconf 91' lang='grc' dir='ltr'>τοῦ</span> <span class='ocrx_word' id='word_1_161' title='bbox 1086 2371 1436 2468; x_wconf 84' lang='grc' dir='ltr'>διαβόλου</span> <span class='ocrx_word' id='word_1_162' title='bbox 1501 2373 1811 2476; x_wconf 87' lang='grc' dir='ltr'>παγίσιν</span> <span class='ocrx_word' id='word_1_163' title='bbox 1867 2371 2217 2453; x_wconf 81' lang='grc' dir='ltr'>εὐάλωτοι</span> <span class='ocrx_word' id='word_1_164' title='bbox 2289 2376 2406 2454; x_wconf 80' lang='grc' dir='ltr'>καὶ</span> <span class='ocrx_word' id='word_1_165' title='bbox 2478 2382 2628 2458; x_wconf 88' lang='grc' dir='ltr'>τοῖς</span> <span class='ocrx_word' id='word_1_166' title='bbox 2688 2375 2765 2453; x_wconf 89' lang='grc' dir='ltr'>ἐν</span> <span class='ocrx_word' id='word_1_167' title='bbox 2828 2373 3071 2475; x_wconf 72' lang='grc' dir='ltr'>κόσμῳ</span> 
     </span>
     <span class='ocr_line' id='line_1_18' title="bbox 673 2493 3072 2604; baseline -0 -28"><span class='ocrx_word' id='word_1_168' title='bbox 673 2493 1115 2584; x_wconf 87' lang='grc' dir='ltr'>σκανδάλοις</span> <span class='ocrx_word' id='word_1_169' title='bbox 1164 2498 1672 2604; x_wconf 85' lang='grc' dir='ltr'>εὐεπιχείρητοι</span> <span class='ocrx_word' id='word_1_170' title='bbox 1727 2496 1895 2578; x_wconf 86' lang='grc' dir='ltr'>λίαν</span> <span class='ocrx_word' id='word_1_171' title='bbox 1949 2497 2439 2603; x_wconf 85' lang='grc' dir='ltr'>εὐρίσκωνται,</span> <span class='ocrx_word' id='word_1_172' title='bbox 2490 2499 2718 2578; x_wconf 89' lang='grc' dir='ltr'>καίτοι</span> <span class='ocrx_word' id='word_1_173' title='bbox 2770 2500 3072 2579; x_wconf 79' lang='grc' dir='ltr'>πολλοῖς</span> 
     </span>
     <span class='ocr_line' id='line_1_19' title="bbox 675 2620 3070 2731; baseline -0.003 -28"><span class='ocrx_word' id='word_1_174' title='bbox 675 2623 844 2703; x_wconf 82' lang='grc' dir='ltr'>οὖσι</span> <span class='ocrx_word' id='word_1_175' title='bbox 893 2626 1012 2704; x_wconf 83' lang='grc' dir='ltr'>καὶ</span> <span class='ocrx_word' id='word_1_176' title='bbox 1063 2626 1159 2707; x_wconf 85' lang='grc' dir='ltr'>ὡς</span> <span class='ocrx_word' id='word_1_177' title='bbox 1209 2623 1298 2731; x_wconf 83' lang='grc' dir='ltr'>ἐξ</span> <span class='ocrx_word' id='word_1_178' title='bbox 1338 2622 1655 2727; x_wconf 83' lang='grc' dir='ltr'>ἀνάγκης</span> <span class='ocrx_word' id='word_1_179' title='bbox 1706 2623 2110 2729; x_wconf 85' lang='grc' dir='ltr'>ἐρχομένοις</span> <span class='ocrx_word' id='word_1_180' title='bbox 2161 2622 2279 2704; x_wconf 82' lang='grc' dir='ltr'>διὰ</span> <span class='ocrx_word' id='word_1_181' title='bbox 2327 2622 2460 2725; x_wconf 85' lang='grc' dir='ltr'>τὴν</span> <span class='ocrx_word' id='word_1_182' title='bbox 2505 2620 2909 2704; x_wconf 85' lang='grc' dir='ltr'>ἀκάθεκτον</span> <span class='ocrx_word' id='word_1_183' title='bbox 2943 2624 3070 2701; x_wconf 79' lang='grc' dir='ltr'>τῶν</span> 
     </span>
     <span class='ocr_line' id='line_1_20' title="bbox 677 2743 3065 2854; baseline 0 -28"><span class='ocrx_word' id='word_1_184' title='bbox 677 2747 1091 2850; x_wconf 88' lang='grc' dir='ltr'>ἐπαγόντων</span> <span class='ocrx_word' id='word_1_185' title='bbox 1138 2748 1426 2848; x_wconf 87' lang='grc' dir='ltr'>μανίαν.</span> <span class='ocrx_word' id='word_1_186' title='bbox 1506 2746 1742 2828; x_wconf 78' lang='grc' dir='ltr'>ὅπλον</span> <span class='ocrx_word' id='word_1_187' title='bbox 1791 2748 1918 2827; x_wconf 77' lang='grc' dir='ltr'>οὖν</span> <span class='ocrx_word' id='word_1_188' title='bbox 1964 2746 2106 2851; x_wconf 77' lang='grc' dir='ltr'>ἄρα</span> <span class='ocrx_word' id='word_1_189' title='bbox 2161 2749 2277 2827; x_wconf 82' lang='grc' dir='ltr'>καὶ</span> <span class='ocrx_word' id='word_1_190' title='bbox 2332 2746 2750 2854; x_wconf 84' lang='grc' dir='ltr'>ἀσφάλειαν</span> <span class='ocrx_word' id='word_1_191' title='bbox 2798 2743 3065 2852; x_wconf 84' lang='grc' dir='ltr'>ἀρ’ραγῆ</span> 
     </span>
     <span class='ocr_line' id='line_1_21' title="bbox 678 2870 3137 2980; baseline -0.001 -30"><span class='ocrx_word' id='word_1_192' title='bbox 678 2878 833 2955; x_wconf 85' lang='grc' dir='ltr'>ταῖς</span> <span class='ocrx_word' id='word_1_193' title='bbox 868 2870 1235 2975; x_wconf 79' lang='grc' dir='ltr'>ἡμετέραις</span> <span class='ocrx_word' id='word_1_194' title='bbox 1270 2878 1545 2980; x_wconf 76' lang='grc' dir='ltr'>ψυχαῖς</span> <span class='ocrx_word' id='word_1_195' title='bbox 1582 2873 1881 2953; x_wconf 90' lang='grc' dir='ltr'>δέδωκεν</span> <span class='ocrx_word' id='word_1_196' title='bbox 1916 2874 1957 2951; x_wconf 85' lang='grc' dir='ltr'>ὁ</span> <span class='ocrx_word' id='word_1_197' title='bbox 1988 2870 2246 2975; x_wconf 87' lang='grc' dir='ltr'>Πατὴρ</span> <span class='ocrx_word' id='word_1_198' title='bbox 2282 2872 2369 2953; x_wconf 82' lang='grc' dir='ltr'>τὸ</span> <span class='ocrx_word' id='word_1_199' title='bbox 2402 2878 2700 2970; x_wconf 88' lang='grc' dir='ltr'>Πνεῦμα</span> <span class='ocrx_word' id='word_1_200' title='bbox 2725 2873 3066 2974; x_wconf 79' lang='grc' dir='ltr'>Χριστοῦ,</span> <span class='ocrx_word' id='word_1_201' title='bbox 3087 2886 3137 2928; x_wconf 74' lang='lat'>²⁰</span> 
     </span>
     <span class='ocr_line' id='line_1_22' title="bbox 621 2992 3060 3100; baseline -0.002 -26"><span class='ocrx_word' id='word_1_202' title='bbox 621 3023 658 3067; x_wconf 78' lang='grc' dir='ltr'>ο</span> <span class='ocrx_word' id='word_1_203' title='bbox 680 2994 812 3095; x_wconf 84' lang='grc' dir='ltr'>τὴν</span> <span class='ocrx_word' id='word_1_204' title='bbox 846 2997 1064 3076; x_wconf 87' lang='grc' dir='ltr'>αὐτοῦ</span> <span class='ocrx_word' id='word_1_205' title='bbox 1106 2992 1316 3100; x_wconf 86' lang='grc' dir='ltr'>χάριν</span> <span class='ocrx_word' id='word_1_206' title='bbox 1349 3031 1426 3077; x_wconf 91' lang='grc' dir='ltr'>τε</span> <span class='ocrx_word' id='word_1_207' title='bbox 1476 2999 1594 3077; x_wconf 82' lang='grc' dir='ltr'>καὶ</span> <span class='ocrx_word' id='word_1_208' title='bbox 1641 2996 2053 3099; x_wconf 89' lang='grc' dir='ltr'>παρουσίαν</span> <span class='ocrx_word' id='word_1_209' title='bbox 2088 3001 2202 3076; x_wconf 78' lang='grc' dir='ltr'>καὶ</span> <span class='ocrx_word' id='word_1_210' title='bbox 2242 2996 2543 3094; x_wconf 84' lang='grc' dir='ltr'>δύναμιν</span> <span class='ocrx_word' id='word_1_211' title='bbox 2577 2999 2653 3076; x_wconf 90' lang='grc' dir='ltr'>ἐν</span> <span class='ocrx_word' id='word_1_212' title='bbox 2688 2995 2862 3095; x_wconf 85' lang='grc' dir='ltr'>ἡμῖν</span> <span class='ocrx_word' id='word_1_213' title='bbox 2900 2997 3060 3084; x_wconf 85' lang='grc' dir='ltr'>ἀπο·</span> 
     </span>
     <span class='ocr_line' id='line_1_23' title="bbox 678 3118 3061 3229; baseline -0.003 -28"><span class='ocrx_word' id='word_1_214' title='bbox 678 3127 1030 3221; x_wconf 90' lang='grc' dir='ltr'>πληροῦν.</span> <span class='ocrx_word' id='word_1_215' title='bbox 1120 3119 1492 3226; x_wconf 88' lang='grc' dir='ltr'>ἀμήχανον</span> <span class='ocrx_word' id='word_1_216' title='bbox 1546 3120 1691 3225; x_wconf 81' lang='grc' dir='ltr'>γὰρ</span> <span class='ocrx_word' id='word_1_217' title='bbox 1748 3119 2131 3223; x_wconf 79' lang='grc' dir='ltr'>ἀνθρώπου</span> <span class='ocrx_word' id='word_1_218' title='bbox 2188 3120 2440 3229; x_wconf 77' lang='grc' dir='ltr'>ψυχὴν</span> <span class='ocrx_word' id='word_1_219' title='bbox 2496 3118 2966 3222; x_wconf 82' lang='grc' dir='ltr'>κατορθῶσαί</span> <span class='ocrx_word' id='word_1_220' title='bbox 3007 3148 3061 3194; x_wconf 83' lang='grc' dir='ltr'>τι</span> 
     </span>
     <span class='ocr_line' id='line_1_24' title="bbox 677 3241 3065 3349; baseline -0 -27"><span class='ocrx_word' id='word_1_221' title='bbox 677 3250 824 3323; x_wconf 82' lang='grc' dir='ltr'>τῶν</span> <span class='ocrx_word' id='word_1_222' title='bbox 859 3246 1152 3348; x_wconf 80' lang='grc' dir='ltr'>ἀγαθῶν</span> <span class='ocrx_word' id='word_1_223' title='bbox 1188 3243 1414 3347; x_wconf 83' lang='grc' dir='ltr'>ἤγουν</span> <span class='ocrx_word' id='word_1_224' title='bbox 1449 3251 1595 3327; x_wconf 83' lang='grc' dir='ltr'>τῶν</span> <span class='ocrx_word' id='word_1_225' title='bbox 1641 3248 1913 3327; x_wconf 78' lang='grc' dir='ltr'>οἰκείων</span> <span class='ocrx_word' id='word_1_226' title='bbox 1959 3250 2318 3349; x_wconf 87' lang='grc' dir='ltr'>κρατῆσαι</span> <span class='ocrx_word' id='word_1_227' title='bbox 2365 3251 2642 3343; x_wconf 77' lang='grc' dir='ltr'>παθῶν,</span> <span class='ocrx_word' id='word_1_228' title='bbox 2676 3241 2722 3344; x_wconf 86' lang='grc' dir='ltr'>ἢ</span> <span class='ocrx_word' id='word_1_229' title='bbox 2772 3247 2907 3343; x_wconf 81' lang='grc' dir='ltr'>τῆς</span> <span class='ocrx_word' id='word_1_230' title='bbox 2955 3243 3065 3321; x_wconf 79' lang='grc' dir='ltr'>τοῦ</span> 
     </span>
     <span class='ocr_line' id='line_1_25' title="bbox 676 3365 3062 3478; baseline -0.001 -32"><span class='ocrx_word' id='word_1_231' title='bbox 676 3368 1029 3462; x_wconf 84' lang='grc' dir='ltr'>διαβόλου</span> <span class='ocrx_word' id='word_1_232' title='bbox 1077 3371 1380 3473; x_wconf 89' lang='grc' dir='ltr'>παγίδος</span> <span class='ocrx_word' id='word_1_233' title='bbox 1431 3370 1668 3478; x_wconf 82' lang='grc' dir='ltr'>ὀξείας</span> <span class='ocrx_word' id='word_1_234' title='bbox 1723 3374 2095 3473; x_wconf 81' lang='grc' dir='ltr'>διαδρᾶναι</span> <span class='ocrx_word' id='word_1_235' title='bbox 2148 3366 2235 3450; x_wconf 78' lang='grc' dir='ltr'>τὸ</span> <span class='ocrx_word' id='word_1_236' title='bbox 2289 3370 2614 3472; x_wconf 87' lang='grc' dir='ltr'>μέγεθος,</span> <span class='ocrx_word' id='word_1_237' title='bbox 2649 3365 2749 3469; x_wconf 83' lang='grc' dir='ltr'>μὴ</span> <span class='ocrx_word' id='word_1_238' title='bbox 2805 3372 2902 3471; x_wconf 84' lang='grc' dir='ltr'>τῇ</span> <span class='ocrx_word' id='word_1_239' title='bbox 2954 3368 3062 3446; x_wconf 81' lang='grc' dir='ltr'>τοῦ</span> 
     </span>
     <span class='ocr_line' id='line_1_26' title="bbox 673 3489 3135 3600; baseline -0 -30"><span class='ocrx_word' id='word_1_240' title='bbox 673 3490 931 3592; x_wconf 82' lang='grc' dir='ltr'>Ἀγίου</span> <span class='ocrx_word' id='word_1_241' title='bbox 968 3492 1390 3593; x_wconf 82' lang='grc' dir='ltr'>Πνεύματος</span> <span class='ocrx_word' id='word_1_242' title='bbox 1445 3492 1977 3600; x_wconf 77' lang='grc' dir='ltr'>τετειχισμένην</span> <span class='ocrx_word' id='word_1_243' title='bbox 2027 3492 2288 3600; x_wconf 82' lang='grc' dir='ltr'>χάριτι,</span> <span class='ocrx_word' id='word_1_244' title='bbox 2328 3497 2445 3574; x_wconf 86' lang='grc' dir='ltr'>καὶ</span> <span class='ocrx_word' id='word_1_245' title='bbox 2501 3490 2720 3572; x_wconf 77' lang='grc' dir='ltr'>αὐτὸν</span> <span class='ocrx_word' id='word_1_246' title='bbox 2766 3489 3063 3595; x_wconf 79' lang='grc' dir='ltr'>ἔχουσαν</span> <span class='ocrx_word' id='word_1_247' title='bbox 3084 3502 3135 3563; x_wconf 83' lang='lat'>2⁵</span> 
     </span>
     <span class='ocr_line' id='line_1_27' title="bbox 672 3613 3063 3721; baseline 0.002 -27"><span class='ocrx_word' id='word_1_248' title='bbox 672 3617 749 3695; x_wconf 88' lang='grc' dir='ltr'>ἐν</span> <span class='ocrx_word' id='word_1_249' title='bbox 801 3615 1015 3721; x_wconf 81' lang='grc' dir='ltr'>ἑαυτῇ</span> <span class='ocrx_word' id='word_1_250' title='bbox 1072 3615 1190 3697; x_wconf 88' lang='grc' dir='ltr'>διά</span> <span class='ocrx_word' id='word_1_251' title='bbox 1242 3626 1457 3698; x_wconf 91' lang='grc' dir='ltr'>τοῦτο</span> <span class='ocrx_word' id='word_1_252' title='bbox 1510 3615 1865 3720; x_wconf 85' lang='grc' dir='ltr'>Χριστόν.</span> <span class='ocrx_word' id='word_1_253' title='bbox 1956 3621 2074 3698; x_wconf 79' lang='grc' dir='ltr'>καὶ</span> <span class='ocrx_word' id='word_1_254' title='bbox 2130 3626 2309 3721; x_wconf 88' lang='grc' dir='ltr'>γοῦν</span> <span class='ocrx_word' id='word_1_255' title='bbox 2363 3619 2403 3698; x_wconf 82' lang='grc' dir='ltr'><em>ὃ</em></span> <span class='ocrx_word' id='word_1_256' title='bbox 2463 3614 2853 3698; x_wconf 84' lang='grc' dir='ltr'>θεσπέσιος</span> <span class='ocrx_word' id='word_1_257' title='bbox 2914 3613 3063 3713; x_wconf 73' lang='grc' dir='ltr'>ἡμῖν</span> 
     </span>
     <span class='ocr_line' id='line_1_28' title="bbox 672 3737 3064 3848; baseline 0 -29"><span class='ocrx_word' id='word_1_258' title='bbox 672 3737 1002 3847; x_wconf 74' lang='grc' dir='ltr'>μελῳδὸς</span> <span class='ocrx_word' id='word_1_259' title='bbox 1046 3738 1138 3821; x_wconf 80' lang='grc' dir='ltr'>τὰ</span> <span class='ocrx_word' id='word_1_260' title='bbox 1189 3737 1368 3843; x_wconf 76' lang='grc' dir='ltr'>ὑπὲρ</span> <span class='ocrx_word' id='word_1_261' title='bbox 1414 3739 1677 3822; x_wconf 82' lang='grc' dir='ltr'>τούτου</span> <span class='ocrx_word' id='word_1_262' title='bbox 1725 3741 2162 3848; x_wconf 78' lang='grc' dir='ltr'>χαριστήρια</span> <span class='ocrx_word' id='word_1_263' title='bbox 2205 3740 2324 3822; x_wconf 79' lang='grc' dir='ltr'>διὰ</span> <span class='ocrx_word' id='word_1_264' title='bbox 2376 3745 2503 3842; x_wconf 86' lang='grc' dir='ltr'>τῆς</span> <span class='ocrx_word' id='word_1_265' title='bbox 2539 3738 2838 3839; x_wconf 78' lang='grc' dir='ltr'>ἐνούσης</span> <span class='ocrx_word' id='word_1_266' title='bbox 2890 3737 3064 3840; x_wconf 78' lang='grc' dir='ltr'>αὐτῷ</span> 
     </span>
     <span class='ocr_line' id='line_1_29' title="bbox 337 3862 3064 3973; baseline 0 -30"><span class='ocrx_word' id='word_1_267' title='bbox 337 3880 582 3943; x_wconf 69' lang='lat' dir='ltr'><strong>Pm.13.</strong></span> <span class='ocrx_word' id='word_1_268' title='bbox 674 3866 948 3970; x_wconf 88' lang='grc' dir='ltr'>σοφίας</span> <span class='ocrx_word' id='word_1_269' title='bbox 983 3867 1337 3949; x_wconf 74' lang='grc' dir='ltr'>συντιθεὶς</span> <span class='ocrx_word' id='word_1_270' title='bbox 1373 3864 1723 3973; x_wconf 81' lang='grc' dir='ltr'>ἀνεφώνει</span> <span class='ocrx_word' id='word_1_271' title='bbox 1755 3865 1937 3970; x_wconf 76' lang='grc' dir='ltr'>πρὸς</span> <span class='ocrx_word' id='word_1_272' title='bbox 1969 3867 2098 3948; x_wconf 77' lang='grc' dir='ltr'>τὸν</span> <span class='ocrx_word' id='word_1_273' title='bbox 2138 3867 2330 3947; x_wconf 87' lang='grc' dir='ltr'>Θεόν</span> <span class='ocrx_word' id='word_1_274' title='bbox 2365 3876 2410 3914; x_wconf 84' lang='grc'><strong>“</strong></span> <span class='ocrx_word' id='word_1_275' title='bbox 2442 3864 2684 3969; x_wconf 86' lang='grc' dir='ltr'>Κύριε,</span> <span class='ocrx_word' id='word_1_276' title='bbox 2722 3866 2818 3947; x_wconf 83' lang='grc' dir='ltr'>ὡς</span> <span class='ocrx_word' id='word_1_277' title='bbox 2868 3862 3064 3964; x_wconf 67' lang='grc' dir='ltr'>ὅπλῳ</span> 
     </span>
     <span class='ocr_line' id='line_1_30' title="bbox 609 3986 3064 4096; baseline 0 -28"><span class='ocrx_word' id='word_1_278' title='bbox 609 3994 655 4062; x_wconf 85' lang='lat' dir='ltr'><strong>d</strong></span> <span class='ocrx_word' id='word_1_279' title='bbox 678 3999 723 4038; x_wconf 87' lang='lat'><strong>“</strong></span> <span class='ocrx_word' id='word_1_280' title='bbox 757 3989 1072 4074; x_wconf 83' lang='grc' dir='ltr'>εὐδοκίας</span> <span class='ocrx_word' id='word_1_281' title='bbox 1107 3987 1628 4096; x_wconf 85' lang='grc' dir='ltr'>ἐστεφάνωσας</span> <span class='ocrx_word' id='word_1_282' title='bbox 1663 3991 1911 4091; x_wconf 84' lang='grc' dir='ltr'>ἡμᾶς“”</span> <span class='ocrx_word' id='word_1_283' title='bbox 1972 3991 2206 4074; x_wconf 77' lang='grc' dir='ltr'>ὅπλον</span> <span class='ocrx_word' id='word_1_284' title='bbox 2241 3990 2563 4075; x_wconf 82' lang='grc' dir='ltr'>εὐδοκίας</span> <span class='ocrx_word' id='word_1_285' title='bbox 2599 3986 2804 4068; x_wconf 85' lang='grc' dir='ltr'>οὐδὲν</span> <span class='ocrx_word' id='word_1_286' title='bbox 2838 3987 3064 4092; x_wconf 74' lang='grc' dir='ltr'>ἕτερον</span> 
     </span>
     <span class='ocr_line' id='line_1_31' title="bbox 675 4108 3134 4221; baseline -0.002 -29"><span class='ocrx_word' id='word_1_287' title='bbox 675 4110 851 4194; x_wconf 78' lang='grc' dir='ltr'>εἶναι</span> <span class='ocrx_word' id='word_1_288' title='bbox 914 4114 1176 4216; x_wconf 87' lang='grc' dir='ltr'>λέγων,</span> <span class='ocrx_word' id='word_1_289' title='bbox 1230 4113 1276 4216; x_wconf 87' lang='grc' dir='ltr'>ἢ</span> <span class='ocrx_word' id='word_1_290' title='bbox 1341 4112 1428 4195; x_wconf 80' lang='grc' dir='ltr'>τὸ</span> <span class='ocrx_word' id='word_1_291' title='bbox 1485 4116 1939 4221; x_wconf 76' lang='grc' dir='ltr'>προασπίζον</span> <span class='ocrx_word' id='word_1_292' title='bbox 2000 4116 2204 4218; x_wconf 80' lang='grc' dir='ltr'>ἡμῶν</span> <span class='ocrx_word' id='word_1_293' title='bbox 2248 4113 2515 4217; x_wconf 80' lang='grc' dir='ltr'>Ἀγιον</span> <span class='ocrx_word' id='word_1_294' title='bbox 2575 4118 2897 4212; x_wconf 87' lang='grc' dir='ltr'>Πνεῦμα,</span> <span class='ocrx_word' id='word_1_295' title='bbox 2964 4108 3063 4191; x_wconf 78' lang='grc' dir='ltr'>καὶ</span> <span class='ocrx_word' id='word_1_296' title='bbox 3082 4126 3134 4187; x_wconf 81' lang='lat'>3⁰</span> 
     </span>
     <span class='ocr_line' id='line_1_32' title="bbox 675 4233 3064 4349; baseline -0.001 -32"><span class='ocrx_word' id='word_1_297' title='bbox 675 4235 1003 4347; x_wconf 85' lang='grc' dir='ltr'>ἀδοκήτω</span> <span class='ocrx_word' id='word_1_298' title='bbox 1038 4238 1347 4345; x_wconf 89' lang='grc' dir='ltr'>συνέχον</span> <span class='ocrx_word' id='word_1_299' title='bbox 1380 4238 1587 4345; x_wconf 80' lang='grc' dir='ltr'>ἰσχύϊ</span> <span class='ocrx_word' id='word_1_300' title='bbox 1612 4238 1795 4345; x_wconf 74' lang='grc' dir='ltr'>πρὸς</span> <span class='ocrx_word' id='word_1_301' title='bbox 1837 4240 1924 4320; x_wconf 78' lang='grc' dir='ltr'>τὸ</span> <span class='ocrx_word' id='word_1_302' title='bbox 1967 4246 2225 4323; x_wconf 89' lang='grc' dir='ltr'>δοκοῦν</span> <span class='ocrx_word' id='word_1_303' title='bbox 2261 4246 2365 4349; x_wconf 76' lang='grc' dir='ltr'>τῷ</span> <span class='ocrx_word' id='word_1_304' title='bbox 2404 4244 2595 4348; x_wconf 77' lang='grc' dir='ltr'>Θεῷ.</span> <span class='ocrx_word' id='word_1_305' title='bbox 2675 4237 2933 4317; x_wconf 88' lang='grc' dir='ltr'>οὐκοῦν</span> <span class='ocrx_word' id='word_1_306' title='bbox 2969 4233 3064 4315; x_wconf 78' lang='grc' dir='ltr'>ὅτι</span> 
     </span>
     <span class='ocr_line' id='line_1_33' title="bbox 748 4446 3062 4528; baseline -0.001 -25"><span class='ocrx_word' id='word_1_307' title='bbox 748 4460 800 4516; x_wconf 93' lang='lat'>5.</span> <span class='ocrx_word' id='word_1_308' title='bbox 836 4448 982 4518; x_wconf 79' lang='grc' dir='ltr'>διακη</span> <span class='ocrx_word' id='word_1_309' title='bbox 922 4446 1182 4521; x_wconf 72' lang='grc' dir='ltr'>κηρύττεις</span> <span class='ocrx_word' id='word_1_310' title='bbox 1207 4448 1274 4504; x_wconf 85' lang='grc' dir='ltr'>Ε.</span> <span class='ocrx_word' id='word_1_311' title='bbox 1526 4452 1577 4507; x_wconf 85' lang='grc'>8.</span> <span class='ocrx_word' id='word_1_312' title='bbox 1615 4451 1735 4519; x_wconf 78' lang='grc' dir='ltr'>ὗμιν</span> <span class='ocrx_word' id='word_1_313' title='bbox 1761 4450 1825 4507; x_wconf 89' lang='lat' dir='ltr'>E.</span> <span class='ocrx_word' id='word_1_314' title='bbox 1855 4451 2061 4524; x_wconf 80' lang='lat' dir='ltr'><strong>Migne.</strong></span> <span class='ocrx_word' id='word_1_315' title='bbox 2084 4450 2206 4523; x_wconf 80' lang='grc' dir='ltr'>ἡμῖν</span> <span class='ocrx_word' id='word_1_316' title='bbox 2227 4448 3062 4528; x_wconf 62' lang='lat' dir='ltr'>Aub.17.efipieanm</span> 
     </span>
    </p>
   </div>
   <div class='ocr_carea' id='block_1_3' title="bbox 677 4517 3060 4665">
    <p class='ocr_par' dir='ltr' id='par_1_3' title="bbox 677 4517 3060 4665">
     <span class='ocr_line' id='line_1_34' title="bbox 679 4517 3060 4611; baseline -0.001 -36"><span class='ocrx_word' id='word_1_317' title='bbox 679 4520 745 4575; x_wconf 87' lang='grc' dir='ltr'>Ε.</span> <span class='ocrx_word' id='word_1_318' title='bbox 768 4519 1095 4603; x_wconf 67' lang='grc' dir='ltr'>εὑρίσκοντα</span> <span class='ocrx_word' id='word_1_319' title='bbox 1119 4519 1224 4575; x_wconf 89' lang='lat' dir='ltr'>Ed.</span> <span class='ocrx_word' id='word_1_320' title='bbox 1422 4522 1508 4577; x_wconf 84' lang='lat'>28.</span> <span class='ocrx_word' id='word_1_321' title='bbox 1543 4523 1634 4577; x_wconf 79' lang='grc' dir='ltr'>τὸν</span> <span class='ocrx_word' id='word_1_322' title='bbox 1656 4522 2002 4611; x_wconf 77' lang='lat' dir='ltr'><strong>om.M1gne.</strong></span> <span class='ocrx_word' id='word_1_323' title='bbox 2217 4540 2306 4594; x_wconf 84' lang='lat'>31.</span> <span class='ocrx_word' id='word_1_324' title='bbox 2342 4519 2567 4592; x_wconf 73' lang='grc' dir='ltr'>συνέχον</span> <span class='ocrx_word' id='word_1_325' title='bbox 2589 4519 2638 4576; x_wconf 83' lang='grc' dir='ltr'><strong>Ε</strong></span> <span class='ocrx_word' id='word_1_326' title='bbox 2661 4538 2727 4575; x_wconf 80' lang='lat' dir='ltr'>ex</span> <span class='ocrx_word' id='word_1_327' title='bbox 2752 4517 3060 4574; x_wconf 70' lang='lat' dir='ltr'><strong>correctione</strong></span> 
     </span>
     <span class='ocr_line' id='line_1_35' title="bbox 677 4590 2171 4665; baseline 0.004 -20"><span class='ocrx_word' id='word_1_328' title='bbox 677 4608 844 4645; x_wconf 87' lang='lat' dir='ltr'><strong>manu</strong></span> <span class='ocrx_word' id='word_1_329' title='bbox 869 4591 1056 4661; x_wconf 84' lang='lat' dir='ltr'><strong>prima.</strong></span> <span class='ocrx_word' id='word_1_330' title='bbox 1090 4591 1147 4646; x_wconf 88' lang='lat' dir='ltr'>F.</span> <span class='ocrx_word' id='word_1_331' title='bbox 1174 4590 1410 4662; x_wconf 74' lang='grc' dir='ltr'>συνέχων</span> <span class='ocrx_word' id='word_1_332' title='bbox 1434 4592 1537 4647; x_wconf 80' lang='lat' dir='ltr'>Ed.</span> <span class='ocrx_word' id='word_1_333' title='bbox 1563 4614 1652 4664; x_wconf 77' lang='grc' dir='ltr'>γρ.</span> <span class='ocrx_word' id='word_1_334' title='bbox 1678 4593 1902 4665; x_wconf 78' lang='grc' dir='ltr'>συνέχον</span> <span class='ocrx_word' id='word_1_335' title='bbox 1928 4593 2031 4650; x_wconf 83' lang='lat' dir='ltr'>Ed.</span> <span class='ocrx_word' id='word_1_336' title='bbox 2058 4613 2171 4665; x_wconf 84' lang='lat' dir='ltr'>mg.</span> 
     </span>
    </p>
   </div>
  </div>
 </body>
</html>
