3238 5158
222 325 386 392 xvii.
417 346 517 393 11.
595 328 705 394 IN
764 329 832 394 S.
879 329 1397 399 JOANNEM.
1484 332 1681 400 LIB.
1721 333 1852 401 XI.
1940 335 2145 401 cAP.
2189 334 2317 400 IX.
2498 331 2626 396 695

223 492 687 597 εἶσδεχθεῖσά
743 528 822 577 τε
886 497 1006 577 καὶ
1066 497 1525 602 τετηρημένη.
1605 500 2074 581 τεταπείνωκε
2142 498 2289 603 γὰρ
2353 494 2627 594 ἑαυτὸν,

222 615 601 699 τουτέστιν
643 618 822 700 ἑκὼν
880 625 997 702 καὶ
1053 623 1182 702 οὐκ
1233 621 1323 729 ἐξ
1371 621 1687 724 ἀνάγκης
1740 628 1868 723 τῆς
1919 657 2135 708 τινος.
2216 622 2429 722 ἁλοίη
2482 618 2627 723 γὰρ

223 736 318 819 ἂν
355 742 491 846 οὐχ
540 741 720 824 ἑκὼν
756 743 859 826 ἔτι
890 744 977 826 τὸ
1012 750 1140 845 τῆς
1175 746 1673 832 ταπεινώσεως
1719 748 2100 847 ὑπομείνας
2143 746 2397 843 πάθος,
2433 743 2626 846 ε’ίπερ

222 860 320 961 ἦν
376 899 486 950 τις
542 866 733 953 ὅλως
791 868 832 947 ὁ
893 875 1346 950 πλεονεκτεῖν
1408 869 1709 975 ἰσχύων,
1767 872 1885 951 καὶ
1946 869 2389 970 ἀνεθελήτως
2454 865 2628 948 ἰέναι

156 1008 195 1068 5
223 987 413 1089 πρὸς
470 998 684 1071 τοῦτο
747 990 1080 1073 κελεύων.
1164 994 1627 1074 τεταπείνωκε
1688 995 1926 1075 τοίνυν
1987 992 2239 1075 ἑαυτὸν
2298 991 2478 1073 ἑκὼν
2535 993 2620 1072 δι’

222 1112 440 1211 ἡμᾶς·
520 1116 605 1194 οὐ
668 1115 812 1219 γὰρ
881 1116 972 1196 ἀν
1022 1115 1543 1217 ὦνομάσθημέν
1600 1153 1779 1200 ποτε
1830 1121 1947 1198 καὶ
2001 1118 2199 1219 ἡμεῖς
2254 1120 2388 1198 υἱοὶ
2444 1113 2627 1195 κατὰ

225 1233 444 1340 χάριν
481 1239 598 1318 καὶ
653 1246 819 1338 θεοὶ,
855 1240 957 1341 μὴ
1003 1243 1160 1347 οὐχὶ
1207 1239 1342 1342 τὴν
1377 1240 1552 1345 ὑπὲρ
1603 1241 1808 1341 ἡμῶν
1851 1245 1968 1322 καὶ
2019 1243 2106 1321 δι’
2146 1243 2332 1342 ἡμᾶς
2380 1246 2623 1331 εἰσβε-

223 1358 541 1462 βηκότος
604 1364 1034 1446 ταπείνωσιν
1097 1373 1224 1446 τοῦ
1292 1371 1774 1468 Μονογενοῦς,
1837 1365 2018 1470 πρὸς
2090 1363 2172 1445 ὃν
2237 1367 2355 1444 καὶ
2428 1364 2625 1443 αὐτοὶ
2649 1395 2687 1440 ο

226 1486 717 1592 μορφούμενοι
769 1488 887 1568 διά
940 1489 1320 1589 μετουσίας
1355 1497 1483 1569 τοῦ
1533 1489 1971 1589 Πνεύματος,
2017 1490 2133 1569 καὶ
2184 1487 2396 1568 τέκνα
2432 1492 2628 1567 Θεοῦ

118 1645 202 1685 10
228 1611 381 1700 καὶ,
404 1613 552 1691 θεοὶ
605 1613 1150 1718 χρηματίζομεν.
1250 1612 1425 1692 ὅταν
1479 1613 1603 1692 οὖν
1658 1647 1729 1693 τι
1783 1612 1967 1720 λέγῃ
1991 1604 2629 1716 ’συμπαραζεύξας

227 1731 505 1835 τρόπον
558 1735 718 1816 τινὰ
768 1741 874 1845 τῷ
936 1742 1148 1845 θεῖκῷ
1201 1740 1317 1817 καὶ
1374 1736 1458 1817 τὸ
1523 1736 1995 1840 ἀνθρώπινον,
2062 1735 2163 1837 μὴ
2234 1734 2353 1814 διὰ
2414 1716 2629 1815 τοῦτο

226 1862 806 1965 σκανδαλισθῇς,
865 1860 1227 1945 ἀσυνέτως
1301 1862 1508 1969 ἀφεὶς
1571 1857 1656 1941 τὸ
1731 1859 2102 1961 θαυμάσαι
2174 1856 2629 1960 καθηκόντως

228 1979 365 2081 τὴν
399 1984 896 2084 ἐπινοηθεῖσαν
931 1991 1079 2068 τοῖς
1125 1980 1374 2087 λόγοις
1411 1981 1852 2088 ἀσύγκριτον
1885 1983 2167 2089 τέχνην,
2208 1980 2325 2064 διὰ
2359 1979 2630 2068 παντὸς

229 2107 405 2207 ἡμῖν
448 2105 969 2212 ἀνασῴζουσαν
1013 2107 1284 2211 τρόπου
1331 2105 1416 2188 τὸ
1465 2112 1771 2189 διπλοῦν
1808 2109 2132 2207 ἀστείως,
2187 2110 2283 2190 ὦς
2333 2108 2509 2210 ὁρᾶν
2556 2110 2632 2187 ἐν

121 2260 147 2300 1
160 2254 203 2315 5
229 2232 474 2339 ταύτῷ
510 2230 638 2312 τὸν
671 2233 982 2334 λέγοντα
1019 2230 1209 2313 Θεόν
1245 2267 1322 2313 τε
1359 2237 1451 2338 τῇ
1489 2232 1713 2340 φύσει
1749 2236 1866 2313 καὶ
1903 2231 2285 2336 ἄνθρωπον
2322 2235 2633 2333 ἀληθῶς,

228 2360 327 2459 τῇ
360 2360 490 2454 τῆς
525 2354 834 2460 ἀῤῥήτου
870 2354 1162 2463 φύσεως
1197 2356 1378 2463 δόξῃ
1426 2354 1511 2436 τὸ
1547 2360 1677 2455 τῆς
1714 2352 2266 2460 ἀνθρωπότητος
2300 2352 2636 2435 ταπεινὸν

226 2479 314 2559 εὖ
368 2476 573 2578 μάλα
625 2479 1289 2577 συναναπλέκοντα,
1330 2477 1745 2559 ἀνυπαίτιόν
1781 2514 1860 2559 τε
1910 2481 2027 2559 καὶ
2064 2476 2309 2585 ψόγου
2361 2475 2631 2560 παντὸς
2659 2492 2705 2557 d

231 2604 614 2706 ἐλευθέραν
664 2603 1087 2708 τηρήσαντα
1147 2610 1522 2690 παντελῶς
1587 2602 1720 2703 τὴν
1777 2604 1882 2685 ἐπ’
1940 2601 2166 2710 ἄμφω
2220 2601 2638 2704 σύμμετρον,

229 2727 611 2831 ἐκδρομήν.

118 2889 207 2931 20
355 2854 502 2932 Καὶ
562 2851 788 2933 ταῦτά
843 2859 1106 2961 φαμεν,
1154 2854 1281 2935 οὐκ
1337 2858 1435 2937 εἷς
1488 2849 1573 2934 τὸ
1632 2859 1829 2952 μεῖον
1882 2851 2065 2956 ἤπερ
2119 2848 2212 2952 ἦν
2259 2852 2335 2931 ἐν
2383 2850 2637 2954 ἀρχαῖς

230 2973 370 3077 τὴν
407 2985 536 3057 τοῦ
576 2972 821 3079 Λόγου
865 2976 1093 3085 φύσιν
1129 2975 1637 3059 κατεσπάσθαι
1685 2974 2323 3075 διαβεβαιούμενοι,
2359 2974 2633 3055 πόθεν·
2613 3035 2635 3069 ,

234 3100 549 3200 ἀμαθίας
601 3100 746 3203 γὰρ
782 3099 1095 3206 ἐσχάτης
1150 3102 1277 3182 οὐκ
1332 3100 1785 3204 ἀμοιρήσειεν
1823 3097 1913 3180 ἀν
1954 3099 2039 3181 τὸ
2090 3100 2277 3180 οὕτω
2324 3103 2642 3205 φρονεῖν,

233 3226 389 3304 ἐπεὶ
444 3220 679 3325 πάντη
735 3259 811 3305 τε
866 3227 986 3305 καὶ
1038 3222 1325 3309 πάντως
1378 3223 1650 3309 ἀπαθὲς
1713 3223 1798 3305 τὸ
1865 3229 2077 3320 θεῖον,
2136 3226 2266 3323 τῆς
2326 3226 2425 3304 εἰς
2489 3226 2640 3299 πᾶν

236 3350 478 3429 ὁτιοῦν
530 3353 999 3452 παρατροπῆς
1047 3350 1177 3429 οὐκ
1211 3348 1662 3454 ἀνεχόμενον,
1697 3345 2160 3451 ἑδραιοτάτην
2216 3343 2293 3426 δὲ
2346 3350 2639 3444 μᾶλλον

122 3515 160 3553 2
168 3508 206 3570 5
235 3471 371 3575 τὴν
404 3473 664 3553 οἰκείαν
699 3472 1080 3576 ἀποσῶζον
1117 3471 1411 3552 στάσιν·
1482 3473 1654 3580 ἀλλ’
1698 3469 1808 3551 ὅτι
1859 3474 1991 3570 τῆς
2039 3470 2368 3552 ἑκουσίου
2416 3465 2631 3546 κενώ-

236 3630 430 3681 σεως
467 3597 508 3676 ὃ
543 3594 810 3699 τρόπος
855 3599 950 3681 ὡς
997 3596 1086 3703 ἐξ
1125 3595 1516 3698 ἀναγκαίου
1563 3591 1796 3698 λόγου
1845 3592 1930 3674 τὸ
1966 3596 2096 3694 τῆς
2142 3590 2642 3676 ταπεινώσεως

234 3721 717 3825 περικείμενος
764 3724 1042 3825 σχῆμα,
1081 3718 1198 3800 διὰ
1244 3716 1329 3800 τὸ
1384 3718 1835 3823 ἀνθρώπινον
1883 3718 1960 3798 ἐν
1996 3714 2351 3798 ἐλάττοσί
2387 3751 2545 3801 πως
2593 3712 2641 3818 ἢ

237 3847 316 3925 ἐν
353 3842 456 3929 οἷς
505 3847 710 3925 ἐστιν
744 3845 784 3924 ὃ
833 3842 1093 3947 Πατὴρ
1145 3844 1531 3951 φαίνεσθαι
1574 3849 1781 3942 ποιεῖ,
1817 3839 1946 3923 τὸν
1982 3841 2148 3922 ἴσον
2194 3842 2389 3948 αὐτῷ
2437 3840 2638 3940 σύμ·
2694 3912 2699 3917 ,

238 3966 531 4075 μορφόν
564 4002 643 4049 τε
677 3970 796 4048 καὶ
831 3970 906 4047 ἐν
942 3968 1135 4076 αὐτῷ
1178 4001 1298 4048 και
1346 3968 1434 4075 ἐξ
1480 3968 1701 4048 αὐτοῦ
1734 3964 2111 4074 πεφηνότα
2148 3964 2342 4046 Θεὸν
2381 3969 2638 4044 Μονο-

124 4137 212 4196 30
237 4096 436 4197 γενῆ.
519 4125 635 4173 και
672 4090 774 4191 μὴ
808 4088 1187 4198 θαυμάσῃς
1223 4091 1519 4189 ἀκούων,
1552 4097 1611 4172 εἰ
1650 4094 1778 4191 τῆς
1812 4097 1944 4169 τοῦ
1978 4087 2272 4193 Πατρὸς
2306 4098 2633 4190 μεγαλο-

238 4216 577 4319 πρεπείας
623 4217 699 4296 ἐν
734 4214 1119 4296 ἐλάττοσιν
1154 4211 1329 4296 ειναι
1366 4217 1565 4295 δοκεῖ
1600 4213 1719 4294 διὰ
1753 4210 1838 4294 τὸ
1877 4212 2397 4316 ἀνθρώπινον
2365 4245 2405 4290 ο
2443 4207 2639 4307 Υιος,
2663 4252 2700 4294 a
2754 4239 2878 4297 971
2895 4235 2978 4297 A.

241 4339 362 4421 ὅτε
417 4339 534 4421 διὰ
588 4348 800 4422 τοῦτο
851 4374 971 4421 και
1025 4340 1259 4420 αὐτῶν
1295 4338 1651 4440 ηττῆσθαι
1692 4344 1838 4418 τῶν
1884 4336 2224 4440 ἀγγελων
2261 4334 2302 4414 ὁ
2341 4339 2640 4419 Παῦλος

236 4463 411 4566 ἡμῖν
472 4462 692 4547 αὐτὸν
746 4462 1251 4571 διισχυρίσατο
1304 4461 1616 4570 γράφων
1672 4458 1808 4543 ὧδε
1868 4471 1912 4509 “
1941 4458 2097 4543 Τὸν
2147 4457 2225 4539 δὲ
2268 4456 2515 4564 βραχύ
2569 4490 2640 4541 τι
2728 4454 2864 4507 Heb.
2888 4453 2944 4507 ii.

2729 4535 2777 4587 9·
