3238 5158
614 329 739 392 112
1217 330 1295 395 Β.
1344 330 1764 396 CYRILLI
1823 331 2403 397 ALEXANDR.
2746 353 2879 396 vm
2904 346 3011 414 50.

608 492 1036 595 προτρέπων
1070 494 1379 589 εὐπετῶς
1428 500 1526 581 εἷς
1572 494 1843 596 ταύτην
1893 496 2069 576 ἰέναι
2115 494 2316 581 τινὰς
2363 494 2497 595 τὴν
2540 492 3008 591 δυσσέβειαν,

609 623 824 695 τοῦτο
878 616 1117 720 λέγων
1172 620 1442 721 ὁρᾶται,
1489 622 1713 699 ἐκεῖνο
1768 618 1846 700 δὲ
1900 626 2196 718 μᾶλλον
2251 622 2621 720 ὑποδηλοῖ,
2664 617 2814 718 ἥκω
2867 616 3014 718 γάρ

611 744 866 844 φησιν,
903 741 988 819 οὐ
1044 740 1270 849 δόξαν
1317 739 1450 843 τὴν
1499 740 1671 846 παρ’
1711 744 1912 841 ὑμῶν
1946 739 2596 847 ἐμπορευσόμενος,
2639 740 2810 821 ἀλλ’
2850 739 3015 821 οὐδὲ

553 895 591 941 ο
614 859 806 946 ὅλως
850 867 1058 964 τιμῆς
1092 862 1137 965 ἢ
1173 865 1494 950 εὐκλείας
1531 866 1983 970 γλιχόμενος.
2068 868 2552 947 τεταπείνωκα
2601 861 2747 967 γὰρ
2794 866 3014 962 ε’μαυ-

610 982 761 1084 τὸν,
796 988 871 1066 ἐν
906 991 1157 1095 μορφῇ
1206 996 1335 1069 τοῦ
1372 994 1563 1070 Θεοῦ
1596 993 1714 1069 καὶ
1749 987 2043 1093 Πατρός
2081 988 2444 1094 ὑπάρχων,
2481 991 2598 1069 καὶ
2636 987 3015 1091 ἄνθρωπος
3040 1017 3078 1078 5

610 1109 877 1212 γέγονα
928 1113 1094 1191 καθ’
1136 1113 1316 1210 ὑμᾶς
1367 1114 1452 1193 δι’
1491 1116 1696 1214 ὑμᾶς.
1775 1116 1817 1194 ὁ
1868 1113 1945 1194 δὲ
1995 1113 2261 1195 δούλου
2307 1111 2602 1219 μορφὴν
2638 1113 2764 1191 οὐκ
2815 1112 3011 1191 ἀπα-

613 1232 891 1340 ξιῶσας
937 1242 1212 1333 λαβεῖν,
1251 1235 1417 1343 ἐξὸν
1452 1239 1528 1317 ἐν
1570 1233 1854 1338 ἰσότητι
1906 1241 2255 1337 διαμεῖναι
2305 1243 2396 1341 τῇ
2444 1234 2627 1340 πρὸς
2663 1234 2856 1316 Θεὸν
2893 1239 3015 1316 καὶ

614 1358 929 1464 Πατέρα,
968 1340 1086 1440 καὶ
1121 1368 1271 1446 τοῖς
1317 1360 1492 1465 ὑπὲρ
1544 1367 1714 1441 νοῦν
1749 1363 1867 1440 καὶ
1905 1359 2137 1463 λόγον
2172 1364 2554 1467 ἐντρυφᾶν,
2589 1366 2744 1443 πῶς
2779 1358 2871 1439 ἂν
2908 1358 3014 1440 ἔτι

611 1491 846 1564 νοοῖτο
883 1483 1107 1593 δόξαν
1142 1484 1276 1586 τὴν
1310 1483 1446 1567 ὑπό
1483 1519 1614 1565 του
1650 1485 1899 1589 ζητῶν,
1924 1488 2039 1565 καὶ
2077 1486 2238 1591 οὐχὶ
2273 1492 2566 1585 μᾶλλον
2591 1483 3016 1564 ἐθελούσιον

610 1608 983 1707 ὑπομεῖναι
1043 1607 1177 1708 τὴν
1239 1610 1538 1717 ἀδοξίαν
1601 1603 1721 1688 διὰ
1784 1607 1869 1688 τὸ
1933 1608 2196 1713 ἑτέροις
2257 1607 2669 1716 χρήσιμον;
2750 1605 2797 1707 ἢ
2865 1606 3013 1711 γὰρ
3046 1645 3120 1685 10

609 1729 822 1811 τοῦτό
873 1738 1105 1837 φησιν
1139 1733 1216 1811 ἐν
1250 1730 1527 1817 τούτοις
1577 1734 1618 1812 ὃ
1664 1730 1951 1835 Κύριος,
1987 1730 2035 1832 ἢ
2082 1734 2202 1812 καὶ
2251 1733 2419 1813 καθ’
2460 1732 2701 1835 ἕτερον
2736 1730 3016 1834 τρόπον

542 1871 589 1935 d
612 1856 696 1934 οὑ
758 1853 984 1957 ζητεῖν
1042 1853 1260 1934 αὐτον
1319 1851 1454 1954 τὴν
1509 1859 1764 1936 ἑαυτοῦ
1830 1855 2054 1963 δόξαν
2111 1853 2686 1955 ὑποτοπήσομεν.
2771 1854 3016 1958 παρὸν

610 2011 759 2081 γαρ
794 1979 987 2086 αὐτῷ
1021 1982 1467 2084 παραχρῆμα
1508 1977 1834 2083 κολάζειν
1870 1978 2037 2065 τοὺς
2078 1977 2454 2083 ὑβριστὰς,
2491 1983 2610 2059 καὶ
2655 1976 2786 2064 τὰς
2830 1978 3015 2083 ὑπὲρ

608 2104 739 2200 τῆς
789 2103 1205 2210 δυσφημίας
1255 2101 1712 2208 εἰσπράττειν
1753 2104 1973 2201 δίκας,
2011 2105 2109 2188 ὡς
2157 2138 2256 2188 εις
2304 2097 2524 2184 αὐτον
2558 2104 3014 2199 ἀσεβοῦντας

606 2223 738 2306 τὸν
773 2222 1113 2306 ἁπάντων
1152 2225 1449 2328 Κύριον·
1534 2225 1737 2330 φέρει
1785 2259 1871 2305 το
1921 2234 2202 2307 λυποῦν
2244 2226 2510 2332 ἡσυχῇ,
2549 2229 2665 2306 καὶ
2716 2229 3004 2328 διεκαρ-
3043 2255 3120 2318 15

604 2347 792 2452 τέρει
862 2357 1215 2429 τοσοῦτον
1283 2353 1380 2434 ὡς
1451 2351 1630 2450 μηδ’
1699 2348 1883 2430 ὅσον
1954 2355 2172 2431 εἰπεῖν
2246 2353 2732 2450 ἀντιλυπῆσαι
2802 2349 3013 2459 λόγῳ

607 2477 816 2581 ψιλῷ
888 2470 1055 2557 τοὺς
1114 2472 1468 2576 ἀλαζόνας
1534 2471 1832 2554 ἐθέλειν·
1922 2476 2097 2554 ἀλλ’
2159 2475 2277 2555 ἵνα
2348 2473 2450 2575 μὴ
2517 2475 2861 2583 φαίνηται
2922 2473 3013 2555 τὸ

607 2603 995 2694 δυσσεβεῖν
1051 2601 1148 2682 εἷς
1212 2596 1406 2679 Θεὸν
1465 2606 1612 2685 τοῖς
1676 2606 2025 2705 τυχοῦσιν
2091 2597 2531 2700 ἱππήλατον,
2601 2598 3015 2702 ἀναγκαίως

605 2722 841 2806 αὐτοῖς
889 2718 1139 2825 ὥσπερ
1192 2721 1648 2827 ἐπιτείχισμά
1698 2757 1771 2803 τι
1825 2722 2246 2804 διακωλύων
2292 2727 2390 2808 εἶς
2436 2730 2650 2804 τοῦτο
2696 2721 3015 2826 βαδίζειν

604 2847 878 2945 εὐθέως,
920 2844 1054 2946 τὴν
1111 2854 1239 2926 τοῦ
1299 2845 1591 2949 Πατρὸς
1646 2846 2030 2954 ἀντέταξεν
2085 2846 2334 2950 ὀργήν.
2418 2847 3009 2954 ἀνεξικακοῦντος
3039 2891 3123 2934 20

543 3001 580 3045 e
605 2968 747 3074 γὰρ
801 2978 930 3052 τοῦ
985 2976 1189 3070 Υἱοῦ,
1246 2972 1362 3050 καὶ
1421 2969 1554 3072 τὴν
1610 2971 1797 3051 ἰδίαν
1851 2970 1936 3050 οὗ
2000 2974 2512 3055 διεκδικοῦντος
2562 2973 3008 3074 παραχρῆμα

604 3093 847 3202 δόξαν,
885 3096 1014 3175 οὑκ
1048 3094 1377 3201 ἀνέξεταί
1406 3098 1641 3202 φησιν
1677 3097 1718 3174 ὃ
1758 3093 2043 3198 Πατήρ·
2110 3094 2381 3180 ἔκδικος
2430 3091 2576 3197 γὰρ
2623 3094 2852 3192 ἔσται,
2889 3097 3008 3173 καὶ

602 3225 750 3303 τοῖς
816 3220 1195 3322 ὑβρισταῖς
1256 3216 1862 3319 ἐπαναστήσεται,
1919 3218 2055 3322 οὐχ
2109 3220 2206 3303 ὡς
2262 3217 2478 3326 ἑτέρῳ
2535 3217 3010 3322 συνασπίζων

601 3339 843 3446 τυχὸν,
881 3339 1042 3421 οὑδὲ
1078 3345 1174 3425 ὡς
1212 3339 1368 3425 ἐνὸς
1404 3347 1551 3422 τ’ὣν
1587 3342 1817 3443 ἀγίων
1856 3340 2297 3445 ὑβρισμένου
2331 3346 2725 3422 λυπεῖσθαι
2768 3340 3008 3421 θέλων

601 3468 720 3545 καὶ
771 3467 1067 3569 πρέπειν
1115 3463 1452 3564 οἰόμενος,
1497 3466 1669 3545 ἀλλ’
1719 3466 1817 3549 ὡς
1869 3470 1969 3549 εἰς
2022 3462 2244 3545 αὑτὸν
2290 3464 2823 3566 ἀναβαινούσης
2876 3468 3008 3564 τῆς
3037 3464 3138 3561 25

601 3589 977 3693 ἁμαρτίας·
1039 3586 1243 3669 οὐδὲν
1278 3586 1425 3693 γὰρ
1477 3587 1669 3673 ὅλως
1718 3585 1803 3669 τὸ
1851 3595 2325 3688 μεσολαβοῦν
2362 3589 2659 3692 Πατέρα
2710 3591 2828 3668 καὶ
2874 3587 3007 3669 τὸν

599 3710 800 3811 Yth»,
839 3712 1022 3793 ὅσον
1055 3718 1155 3798 εἷς
1203 3712 1457 3798 οὐσίας
1504 3708 1907 3813 ταυτότητά
1958 3719 2219 3821 φαμεν,
2258 3708 2393 3794 κάν
2438 3714 2629 3797 ἰδίως
2676 3710 3007 3815 ἑκάτερος

601 3835 945 3941 ὑπάρχειν
1008 3842 1264 3918 νοοῖτο.
1369 3832 1487 3915 διὰ
1535 3834 1682 3939 γάρ
1744 3869 1856 3916 τοι
1915 3844 2130 3916 τοῦτο
2186 3838 2302 3916 καὶ
2369 3836 2410 3915 ὃ
2471 3835 2737 3939 Κύριος
2797 3836 3008 3935 ἡμῶν

261 3968 487 4097 ἕξω-εν·
597 3960 883 4062 Ἰησοῦς
919 3960 960 4040 ό
997 3958 1325 4064 Χριστὸς
1359 3962 1437 4040 ἐν
1472 3959 1733 4063 ἑτέροις
1765 3960 2001 4066 φησίν
2038 3970 2082 4008 “
2107 3961 2206 4040 Ὁ
2240 3956 2343 4060 μὴ
2380 3966 2608 4061 τιμῶν
2642 3958 2772 4041 τὸν
2797 3957 3004 4053 Υὶὸν,

667 4145 718 4201 6.
756 4145 872 4201 διΗ
846 4170 878 4202 υ
877 4148 993 4217 pii-s·
1042 4145 1373 4232 dabssbov'kov
1394 4143 1817 4217 pta-pspffvobxss
1844 4147 1875 4199 ὁ
1905 4144 1963 4200 δὲ
1996 4143 2192 4202 δοῦλου
2222 4144 2404 4269 μορφὴ
2374 4141 2947 4214 ὴνοῦκθιὶιίδοῑθῐα.
2973 4148 3005 4200 ὁ

601 4215 686 4290 [δε
709 4169 949 4288 Aubfm]
909 4215 975 4272 δι’
1000 4216 1131 4286 ὑμας
1153 4217 1273 4272 οὑδὲ
1298 4215 1490 4272 δουλου
1511 4217 1664 4288 μορφ
1698 4238 1727 4270 ν
1751 4214 1937 4271 Holst.
1964 4215 2070 4272 Ed.
2388 4237 2484 4270 του
2510 4214 2577 4270 Β.
2600 4236 2740 4271 τινος
2765 4213 2865 4270 Ht.
2893 4214 3002 4271 Ed.

672 4289 925 4343 ,λυποῦν
951 4239 1131 4343 Ba.
1093 4286 1212 4343 Cat.
1242 4288 1396 4342 Harl.
1420 4289 1608 4342 λοιπὸν
1693 4290 1738 4342 t.
1763 4286 1868 4342 Ed.
2149 4285 2233 4341 16.
2316 4288 2434 4342 πεῖν
2461 4284 2527 4340 Β.
2551 4287 2738 4341 λυπεῖν
2763 4285 2865 4341 Ht.
2892 4285 3002 4342 Ed.

671 4359 854 4427 ,ππηῖ
834 4358 1017 4413 ’λατον
1043 4356 1159 4413 ΒΔ.
1185 4357 1305 4414 Cat.
1336 4359 1488 4414 Harl.
1514 4359 1532 4412 ί
1532 4359 1820 4427 ππηλατῶν
1845 4357 1946 4413 Ht.
1973 4356 2078 4412 Ed.
2178 4357 2455 4428 ἀναγκαῖον
2482 4354 2547 4410 Β.
2576 4355 2675 4411 Ht.
2699 4355 3006 4411 emendavit

594 4447 625 4483 e
650 4380 854 4484 Cat.
795 4437 859 4483 ut
881 4428 993 4484 vid.
1018 4428 1163 4485 Aub.
1466 4427 1756 4484 διακωλυον
1778 4427 2028 4484 emendat
2055 4429 2238 4483 Heee
2437 4441 2525 4494 25.
2562 4427 2631 4483 ὥς
2656 4436 3005 4496 assumptum

592 4517 660 4554 ex
686 4499 805 4556 B.a.
1067 4511 1134 4569 27
1139 4499 1296 4555 ,ἰδία
1320 4518 1368 4556 ι.
1347 4446 1432 4556 lg.
1430 4517 1478 4556 c.
1575 4498 1773 4554 Statim
1772 4500 2037 4582 ,ἑκάτερος
2059 4517 2089 4554 e
2221 4498 2421 4553 .Ηω·1.
2446 4496 2753 4554 emendavit
2775 4496 2928 4553 Aah.
2950 4507 3006 4553 et

593 4570 667 4626 ita
691 4588 738 4627 ι.
763 4569 984 4628 &noo-roc
1009 4569 1076 4625 B.
1079 4511 1134 4625 b7.
1137 4539 1185 4627 ⁹0.
1214 4570 1313 4626 Ht.
1527 4586 1612 4641 29.
1651 4571 1682 4623 ὁ
1705 4569 1857 4642 priu-
1881 4577 2221 4642 assumptum
2245 4586 2311 4625 ex
2339 4567 2405 4624 B.
