<?xml version="1.0" encoding="UTF-8"?>
<!DOCTYPE html PUBLIC "-//W3C//DTD XHTML 1.0 Transitional//EN"
    "http://www.w3.org/TR/xhtml1/DTD/xhtml1-transitional.dtd">
<html xmlns="http://www.w3.org/1999/xhtml" xml:lang="en" lang="en">
 <head>
  <title>
</title>
<meta http-equiv="Content-Type" content="text/html;charset=utf-8" />
  <meta name='ocr-system' content='tesseract 3.04.00' />
  <meta name='ocr-capabilities' content='ocr_page ocr_carea ocr_par ocr_line ocrx_word'/>
</head>
<body>
  <div class='ocr_page' id='page_1' title='image "./sanctipatrisnos03pusegoog_0166.png"; bbox 0 0 3238 5158; ppageno 0'>
   <div class='ocr_carea' id='block_1_1' title="bbox 600 333 3010 417">
    <p class='ocr_par' dir='ltr' id='par_1_1' title="bbox 600 333 3010 417">
     <span class='ocr_line' id='line_1_1' title="bbox 600 333 3010 417; baseline -0.002 -18"><span class='ocrx_word' id='word_1_1' title='bbox 600 338 729 399; x_wconf 78' lang='lat'>154</span> <span class='ocrx_word' id='word_1_2' title='bbox 806 354 825 365; x_wconf 82' lang='lat'><em>-</em></span> <span class='ocrx_word' id='word_1_3' title='bbox 1206 334 1754 400; x_wconf 81' lang='lat' dir='ltr'>B.OYR1LL1</span> <span class='ocrx_word' id='word_1_4' title='bbox 1815 333 2393 400; x_wconf 80' lang='lat' dir='ltr'><strong>ALEXANDR.</strong></span> <span class='ocrx_word' id='word_1_5' title='bbox 2459 410 2468 417; x_wconf 48' lang='grc'><em>,</em></span> <span class='ocrx_word' id='word_1_6' title='bbox 2821 333 2910 396; x_wconf 70' lang='lat'>11.</span> <span class='ocrx_word' id='word_1_7' title='bbox 2938 345 3010 414; x_wconf 86' lang='lat'>5.</span> 
     </span>
    </p>
   </div>
   <div class='ocr_carea' id='block_1_2' title="bbox 545 497 3238 1963">
    <p class='ocr_par' dir='ltr' id='par_1_2' title="bbox 599 497 3008 850">
     <span class='ocr_line' id='line_1_2' title="bbox 599 497 3000 604; baseline -0.002 -26"><span class='ocrx_word' id='word_1_8' title='bbox 599 511 643 547; x_wconf 81' lang='lat'>‘⁶</span> <span class='ocrx_word' id='word_1_9' title='bbox 681 534 853 578; x_wconf 89' lang='grc' dir='ltr'>ωται</span> <span class='ocrx_word' id='word_1_10' title='bbox 913 497 1056 580; x_wconf 80' lang='grc' dir='ltr'>ἀπὸ</span> <span class='ocrx_word' id='word_1_11' title='bbox 1111 505 1240 598; x_wconf 84' lang='grc' dir='ltr'>τῆς</span> <span class='ocrx_word' id='word_1_12' title='bbox 1295 500 1691 602; x_wconf 53' lang='grc' dir='ltr'>ἁμαρτίαςξ</span> <span class='ocrx_word' id='word_1_13' title='bbox 1695 497 1936 578; x_wconf 80' lang='grc' dir='ltr'>’κατὰ</span> <span class='ocrx_word' id='word_1_14' title='bbox 1991 497 2123 599; x_wconf 86' lang='grc' dir='ltr'>τὴν</span> <span class='ocrx_word' id='word_1_15' title='bbox 2171 509 2302 579; x_wconf 84' lang='grc' dir='ltr'>τοῦ</span> <span class='ocrx_word' id='word_1_16' title='bbox 2358 498 2667 579; x_wconf 82' lang='grc' dir='ltr'>Παύλου</span> <span class='ocrx_word' id='word_1_17' title='bbox 2711 497 3000 604; x_wconf 87' lang='grc' dir='ltr'>φωνὴν,</span> 
     </span>
     <span class='ocr_line' id='line_1_3' title="bbox 599 621 3008 730; baseline -0.002 -27"><span class='ocrx_word' id='word_1_18' title='bbox 599 621 744 703; x_wconf 81' lang='grc' dir='ltr'>ἀπο</span> <span class='ocrx_word' id='word_1_19' title='bbox 809 631 937 701; x_wconf 86' lang='grc' dir='ltr'>τοῦ</span> <span class='ocrx_word' id='word_1_20' title='bbox 1001 622 1222 722; x_wconf 76' lang='grc' dir='ltr'>μηδὲν</span> <span class='ocrx_word' id='word_1_21' title='bbox 1286 623 1640 704; x_wconf 82' lang='grc' dir='ltr'>δύνασθαι</span> <span class='ocrx_word' id='word_1_22' title='bbox 1714 627 1894 726; x_wconf 83' lang='grc' dir='ltr'><em>δρᾶν</em></span> <span class='ocrx_word' id='word_1_23' title='bbox 1958 623 2099 730; x_wconf 76' lang='grc' dir='ltr'>ἔξω</span> <span class='ocrx_word' id='word_1_24' title='bbox 2165 627 2280 703; x_wconf 77' lang='grc' dir='ltr'>καὶ</span> <span class='ocrx_word' id='word_1_25' title='bbox 2348 632 2477 703; x_wconf 85' lang='grc' dir='ltr'>τοῦ</span> <span class='ocrx_word' id='word_1_26' title='bbox 2544 625 3008 720; x_wconf 80' lang='grc' dir='ltr'>πλημμελεῖν</span> 
     </span>
     <span class='ocr_line' id='line_1_4' title="bbox 600 746 1119 850; baseline 0.006 -23"><span class='ocrx_word' id='word_1_27' title='bbox 600 746 1119 850; x_wconf 83' lang='grc' dir='ltr'>εὑρὶσκόμενος.</span> 
     </span>
    </p>

    <p class='ocr_par' dir='ltr' id='par_1_3' title="bbox 601 866 3074 1225">
     <span class='ocr_line' id='line_1_5' title="bbox 711 866 3007 976; baseline 0.002 -27"><span class='ocrx_word' id='word_1_28' title='bbox 711 866 933 950; x_wconf 81' lang='grc' dir='ltr'>Οἶδεν</span> <span class='ocrx_word' id='word_1_29' title='bbox 968 869 1099 969; x_wconf 74' lang='grc' dir='ltr'>μὲν</span> <span class='ocrx_word' id='word_1_30' title='bbox 1135 870 1259 951; x_wconf 80' lang='grc' dir='ltr'>οὖν</span> <span class='ocrx_word' id='word_1_31' title='bbox 1297 867 1483 951; x_wconf 78' lang='grc' dir='ltr'>οἶδεν</span> <span class='ocrx_word' id='word_1_32' title='bbox 1518 870 1562 969; x_wconf 85' lang='grc' dir='ltr'><em>ἦ</em></span> <span class='ocrx_word' id='word_1_33' title='bbox 1601 875 1758 951; x_wconf 90' lang='grc' dir='ltr'>θεῖα</span> <span class='ocrx_word' id='word_1_34' title='bbox 1794 869 2047 976; x_wconf 82' lang='grc' dir='ltr'>γραφὴ</span> <span class='ocrx_word' id='word_1_35' title='bbox 2085 873 2205 951; x_wconf 82' lang='grc' dir='ltr'>καὶ</span> <span class='ocrx_word' id='word_1_36' title='bbox 2251 870 2514 973; x_wconf 84' lang='grc' dir='ltr'>ἡμέρας</span> <span class='ocrx_word' id='word_1_37' title='bbox 2564 873 2692 970; x_wconf 86' lang='grc' dir='ltr'>τῆς</span> <span class='ocrx_word' id='word_1_38' title='bbox 2746 871 3007 968; x_wconf 77' lang='grc' dir='ltr'><strong><em>νοητῆς</em></strong></span> 
     </span>
     <span class='ocr_line' id='line_1_6' title="bbox 601 991 3074 1097; baseline -0.001 -24"><span class='ocrx_word' id='word_1_39' title='bbox 601 993 841 1097; x_wconf 83' lang='grc' dir='ltr'>ἕτερον</span> <span class='ocrx_word' id='word_1_40' title='bbox 878 992 1129 1097; x_wconf 87' lang='grc' dir='ltr'>λόγον,</span> <span class='ocrx_word' id='word_1_41' title='bbox 1161 999 1278 1075; x_wconf 81' lang='grc' dir='ltr'>καὶ</span> <span class='ocrx_word' id='word_1_42' title='bbox 1316 994 1537 1075; x_wconf 81' lang='grc' dir='ltr'>νύκτα</span> <span class='ocrx_word' id='word_1_43' title='bbox 1572 992 1650 1073; x_wconf 83' lang='grc' dir='ltr'>δὲ</span> <span class='ocrx_word' id='word_1_44' title='bbox 1688 995 1893 1075; x_wconf 82' lang='grc' dir='ltr'>οὐδὲν</span> <span class='ocrx_word' id='word_1_45' title='bbox 1925 994 2144 1095; x_wconf 79' lang='grc' dir='ltr'>ἧττον</span> <span class='ocrx_word' id='word_1_46' title='bbox 2178 992 2379 1097; x_wconf 79' lang='grc' dir='ltr'>παρὰ</span> <span class='ocrx_word' id='word_1_47' title='bbox 2421 994 2689 1093; x_wconf 80' lang='grc' dir='ltr'>ταύτην</span> <span class='ocrx_word' id='word_1_48' title='bbox 2725 991 2999 1095; x_wconf 84' lang='grc' dir='ltr'>ἑτέραν.</span> <span class='ocrx_word' id='word_1_49' title='bbox 3034 1021 3074 1081; x_wconf 84' lang='grc'><strong>5</strong></span> 
     </span>
     <span class='ocr_line' id='line_1_7' title="bbox 601 1116 3000 1225; baseline -0.001 -27"><span class='ocrx_word' id='word_1_50' title='bbox 601 1120 771 1198; x_wconf 84' lang='grc' dir='ltr'>ἀλλ’</span> <span class='ocrx_word' id='word_1_51' title='bbox 812 1121 889 1198; x_wconf 85' lang='grc' dir='ltr'>ἐν</span> <span class='ocrx_word' id='word_1_52' title='bbox 933 1124 1155 1224; x_wconf 87' lang='grc' dir='ltr'>καιρῷ</span> <span class='ocrx_word' id='word_1_53' title='bbox 1209 1123 1313 1225; x_wconf 78' lang='grc' dir='ltr'>τῷ</span> <span class='ocrx_word' id='word_1_54' title='bbox 1365 1118 1714 1221; x_wconf 80' lang='grc' dir='ltr'>πρέποντι</span> <span class='ocrx_word' id='word_1_55' title='bbox 1769 1124 1915 1198; x_wconf 90' lang='grc' dir='ltr'>τῶν</span> <span class='ocrx_word' id='word_1_56' title='bbox 1971 1116 2349 1218; x_wconf 80' lang='grc' dir='ltr'>νοημάτων</span> <span class='ocrx_word' id='word_1_57' title='bbox 2403 1117 2714 1197; x_wconf 80' lang='grc' dir='ltr'>ἕκαστον</span> <span class='ocrx_word' id='word_1_58' title='bbox 2755 1148 3000 1219; x_wconf 89' lang='grc' dir='ltr'>παρα-</span> 
     </span>
    </p>

    <p class='ocr_par' dir='ltr' id='par_1_4' title="bbox 545 1232 3238 1963">
     <span class='ocr_line' id='line_1_8' title="bbox 545 1232 3006 1349; baseline -0.002 -25"><span class='ocrx_word' id='word_1_59' title='bbox 545 1271 582 1315; x_wconf 83' lang='lat'>0</span> <span class='ocrx_word' id='word_1_60' title='bbox 603 1242 877 1349; x_wconf 81' lang='grc' dir='ltr'>δεχθὲν,</span> <span class='ocrx_word' id='word_1_61' title='bbox 927 1232 1219 1343; x_wconf 80' lang='grc' dir='ltr'>ἀπλανῆ</span> <span class='ocrx_word' id='word_1_62' title='bbox 1275 1249 1419 1322; x_wconf 92' lang='grc' dir='ltr'>τῶν</span> <span class='ocrx_word' id='word_1_63' title='bbox 1470 1239 1917 1343; x_wconf 76' lang='grc' dir='ltr'>ζητουμένων</span> <span class='ocrx_word' id='word_1_64' title='bbox 1961 1239 2096 1341; x_wconf 86' lang='grc' dir='ltr'>τὴν</span> <span class='ocrx_word' id='word_1_65' title='bbox 2143 1243 2447 1346; x_wconf 81' lang='grc' dir='ltr'>θεωρίαν</span> <span class='ocrx_word' id='word_1_66' title='bbox 2499 1242 2838 1346; x_wconf 83' lang='grc' dir='ltr'>ἐκφαίνει.</span> <span class='ocrx_word' id='word_1_67' title='bbox 2918 1236 3006 1319; x_wconf 79' lang='grc' dir='ltr'>τὸ</span> 
     </span>
     <span class='ocr_line' id='line_1_9' title="bbox 602 1363 3008 1474; baseline -0.003 -25"><span class='ocrx_word' id='word_1_68' title='bbox 602 1367 678 1448; x_wconf 78' lang='grc' dir='ltr'>δὲ</span> <span class='ocrx_word' id='word_1_69' title='bbox 728 1367 840 1474; x_wconf 83' lang='grc' dir='ltr'>ἐφ’</span> <span class='ocrx_word' id='word_1_70' title='bbox 880 1363 929 1448; x_wconf 82' lang='grc' dir='ltr'>ἃ</span> <span class='ocrx_word' id='word_1_71' title='bbox 976 1365 1077 1467; x_wconf 81' lang='grc' dir='ltr'>μὴ</span> <span class='ocrx_word' id='word_1_72' title='bbox 1130 1370 1477 1470; x_wconf 86' lang='grc' dir='ltr'>προσῆκε,</span> <span class='ocrx_word' id='word_1_73' title='bbox 1516 1369 1634 1446; x_wconf 82' lang='grc' dir='ltr'>καὶ</span> <span class='ocrx_word' id='word_1_74' title='bbox 1692 1365 1812 1446; x_wconf 79' lang='grc' dir='ltr'>ὅτε</span> <span class='ocrx_word' id='word_1_75' title='bbox 1865 1364 1965 1466; x_wconf 85' lang='grc' dir='ltr'>μὴ</span> <span class='ocrx_word' id='word_1_76' title='bbox 2016 1369 2128 1446; x_wconf 87' lang='grc' dir='ltr'>δεῖ</span> <span class='ocrx_word' id='word_1_77' title='bbox 2170 1365 2570 1469; x_wconf 80' lang='grc' dir='ltr'>περιέλκειν</span> <span class='ocrx_word' id='word_1_78' title='bbox 2617 1367 3008 1466; x_wconf 78' lang='grc' dir='ltr'>πειρᾶσθαι</span> 
     </span>
     <span class='ocr_line' id='line_1_10' title="bbox 599 1487 3001 1594; baseline -0.003 -23"><span class='ocrx_word' id='word_1_79' title='bbox 599 1494 852 1588; x_wconf 85' lang='grc' dir='ltr'>βιαίως</span> <span class='ocrx_word' id='word_1_80' title='bbox 912 1499 1009 1576; x_wconf 78' lang='grc' dir='ltr'>εἷς</span> <span class='ocrx_word' id='word_1_81' title='bbox 1063 1488 1546 1590; x_wconf 83' lang='grc' dir='ltr'>πνευματικὴν</span> <span class='ocrx_word' id='word_1_82' title='bbox 1607 1488 1981 1592; x_wconf 84' lang='grc' dir='ltr'>ἑρμηνείαν</span> <span class='ocrx_word' id='word_1_83' title='bbox 2038 1487 2125 1570; x_wconf 76' lang='grc' dir='ltr'>τὸ</span> <span class='ocrx_word' id='word_1_84' title='bbox 2190 1493 2570 1591; x_wconf 81' lang='grc' dir='ltr'>ἱστορικῶς</span> <span class='ocrx_word' id='word_1_85' title='bbox 2634 1491 3001 1594; x_wconf 82' lang='grc' dir='ltr'>ὠφελοῦν,</span> 
     </span>
     <span class='ocr_line' id='line_1_11' title="bbox 602 1601 3122 1719; baseline -0.004 -23"><span class='ocrx_word' id='word_1_86' title='bbox 602 1616 802 1698; x_wconf 76' lang='grc' dir='ltr'>οὐδὲν</span> <span class='ocrx_word' id='word_1_87' title='bbox 850 1613 1088 1719; x_wconf 81' lang='grc' dir='ltr'>ἔτερόν</span> <span class='ocrx_word' id='word_1_88' title='bbox 1137 1618 1363 1706; x_wconf 85' lang='grc' dir='ltr'>ἐστιν,</span> <span class='ocrx_word' id='word_1_89' title='bbox 1402 1612 1448 1714; x_wconf 80' lang='grc' dir='ltr'>ἢ</span> <span class='ocrx_word' id='word_1_90' title='bbox 1499 1601 1803 1719; x_wconf 78' lang='grc' dir='ltr'>συγχεῖν</span> <span class='ocrx_word' id='word_1_91' title='bbox 1853 1615 2108 1699; x_wconf 81' lang='grc' dir='ltr'>ἁπλῶς</span> <span class='ocrx_word' id='word_1_92' title='bbox 2157 1611 2242 1695; x_wconf 73' lang='grc' dir='ltr'>τὸ</span> <span class='ocrx_word' id='word_1_93' title='bbox 2291 1611 2730 1716; x_wconf 78' lang='grc' dir='ltr'>ἀπεριέργως</span> <span class='ocrx_word' id='word_1_94' title='bbox 2779 1620 2998 1689; x_wconf 89' lang='grc' dir='ltr'>λυσι-</span> <span class='ocrx_word' id='word_1_95' title='bbox 3040 1639 3122 1679; x_wconf 86' lang='lat'>10</span> 
     </span>
     <span class='ocr_line' id='line_1_12' title="bbox 600 1733 3238 1842; baseline -0.004 -22"><span class='ocrx_word' id='word_1_96' title='bbox 600 1748 879 1836; x_wconf 86' lang='grc' dir='ltr'>τελοῦν,</span> <span class='ocrx_word' id='word_1_97' title='bbox 935 1742 1053 1819; x_wconf 85' lang='grc' dir='ltr'>καὶ</span> <span class='ocrx_word' id='word_1_98' title='bbox 1110 1736 1195 1819; x_wconf 77' lang='grc' dir='ltr'>τὸ</span> <span class='ocrx_word' id='word_1_99' title='bbox 1255 1737 1618 1842; x_wconf 88' lang='grc' dir='ltr'>χρήσιμον</span> <span class='ocrx_word' id='word_1_100' title='bbox 1675 1735 1976 1819; x_wconf 81' lang='grc' dir='ltr'>αὐτόθεν</span> <span class='ocrx_word' id='word_1_101' title='bbox 2029 1740 2108 1819; x_wconf 84' lang='grc' dir='ltr'>ἐκ</span> <span class='ocrx_word' id='word_1_102' title='bbox 2169 1740 2459 1836; x_wconf 82' lang='grc' dir='ltr'>πολλῆς</span> <span class='ocrx_word' id='word_1_103' title='bbox 2521 1733 2821 1841; x_wconf 79' lang='grc' dir='ltr'>σφόδρα</span> <span class='ocrx_word' id='word_1_104' title='bbox 2878 1735 3010 1831; x_wconf 79' lang='grc' dir='ltr'>τῆς</span> <span class='ocrx_word' id='word_1_105' title='bbox 3237 1754 3238 1809; x_wconf 53' lang='grc' dir='ltr'>ῑ</span> 
     </span>
     <span class='ocr_line' id='line_1_13' title="bbox 604 1863 1435 1963; baseline 0 -21"><span class='ocrx_word' id='word_1_106' title='bbox 604 1863 910 1963; x_wconf 80' lang='grc' dir='ltr'>ἀμαθίας</span> <span class='ocrx_word' id='word_1_107' title='bbox 964 1868 1435 1942; x_wconf 87' lang='grc' dir='ltr'>καταθολοῦν.</span> 
     </span>
    </p>
   </div>
   <div class='ocr_carea' id='block_1_3' title="bbox 544 1964 3238 2206">
    <p class='ocr_par' dir='ltr' id='par_1_5' title="bbox 544 1964 3238 2206">
     <span class='ocr_line' id='line_1_14' title="bbox 3237 1964 3238 2007; baseline 0 0"><span class='ocrx_word' id='word_1_108' title='bbox 3237 1964 3238 2007; x_wconf 60' lang='lat'>1</span> 
     </span>
     <span class='ocr_line' id='line_1_15' title="bbox 544 2114 2678 2206; baseline -0.002 -19"><span class='ocrx_word' id='word_1_109' title='bbox 544 2126 581 2187; x_wconf 81' lang='lat'>5</span> <span class='ocrx_word' id='word_1_110' title='bbox 913 2119 1125 2186; x_wconf 87' lang='grc' dir='ltr'>Ὅταν</span> <span class='ocrx_word' id='word_1_111' title='bbox 1178 2116 1237 2185; x_wconf 85' lang='grc' dir='ltr'><em>ὦ</em></span> <span class='ocrx_word' id='word_1_112' title='bbox 1287 2120 1359 2185; x_wconf 75' lang='grc' dir='ltr'>ὲν</span> <span class='ocrx_word' id='word_1_113' title='bbox 1412 2119 1509 2205; x_wconf 83' lang='grc' dir='ltr'>τῷ</span> <span class='ocrx_word' id='word_1_114' title='bbox 1563 2120 1805 2204; x_wconf 83' lang='grc' dir='ltr'>κόσμῳ,</span> <span class='ocrx_word' id='word_1_115' title='bbox 1859 2118 2008 2206; x_wconf 76' lang='grc' dir='ltr'>φῶο</span> <span class='ocrx_word' id='word_1_116' title='bbox 2060 2114 2190 2196; x_wconf 81' lang='grc' dir='ltr'>εἰμι</span> <span class='ocrx_word' id='word_1_117' title='bbox 2241 2122 2357 2184; x_wconf 83' lang='grc' dir='ltr'>τοῦ</span> <span class='ocrx_word' id='word_1_118' title='bbox 2414 2118 2678 2195; x_wconf 83' lang='grc' dir='ltr'>κόσμου.</span> 
     </span>
    </p>
   </div>
   <div class='ocr_carea' id='block_1_4' title="bbox 539 2288 3120 4131">
    <p class='ocr_par' dir='ltr' id='par_1_6' title="bbox 539 2288 3120 4131">
     <span class='ocr_line' id='line_1_16' title="bbox 703 2288 3008 2401; baseline -0 -28"><span class='ocrx_word' id='word_1_119' title='bbox 703 2289 904 2396; x_wconf 87' lang='grc' dir='ltr'>Ἀρα</span> <span class='ocrx_word' id='word_1_120' title='bbox 958 2291 1104 2396; x_wconf 79' lang='grc' dir='ltr'>γὰρ</span> <span class='ocrx_word' id='word_1_121' title='bbox 1160 2292 1349 2377; x_wconf 78' lang='grc' dir='ltr'>ὅλως</span> <span class='ocrx_word' id='word_1_122' title='bbox 1407 2293 1534 2373; x_wconf 85' lang='grc' dir='ltr'>οὐκ</span> <span class='ocrx_word' id='word_1_123' title='bbox 1589 2288 1773 2372; x_wconf 83' lang='grc' dir='ltr'>εἶναι’</span> <span class='ocrx_word' id='word_1_124' title='bbox 1830 2325 2007 2372; x_wconf 90' lang='grc' dir='ltr'>ποτε</span> <span class='ocrx_word' id='word_1_125' title='bbox 2064 2298 2443 2389; x_wconf 85' lang='grc' dir='ltr'>νομιοῦμεν</span> <span class='ocrx_word' id='word_1_126' title='bbox 2498 2291 2558 2371; x_wconf 80' lang='grc' dir='ltr'>ἐν</span> <span class='ocrx_word' id='word_1_127' title='bbox 2613 2297 2708 2399; x_wconf 72' lang='grc' dir='ltr'>τῷ</span> <span class='ocrx_word' id='word_1_128' title='bbox 2769 2288 3008 2401; x_wconf 74' lang='grc' dir='ltr'>κὸσμῳ</span> 
     </span>
     <span class='ocr_line' id='line_1_17' title="bbox 539 2412 3118 2522; baseline -0.002 -25"><span class='ocrx_word' id='word_1_129' title='bbox 539 2430 585 2497; x_wconf 81' lang='lat' dir='ltr'>d</span> <span class='ocrx_word' id='word_1_130' title='bbox 604 2413 958 2520; x_wconf 82' lang='grc' dir='ltr'>Χριστὸν,</span> <span class='ocrx_word' id='word_1_131' title='bbox 994 2413 1042 2517; x_wconf 84' lang='grc' dir='ltr'>ἢ</span> <span class='ocrx_word' id='word_1_132' title='bbox 1092 2415 1603 2522; x_wconf 81' lang='grc' dir='ltr'>ἀναληφθέντα</span> <span class='ocrx_word' id='word_1_133' title='bbox 1653 2413 1836 2519; x_wconf 77' lang='grc' dir='ltr'>πρὸς</span> <span class='ocrx_word' id='word_1_134' title='bbox 1887 2413 2204 2518; x_wconf 78' lang='grc' dir='ltr'>οὐρανὸν,</span> <span class='ocrx_word' id='word_1_135' title='bbox 2222 2412 2405 2515; x_wconf 80' lang='grc' dir='ltr'>μετὰ</span> <span class='ocrx_word' id='word_1_136' title='bbox 2448 2412 2580 2514; x_wconf 88' lang='grc' dir='ltr'>τὴν</span> <span class='ocrx_word' id='word_1_137' title='bbox 2615 2415 2695 2494; x_wconf 81' lang='grc' dir='ltr'>ἐκ</span> <span class='ocrx_word' id='word_1_138' title='bbox 2740 2421 3008 2516; x_wconf 78' lang='grc' dir='ltr'>νεκρῶν</span> <span class='ocrx_word' id='word_1_139' title='bbox 3039 2446 3118 2507; x_wconf 83' lang='grc' dir='ltr'>ι5</span> 
     </span>
     <span class='ocr_line' id='line_1_18' title="bbox 605 2535 3001 2648; baseline -0.002 -26"><span class='ocrx_word' id='word_1_140' title='bbox 605 2538 1027 2638; x_wconf 82' lang='grc' dir='ltr'>ἀναβίωσιν,</span> <span class='ocrx_word' id='word_1_141' title='bbox 1050 2540 1178 2621; x_wconf 84' lang='grc' dir='ltr'>οὐκ</span> <span class='ocrx_word' id='word_1_142' title='bbox 1212 2542 1536 2641; x_wconf 83' lang='grc' dir='ltr'>ἐνδημεῖν</span> <span class='ocrx_word' id='word_1_143' title='bbox 1563 2537 1668 2619; x_wconf 80' lang='grc' dir='ltr'>ἔτι</span> <span class='ocrx_word' id='word_1_144' title='bbox 1703 2547 1853 2624; x_wconf 82' lang='grc' dir='ltr'>τοῖς</span> <span class='ocrx_word' id='word_1_145' title='bbox 1889 2540 1964 2620; x_wconf 83' lang='grc' dir='ltr'>ἐν</span> <span class='ocrx_word' id='word_1_146' title='bbox 1989 2541 2172 2648; x_wconf 78' lang='grc' dir='ltr'>τῷδε</span> <span class='ocrx_word' id='word_1_147' title='bbox 2208 2542 2312 2646; x_wconf 76' lang='grc' dir='ltr'>τῷ</span> <span class='ocrx_word' id='word_1_148' title='bbox 2347 2539 2488 2646; x_wconf 76' lang='grc' dir='ltr'>βίῳ</span> <span class='ocrx_word' id='word_1_149' title='bbox 2524 2535 3001 2636; x_wconf 75' lang='grc' dir='ltr'>πιστεύομενς</span> 
     </span>
     <span class='ocr_line' id='line_1_19' title="bbox 604 2659 3007 2770; baseline -0.002 -24"><span class='ocrx_word' id='word_1_150' title='bbox 604 2666 832 2746; x_wconf 88' lang='grc' dir='ltr'>καίτοι</span> <span class='ocrx_word' id='word_1_151' title='bbox 877 2663 1064 2750; x_wconf 81' lang='grc' dir='ltr'>Θεὸς</span> <span class='ocrx_word' id='word_1_152' title='bbox 1116 2662 1459 2770; x_wconf 79' lang='grc' dir='ltr'>ὑπάρχων</span> <span class='ocrx_word' id='word_1_153' title='bbox 1508 2663 1851 2764; x_wconf 84' lang='grc' dir='ltr'>ἀληθινὸς</span> <span class='ocrx_word' id='word_1_154' title='bbox 1907 2665 2040 2769; x_wconf 82' lang='grc' dir='ltr'>οὐχ</span> <span class='ocrx_word' id='word_1_155' title='bbox 2097 2663 2292 2747; x_wconf 81' lang='grc' dir='ltr'>ὅπως</span> <span class='ocrx_word' id='word_1_156' title='bbox 2347 2659 2685 2764; x_wconf 79' lang='grc' dir='ltr'>οὐρανοὺς</span> <span class='ocrx_word' id='word_1_157' title='bbox 2739 2664 2857 2742; x_wconf 82' lang='grc' dir='ltr'>καὶ</span> <span class='ocrx_word' id='word_1_158' title='bbox 2913 2661 3007 2743; x_wconf 80' lang='grc' dir='ltr'>τὰ</span> 
     </span>
     <span class='ocr_line' id='line_1_20' title="bbox 600 2783 3006 2891; baseline -0.002 -21"><span class='ocrx_word' id='word_1_159' title='bbox 600 2786 918 2870; x_wconf 79' lang='grc' dir='ltr'>ἐπέκεινα</span> <span class='ocrx_word' id='word_1_160' title='bbox 971 2796 1100 2869; x_wconf 84' lang='grc' dir='ltr'>τοῦ</span> <span class='ocrx_word' id='word_1_161' title='bbox 1150 2786 1648 2891; x_wconf 81' lang='grc' dir='ltr'>στερεῶματος</span> <span class='ocrx_word' id='word_1_162' title='bbox 1701 2785 1944 2887; x_wconf 81' lang='grc' dir='ltr'>μόνον,</span> <span class='ocrx_word' id='word_1_163' title='bbox 1996 2785 2195 2866; x_wconf 82' lang='grc' dir='ltr'>ἀλλὰ</span> <span class='ocrx_word' id='word_1_164' title='bbox 2251 2789 2370 2865; x_wconf 82' lang='grc' dir='ltr'>καὶ</span> <span class='ocrx_word' id='word_1_165' title='bbox 2425 2783 2557 2885; x_wconf 87' lang='grc' dir='ltr'>τὴν</span> <span class='ocrx_word' id='word_1_166' title='bbox 2613 2784 2780 2865; x_wconf 83' lang='grc' dir='ltr'>καθ’</span> <span class='ocrx_word' id='word_1_167' title='bbox 2819 2786 3006 2885; x_wconf 78' lang='grc' dir='ltr'>ἡμᾶς</span> 
     </span>
     <span class='ocr_line' id='line_1_21' title="bbox 603 2910 3005 3017; baseline -0.002 -24"><span class='ocrx_word' id='word_1_168' title='bbox 603 2913 1019 3014; x_wconf 76' lang='grc' dir='ltr'>οἰκουμένην</span> <span class='ocrx_word' id='word_1_169' title='bbox 1061 2918 1342 3015; x_wconf 85' lang='grc' dir='ltr'>πληροῖ</span> <span class='ocrx_word' id='word_1_170' title='bbox 1378 2946 1456 2992; x_wconf 91' lang='grc' dir='ltr'>τε</span> <span class='ocrx_word' id='word_1_171' title='bbox 1506 2914 1625 2991; x_wconf 83' lang='grc' dir='ltr'>καὶ</span> <span class='ocrx_word' id='word_1_172' title='bbox 1673 2912 2012 3014; x_wconf 84' lang='grc' dir='ltr'>περιέπει·</span> <span class='ocrx_word' id='word_1_173' title='bbox 2078 2914 2193 2991; x_wconf 81' lang='grc' dir='ltr'>καὶ</span> <span class='ocrx_word' id='word_1_174' title='bbox 2244 2910 2496 3014; x_wconf 80' lang='grc' dir='ltr'>ὥσπερ</span> <span class='ocrx_word' id='word_1_175' title='bbox 2544 2911 2621 2989; x_wconf 83' lang='grc' dir='ltr'>ἐν</span> <span class='ocrx_word' id='word_1_176' title='bbox 2670 2914 2850 3017; x_wconf 76' lang='grc' dir='ltr'>τῷδε</span> <span class='ocrx_word' id='word_1_177' title='bbox 2898 2914 3005 3017; x_wconf 72' lang='grc' dir='ltr'>τῷ</span> 
     </span>
     <span class='ocr_line' id='line_1_22' title="bbox 602 3032 3119 3145; baseline 0.001 -30"><span class='ocrx_word' id='word_1_178' title='bbox 602 3035 860 3145; x_wconf 72' lang='grc' dir='ltr'>κόσμῳ</span> <span class='ocrx_word' id='word_1_179' title='bbox 895 3034 1079 3137; x_wconf 78' lang='grc' dir='ltr'>μετὰ</span> <span class='ocrx_word' id='word_1_180' title='bbox 1114 3032 1387 3140; x_wconf 74' lang='grc' dir='ltr'>σαρκὸς</span> <span class='ocrx_word' id='word_1_181' title='bbox 1425 3032 1828 3138; x_wconf 79' lang='grc' dir='ltr'>ἀνθρώποις</span> <span class='ocrx_word' id='word_1_182' title='bbox 1865 3032 2464 3133; x_wconf 79' lang='grc' dir='ltr'>συνδιαιτώμενος</span> <span class='ocrx_word' id='word_1_183' title='bbox 2499 3039 2647 3113; x_wconf 89' lang='grc' dir='ltr'>τῶν</span> <span class='ocrx_word' id='word_1_184' title='bbox 2683 3033 3005 3134; x_wconf 78' lang='grc' dir='ltr'>οὐρανῶν</span> <span class='ocrx_word' id='word_1_185' title='bbox 3035 3074 3119 3116; x_wconf 79' lang='lat'>20</span> 
     </span>
     <span class='ocr_line' id='line_1_23' title="bbox 605 3155 3001 3264; baseline 0 -24"><span class='ocrx_word' id='word_1_186' title='bbox 605 3162 733 3240; x_wconf 85' lang='grc' dir='ltr'>οὐκ</span> <span class='ocrx_word' id='word_1_187' title='bbox 792 3159 1358 3259; x_wconf 80' lang='grc' dir='ltr'>ἀπελιμπάνετο,</span> <span class='ocrx_word' id='word_1_188' title='bbox 1419 3159 1605 3240; x_wconf 79' lang='grc' dir='ltr'>οὕτω</span> <span class='ocrx_word' id='word_1_189' title='bbox 1671 3155 2179 3258; x_wconf 82' lang='grc' dir='ltr'>διακεισόμεθα</span> <span class='ocrx_word' id='word_1_190' title='bbox 2245 3164 2676 3264; x_wconf 87' lang='grc' dir='ltr'>φρονοῦντες</span> <span class='ocrx_word' id='word_1_191' title='bbox 2740 3157 3001 3259; x_wconf 84' lang='grc' dir='ltr'>ὀρθῶς,</span> 
     </span>
     <span class='ocr_line' id='line_1_24' title="bbox 603 3277 3006 3385; baseline -0.001 -22"><span class='ocrx_word' id='word_1_192' title='bbox 603 3284 713 3363; x_wconf 81' lang='grc' dir='ltr'>ὅτι</span> <span class='ocrx_word' id='word_1_193' title='bbox 768 3277 903 3363; x_wconf 70' lang='grc' dir='ltr'>κᾶν</span> <span class='ocrx_word' id='word_1_194' title='bbox 956 3287 1034 3363; x_wconf 85' lang='grc' dir='ltr'>ἐκ</span> <span class='ocrx_word' id='word_1_195' title='bbox 1087 3292 1214 3363; x_wconf 85' lang='grc' dir='ltr'>τοῦ</span> <span class='ocrx_word' id='word_1_196' title='bbox 1270 3282 1551 3383; x_wconf 86' lang='grc' dir='ltr'>κόσμου</span> <span class='ocrx_word' id='word_1_197' title='bbox 1605 3280 1896 3385; x_wconf 86' lang='grc' dir='ltr'>γένηται</span> <span class='ocrx_word' id='word_1_198' title='bbox 1954 3280 2070 3360; x_wconf 78' lang='grc' dir='ltr'>διὰ</span> <span class='ocrx_word' id='word_1_199' title='bbox 2130 3279 2263 3382; x_wconf 82' lang='grc' dir='ltr'>τὴν</span> <span class='ocrx_word' id='word_1_200' title='bbox 2319 3279 2583 3385; x_wconf 78' lang='grc' dir='ltr'>σάρκα,</span> <span class='ocrx_word' id='word_1_201' title='bbox 2644 3280 3006 3381; x_wconf 86' lang='grc' dir='ltr'>παρέσται</span> 
     </span>
     <span class='ocr_line' id='line_1_25' title="bbox 603 3402 3005 3513; baseline 0.002 -29"><span class='ocrx_word' id='word_1_202' title='bbox 603 3404 831 3485; x_wconf 82' lang='grc' dir='ltr'>πάλιν</span> <span class='ocrx_word' id='word_1_203' title='bbox 866 3403 1068 3485; x_wconf 79' lang='grc' dir='ltr'>οὐδὲν</span> <span class='ocrx_word' id='word_1_204' title='bbox 1102 3405 1320 3506; x_wconf 79' lang='grc' dir='ltr'>ἧττον</span> <span class='ocrx_word' id='word_1_205' title='bbox 1356 3413 1504 3491; x_wconf 85' lang='grc' dir='ltr'>τοῖς</span> <span class='ocrx_word' id='word_1_206' title='bbox 1539 3410 1614 3486; x_wconf 85' lang='grc' dir='ltr'>ἐν</span> <span class='ocrx_word' id='word_1_207' title='bbox 1652 3406 1845 3513; x_wconf 75' lang='grc' dir='ltr'>αὐτῷ</span> <span class='ocrx_word' id='word_1_208' title='bbox 1882 3408 1999 3485; x_wconf 76' lang='grc' dir='ltr'>καὶ</span> <span class='ocrx_word' id='word_1_209' title='bbox 2034 3404 2504 3505; x_wconf 84' lang='grc' dir='ltr'>ἐπιστατήσει</span> <span class='ocrx_word' id='word_1_210' title='bbox 2537 3412 2685 3488; x_wconf 88' lang='grc' dir='ltr'>τοῖς</span> <span class='ocrx_word' id='word_1_211' title='bbox 2723 3402 2920 3488; x_wconf 82' lang='grc' dir='ltr'>ὅλοις</span> <span class='ocrx_word' id='word_1_212' title='bbox 2958 3404 3005 3503; x_wconf 83' lang='grc' dir='ltr'><em>ἦ</em></span> 
     </span>
     <span class='ocr_line' id='line_1_26' title="bbox 547 3526 3007 3636; baseline -0.001 -29"><span class='ocrx_word' id='word_1_213' title='bbox 547 3562 584 3606; x_wconf 79' lang='grc' dir='ltr'>ο</span> <span class='ocrx_word' id='word_1_214' title='bbox 607 3530 764 3609; x_wconf 88' lang='grc' dir='ltr'>θεία</span> <span class='ocrx_word' id='word_1_215' title='bbox 810 3563 889 3608; x_wconf 86' lang='grc' dir='ltr'>τε</span> <span class='ocrx_word' id='word_1_216' title='bbox 935 3532 1052 3609; x_wconf 85' lang='grc' dir='ltr'>καὶ</span> <span class='ocrx_word' id='word_1_217' title='bbox 1102 3528 1407 3632; x_wconf 78' lang='grc' dir='ltr'>ἅῤῥητος</span> <span class='ocrx_word' id='word_1_218' title='bbox 1455 3531 1673 3608; x_wconf 85' lang='grc' dir='ltr'>αὐτοῦ</span> <span class='ocrx_word' id='word_1_219' title='bbox 1724 3528 1948 3636; x_wconf 82' lang='grc' dir='ltr'>φύσις</span> <span class='ocrx_word' id='word_1_220' title='bbox 2000 3526 2282 3612; x_wconf 80' lang='grc' dir='ltr'>οὐδενὸς</span> <span class='ocrx_word' id='word_1_221' title='bbox 2331 3531 2811 3628; x_wconf 80' lang='grc' dir='ltr'>ἀποδημοῦσα</span> <span class='ocrx_word' id='word_1_222' title='bbox 2857 3532 3007 3605; x_wconf 90' lang='grc' dir='ltr'>τῶν</span> 
     </span>
     <span class='ocr_line' id='line_1_27' title="bbox 606 3649 3120 3757; baseline -0.002 -23"><span class='ocrx_word' id='word_1_223' title='bbox 606 3651 853 3750; x_wconf 79' lang='grc' dir='ltr'>ὄντων,</span> <span class='ocrx_word' id='word_1_224' title='bbox 924 3649 969 3753; x_wconf 83' lang='grc' dir='ltr'>ἢ</span> <span class='ocrx_word' id='word_1_225' title='bbox 1044 3650 1682 3752; x_wconf 81' lang='grc' dir='ltr'>ἀπολιμπανομένη</span> <span class='ocrx_word' id='word_1_226' title='bbox 1755 3652 1967 3750; x_wconf 82' lang='grc' dir='ltr'>τινὸς,</span> <span class='ocrx_word' id='word_1_227' title='bbox 2040 3655 2374 3757; x_wconf 84' lang='grc' dir='ltr'>πανταχῆ</span> <span class='ocrx_word' id='word_1_228' title='bbox 2448 3650 2525 3732; x_wconf 76' lang='grc' dir='ltr'>δὲ</span> <span class='ocrx_word' id='word_1_229' title='bbox 2597 3657 2743 3735; x_wconf 89' lang='grc' dir='ltr'>τοῖς</span> <span class='ocrx_word' id='word_1_230' title='bbox 2814 3657 3005 3730; x_wconf 82' lang='grc' dir='ltr'>πᾶσι</span> <span class='ocrx_word' id='word_1_231' title='bbox 3038 3690 3070 3730; x_wconf 79' lang='lat'>2</span> <span class='ocrx_word' id='word_1_232' title='bbox 3077 3686 3120 3747; x_wconf 86' lang='lat'><strong>5</strong></span> 
     </span>
     <span class='ocr_line' id='line_1_28' title="bbox 605 3773 3009 3881; baseline -0.001 -24"><span class='ocrx_word' id='word_1_233' title='bbox 605 3784 970 3881; x_wconf 85' lang='grc' dir='ltr'>παροῦσα·</span> <span class='ocrx_word' id='word_1_234' title='bbox 1040 3778 1158 3857; x_wconf 85' lang='grc' dir='ltr'>καὶ</span> <span class='ocrx_word' id='word_1_235' title='bbox 1205 3784 1598 3880; x_wconf 86' lang='grc' dir='ltr'>πληροῦσα</span> <span class='ocrx_word' id='word_1_236' title='bbox 1650 3775 1779 3875; x_wconf 80' lang='grc' dir='ltr'>μὲν</span> <span class='ocrx_word' id='word_1_237' title='bbox 1823 3775 1987 3857; x_wconf 88' lang='grc' dir='ltr'>τόδε</span> <span class='ocrx_word' id='word_1_238' title='bbox 2041 3773 2128 3857; x_wconf 76' lang='grc' dir='ltr'>τὸ</span> <span class='ocrx_word' id='word_1_239' title='bbox 2179 3776 2480 3871; x_wconf 85' lang='grc' dir='ltr'>σύμπαν</span> <span class='ocrx_word' id='word_1_240' title='bbox 2525 3779 2643 3855; x_wconf 81' lang='grc' dir='ltr'>καὶ</span> <span class='ocrx_word' id='word_1_241' title='bbox 2690 3774 2774 3856; x_wconf 81' lang='grc' dir='ltr'>τὸ</span> <span class='ocrx_word' id='word_1_242' title='bbox 2827 3773 3009 3879; x_wconf 80' lang='grc' dir='ltr'>ὑπὲρ</span> 
     </span>
     <span class='ocr_line' id='line_1_29' title="bbox 606 3898 2561 4006; baseline 0.002 -27"><span class='ocrx_word' id='word_1_243' title='bbox 606 3908 821 3981; x_wconf 87' lang='grc' dir='ltr'>τοῦτο</span> <span class='ocrx_word' id='word_1_244' title='bbox 856 3902 1254 3999; x_wconf 87' lang='grc' dir='ltr'>νοούμενον,</span> <span class='ocrx_word' id='word_1_245' title='bbox 1294 3899 1703 4006; x_wconf 85' lang='grc' dir='ltr'>χωρουμένη</span> <span class='ocrx_word' id='word_1_246' title='bbox 1741 3898 1817 3980; x_wconf 75' lang='grc' dir='ltr'>δὲ</span> <span class='ocrx_word' id='word_1_247' title='bbox 1853 3900 1992 3982; x_wconf 82' lang='grc' dir='ltr'>ὑπὸ</span> <span class='ocrx_word' id='word_1_248' title='bbox 2029 3899 2253 4000; x_wconf 86' lang='grc' dir='ltr'>μόνης</span> <span class='ocrx_word' id='word_1_249' title='bbox 2289 3900 2561 3999; x_wconf 82' lang='grc' dir='ltr'>ἑαυτῆς.</span> 
     </span>
     <span class='ocr_line' id='line_1_30' title="bbox 719 4011 3009 4131; baseline -0.002 -25"><span class='ocrx_word' id='word_1_250' title='bbox 719 4024 824 4106; x_wconf 89' lang='grc' dir='ltr'>Τί</span> <span class='ocrx_word' id='word_1_251' title='bbox 867 4026 995 4104; x_wconf 84' lang='grc' dir='ltr'>οὖν</span> <span class='ocrx_word' id='word_1_252' title='bbox 1046 4028 1248 4105; x_wconf 84' lang='grc' dir='ltr'>ἐστιν</span> <span class='ocrx_word' id='word_1_253' title='bbox 1303 4023 1344 4104; x_wconf 80' lang='grc' dir='ltr'>ὅ</span> <span class='ocrx_word' id='word_1_254' title='bbox 1408 4011 1642 4131; x_wconf 87' lang='grc' dir='ltr'>φησιν</span> <span class='ocrx_word' id='word_1_255' title='bbox 1696 4026 1773 4103; x_wconf 87' lang='grc' dir='ltr'>ἐν</span> <span class='ocrx_word' id='word_1_256' title='bbox 1825 4023 2102 4109; x_wconf 84' lang='grc' dir='ltr'>τούτοις</span> <span class='ocrx_word' id='word_1_257' title='bbox 2164 4025 2204 4103; x_wconf 85' lang='grc' dir='ltr'><strong><em>ὁ</em></strong></span> <span class='ocrx_word' id='word_1_258' title='bbox 2277 4021 2540 4127; x_wconf 85' lang='grc' dir='ltr'>Κύριος</span> <span class='ocrx_word' id='word_1_259' title='bbox 2600 4018 3009 4102; x_wconf 84' lang='grc' dir='ltr'>ἀκόλουθον</span> 
     </span>
    </p>
   </div>
   <div class='ocr_carea' id='block_1_5' title="bbox 607 4248 3006 4435">
    <p class='ocr_par' dir='ltr' id='par_1_7' title="bbox 662 4248 3006 4396">
     <span class='ocr_line' id='line_1_31' title="bbox 681 4248 3006 4344; baseline 0 -38"><span class='ocrx_word' id='word_1_260' title='bbox 681 4268 730 4307; x_wconf 79' lang='lat'>2.</span> <span class='ocrx_word' id='word_1_261' title='bbox 766 4251 870 4306; x_wconf 72' lang='grc' dir='ltr'>ἀπὸ</span> <span class='ocrx_word' id='word_1_262' title='bbox 894 4269 943 4306; x_wconf 80' lang='lat' dir='ltr'>a.</span> <span class='ocrx_word' id='word_1_263' title='bbox 966 4252 1067 4307; x_wconf 77' lang='grc' dir='ltr'>ὑπὸ</span> <span class='ocrx_word' id='word_1_264' title='bbox 1092 4251 1197 4307; x_wconf 86' lang='lat' dir='ltr'>Ed.</span> <span class='ocrx_word' id='word_1_265' title='bbox 1410 4271 1463 4320; x_wconf 87' lang='lat'>4.</span> <span class='ocrx_word' id='word_1_266' title='bbox 1410 4248 1640 4320; x_wconf 58' lang='lat' dir='ltr'>4offiw</span> <span class='ocrx_word' id='word_1_267' title='bbox 1662 4252 1812 4323; x_wconf 76' lang='lat' dir='ltr'>prius</span> <span class='ocrx_word' id='word_1_268' title='bbox 1839 4252 1904 4308; x_wconf 88' lang='lat' dir='ltr'>B.</span> <span class='ocrx_word' id='word_1_269' title='bbox 1930 4253 2029 4308; x_wconf 75' lang='grc' dir='ltr'>ὧδε</span> <span class='ocrx_word' id='word_1_270' title='bbox 2056 4252 2239 4308; x_wconf 75' lang='lat' dir='ltr'><strong>Holst.</strong></span> <span class='ocrx_word' id='word_1_271' title='bbox 2265 4251 2369 4307; x_wconf 83' lang='lat' dir='ltr'>Ed.</span> <span class='ocrx_word' id='word_1_272' title='bbox 2597 4253 2651 4307; x_wconf 88' lang='grc'>8.</span> <span class='ocrx_word' id='word_1_273' title='bbox 2688 4251 2776 4306; x_wconf 79' lang='grc' dir='ltr'>ὅτε</span> <span class='ocrx_word' id='word_1_274' title='bbox 2797 4251 2868 4321; x_wconf 69' lang='grc' dir='ltr'>μὴ</span> <span class='ocrx_word' id='word_1_275' title='bbox 2894 4249 3006 4344; x_wconf 75' lang='grc' dir='ltr'>δεῖ]</span> 
     </span>
     <span class='ocr_line' id='line_1_32' title="bbox 607 4270 2992 4435; baseline 0 -59.024"><span class='ocrx_word' id='word_1_276' title='bbox 607 4321 730 4376; x_wconf 84' lang='lat' dir='ltr'>“In</span> <span class='ocrx_word' id='word_1_277' title='bbox 761 4321 911 4377; x_wconf 82' lang='lat' dir='ltr'><strong>hunc</strong></span> <span class='ocrx_word' id='word_1_278' title='bbox 941 4321 1165 4378; x_wconf 86' lang='lat' dir='ltr'><strong>modum</strong></span> <span class='ocrx_word' id='word_1_279' title='bbox 1198 4322 1398 4394; x_wconf 73' lang='lat' dir='ltr'><strong>accipio</strong></span> <span class='ocrx_word' id='word_1_280' title='bbox 1430 4270 1714 4396; x_wconf 78' lang='lat' dir='ltr'><strong>ambiguas</strong></span> <span class='ocrx_word' id='word_1_281' title='bbox 1745 4324 2006 4379; x_wconf 50' lang='lat' dir='ltr'><strong>litteras?</strong></span> <span class='ocrx_word' id='word_1_282' title='bbox 2035 4324 2267 4435; x_wconf 61' lang='lat' dir='ltr'>Heysem</span> <span class='ocrx_word' id='word_1_283' title='bbox 2260 4323 2370 4394; x_wconf 71' lang='grc' dir='ltr'>ὅψε</span> <span class='ocrx_word' id='word_1_284' title='bbox 2390 4323 2461 4393; x_wconf 85' lang='grc' dir='ltr'>μὴ</span> <span class='ocrx_word' id='word_1_285' title='bbox 2486 4323 2595 4378; x_wconf 78' lang='grc' dir='ltr'>δεῖν</span> <span class='ocrx_word' id='word_1_286' title='bbox 2619 4323 2719 4378; x_wconf 81' lang='lat' dir='ltr'>Ht.</span> <span class='ocrx_word' id='word_1_287' title='bbox 2744 4322 2889 4378; x_wconf 85' lang='lat' dir='ltr'>unde</span> <span class='ocrx_word' id='word_1_288' title='bbox 2915 4323 2992 4395; x_wconf 74' lang='grc' dir='ltr'>ἐφ</span> 
     </span>
    </p>
   </div>
   <div class='ocr_carea' id='block_1_6' title="bbox 602 4441 3003 4570">
    <p class='ocr_par' dir='ltr' id='par_1_8' title="bbox 602 4441 3003 4570">
     <span class='ocr_line' id='line_1_33' title="bbox 602 4441 3003 4570; baseline 0.001 -74"><span class='ocrx_word' id='word_1_289' title='bbox 602 4441 638 4496; x_wconf 73' lang='grc' dir='ltr'>ἃ</span> <span class='ocrx_word' id='word_1_290' title='bbox 659 4443 730 4512; x_wconf 78' lang='grc' dir='ltr'>μὴ</span> <span class='ocrx_word' id='word_1_291' title='bbox 754 4442 833 4498; x_wconf 73' lang='grc' dir='ltr'>δεῖ</span> <span class='ocrx_word' id='word_1_292' title='bbox 854 4442 1158 4498; x_wconf 75' lang='lat' dir='ltr'><strong>emendavit</strong></span> <span class='ocrx_word' id='word_1_293' title='bbox 1178 4451 1243 4498; x_wconf 86' lang='lat' dir='ltr'>ut</span> <span class='ocrx_word' id='word_1_294' title='bbox 1265 4442 1625 4570; x_wconf 47' lang='lat' dir='ltr'>“dnmfissfoe</span> <span class='ocrx_word' id='word_1_295' title='bbox 1648 4443 1793 4500; x_wconf 83' lang='lat' dir='ltr'><strong>Aub.</strong></span> <span class='ocrx_word' id='word_1_296' title='bbox 2013 4461 2036 4501; x_wconf 92' lang='lat'>1</span> <span class='ocrx_word' id='word_1_297' title='bbox 2050 4462 2096 4500; x_wconf 90' lang='lat'>1.</span> <span class='ocrx_word' id='word_1_298' title='bbox 2134 4445 2368 4500; x_wconf 71' lang='grc' dir='ltr'>εντευθεν</span> <span class='ocrx_word' id='word_1_299' title='bbox 2394 4444 2459 4498; x_wconf 89' lang='grc' dir='ltr'>Β.</span> <span class='ocrx_word' id='word_1_300' title='bbox 2484 4442 2634 4498; x_wconf 76' lang='lat' dir='ltr'><strong>unde</strong></span> <span class='ocrx_word' id='word_1_301' title='bbox 2655 4443 2872 4498; x_wconf 71' lang='grc' dir='ltr'>αὐτόθεν</span> <span class='ocrx_word' id='word_1_302' title='bbox 2899 4443 3003 4498; x_wconf 78' lang='lat' dir='ltr'>Ht-</span> 
     </span>
    </p>
   </div>
   <div class='ocr_carea' id='block_1_7' title="bbox 604 4512 3005 4640">
    <p class='ocr_par' dir='ltr' id='par_1_9' title="bbox 604 4512 3005 4640">
     <span class='ocr_line' id='line_1_34' title="bbox 604 4512 3005 4640; baseline 0.001 -73"><span class='ocrx_word' id='word_1_303' title='bbox 604 4512 709 4640; x_wconf 56' lang='grc' dir='ltr'>ξιξ.</span> <span class='ocrx_word' id='word_1_304' title='bbox 732 4582 816 4638; x_wconf 73' lang='lat' dir='ltr'>Ed</span> <span class='ocrx_word' id='word_1_305' title='bbox 920 4526 1007 4585; x_wconf 76' lang='lat'>27.</span> <span class='ocrx_word' id='word_1_306' title='bbox 1042 4535 1342 4584; x_wconf 74' lang='grc' dir='ltr'>χωρουμενη</span> <span class='ocrx_word' id='word_1_307' title='bbox 1366 4515 1473 4569; x_wconf 72' lang='grc' dir='ltr'>δὲ’</span> <span class='ocrx_word' id='word_1_308' title='bbox 1571 4518 1731 4584; x_wconf 78' lang='grc' dir='ltr'>μόνης</span> <span class='ocrx_word' id='word_1_309' title='bbox 1753 4516 1935 4585; x_wconf 71' lang='grc' dir='ltr'>ἑαυτῆς</span> <span class='ocrx_word' id='word_1_310' title='bbox 1958 4515 2023 4572; x_wconf 88' lang='grc' dir='ltr'>Β.</span> <span class='ocrx_word' id='word_1_311' title='bbox 2047 4515 2404 4587; x_wconf 76' lang='grc' dir='ltr'>χορηγουμίνη</span> <span class='ocrx_word' id='word_1_312' title='bbox 2429 4513 2495 4570; x_wconf 77' lang='grc' dir='ltr'>δι’</span> <span class='ocrx_word' id='word_1_313' title='bbox 2519 4515 2776 4585; x_wconf 73' lang='grc' dir='ltr'>ὑπομονῆς</span> <span class='ocrx_word' id='word_1_314' title='bbox 2797 4514 3005 4570; x_wconf 70' lang='grc' dir='ltr'>ἑαυτοῖς</span> 
     </span>
    </p>
   </div>
  </div>
 </body>
</html>
