3238 5158
631 346 764 408 494
851 382 859 394 ·
1130 388 1147 393 -
1240 342 1319 407 B.
1367 339 1785 408 CYRILLI
1846 341 2432 409 ALEXANDR.
2777 339 3062 407 τίνα-’2.

576 544 611 588 ο
635 508 840 613 ἔτερα
874 502 955 590 δὲ
987 507 1169 612 πρὸς
1205 509 1482 593 τούτοις
1525 506 2063 589 ἀποκαλύπτων
2097 509 2481 610 μυστήρια.
2567 505 2685 586 διὰ
2735 507 2889 608 γάρ
2935 540 3066 585 τοι

630 641 847 713 τοῦτο
902 636 1017 713 καὶ
1072 635 1404 716 συνέντες
1459 634 1776 736 ἀκριβῶς
1832 630 2034 730 αὐτὰ,
2086 630 2260 712 ποτὲ
2319 631 2450 730 μὲν
2504 632 2879 733 λέγουσιν,
2941 629 3068 710 ὅτι

304 762 528 880 {3²2st-
636 767 682 805 “
708 758 875 857 ἡμῖν
910 752 1039 854 μὲν
1075 753 1548 863 ἀπεκάλυψεν
1582 758 1624 835 ὃ
1663 753 1850 842 Θεὸς
1896 755 2012 837 διὰ
2055 764 2185 836 τοῦ
2223 755 2720 851 Πνεύματος,”
2747 753 2937 835 ποτὲ
2981 751 3071 833 δὲ

299 903 479 954 1b.16.
633 883 859 961 πάλιν
897 891 941 928 “
963 884 1222 979 Ἡμεῖς
1259 878 1337 960 δὲ
1374 889 1542 961 νοῦν
1576 886 1912 985 Χριστοῦ
1946 880 2263 986 ἕχομεν,”
2289 888 2458 960 νοῦν
2493 875 2666 959 εἶναι
2706 878 3070 979 λέγοντες

634 1005 719 1086 τὸ
762 1011 1057 1105 Πνεῦμα
1096 1007 1333 1087 αὑτοῦ.
3093 1036 3127 1093 5

536 1274 609 1316 22
685 1250 868 1325 ΛὲΓει
922 1250 1102 1335 αὐτῷ
1146 1249 1422 1330 Ἰούδας,
1468 1250 1583 1336 οὐχ
1636 1250 1674 1315 ὁ
1720 1248 2147 1338 Ἰσκαριώτης
2204 1248 2415 1337 Κύριε,
2461 1246 2521 1313 τί
2575 1247 2844 1321 ΓὲΓονεν
2900 1248 3017 1313 ὅτι

815 1371 969 1452 ἡμῖν
1021 1376 1285 1452 μέλλεις
1339 1374 1710 1464 ἐμφανίζειν
1766 1374 2041 1441 σεαυτὸν
2095 1374 2204 1439 καὶ
2256 1372 2397 1461 οὐχὶ
2447 1374 2543 1459 τῷ
2597 1374 2876 1456 κόσμιος

567 1549 612 1617 d
749 1540 896 1648 Ἐξ
926 1537 1210 1644 ἀγάπης
1246 1538 1378 1640 μὲν
1413 1537 1701 1642 πρόεισι
1739 1537 2363 1646 φιλοπευστήσων
2392 1540 2432 1618 ὁ
2469 1533 2825 1637 μαθητὴς,
2853 1534 3066 1637 πλὴν

636 1666 765 1746 οὐκ
816 1667 1131 1767 ἀκριβῶς
1182 1666 1432 1765 ὁρᾶται
1484 1667 1725 1748 συνεὶς
1774 1673 1903 1745 τοῦ
1941 1668 2278 1766 Σωτῆρος
2329 1662 2456 1743 τὸν
2492 1661 2749 1764 λόγον.
2837 1664 2883 1742 ὃ
2929 1663 3065 1761 μὲν

635 1787 782 1892 γὰρ
843 1790 1108 1891 Κύριος
1163 1789 1365 1888 ἡμῶν
1421 1790 1711 1888 Ἰησοῦς
1768 1791 1808 1868 ὃ
1867 1786 2196 1891 Χριστὸς
2257 1784 2621 1895 ἐξαίρετόν
2681 1821 2855 1867 τινα
2912 1794 3062 1871 τοῖς
3089 1814 3148 1856 1⁰
3215 1806 3216 1889 ξ

638 1913 869 2014 ἁγίοις
940 1915 1359 2017 ὑπισχνεῖτο
1424 1911 1559 2013 τὴν
1622 1918 1920 2016 γνῶσιν,
1986 1916 2105 1992 καὶ
2178 1913 2337 2018 οὐχὶ
2411 1918 2501 2018 τῇ
2575 1918 2727 1991 τῶν
2792 1913 3063 1992 ἄλλων

637 2036 1237 2139 παρεικασμένην.
1330 2035 1736 2143 ἰσχνότεροι
1781 2035 1925 2142 γὰρ
1978 2040 2096 2118 καὶ
2145 2035 2329 2117 κατὰ
2363 2033 2557 2118 πολὺ
2596 2035 3061 2137 διειδέστεροι

640 2167 785 2241 τῶν
823 2162 1028 2241 θείων
1065 2163 1483 2265 μυστηρίων
1520 2166 1586 2241 οἱ
1636 2165 2081 2267 χαρακτῆρες
2129 2165 2206 2241 ἐν
2251 2168 2398 2246 τοῖς
2447 2159 2862 2264 ἀνθρώποις
2912 2169 3061 2247 τοῖς

642 2287 853 2369 θείοις
918 2286 1443 2385 ἐκλάμπουσιν·
1517 2289 1594 2366 ἐν
1647 2285 1722 2367 δὲ
1780 2292 1929 2370 τοῖς
1991 2288 2189 2366 οὔπω
2248 2285 2430 2389 πρὸς
2485 2292 2699 2366 τοῦτο
2766 2292 3060 2390 φρενῶν

642 2410 1125 2511 καθαρότητος
1185 2409 1627 2517 ἀφιγμένοις,
1686 2414 1783 2495 ὡς
1840 2414 2026 2491 ἑλεῖν
2083 2410 2437 2490 δύνασθαι
2490 2415 2854 2511 λαμπρῶς
2915 2417 3059 2491 τῶν
3083 2435 3140 2495 15

642 2532 819 2639 ὑπὲρ
870 2531 1101 2637 λόγον
1146 2532 1278 2635 τὴν
1323 2535 1600 2635 εἴδησιν
1653 2534 1771 2615 διὰ
1821 2538 1949 2635 τῆς
2003 2543 2132 2615 τοῦ
2174 2534 2596 2636 Πνεύματος
2647 2538 2950 2638 δωρεᾶς,
2983 2537 3058 2615 ἐν

584 2693 619 2736 e
643 2660 904 2745 ἁπλοῖς
953 2660 996 2760 ἡ
1047 2666 1322 2763 γνῶσις
1373 2660 1623 2762 ὁρᾶται
1676 2668 2080 2764 λογισμοῖς,
2117 2663 2233 2740 καὶ
2278 2659 2462 2740 κατὰ
2509 2660 2734 2757 μόνον
2771 2661 2940 2739 ἐστὶ
2973 2656 3058 2739 τὸ

641 2784 892 2865 εἰδέναι
948 2784 1191 2888 τυχὸν,
1238 2782 1346 2864 ὅτι
1399 2784 1586 2868 Θεός
1640 2786 1842 2864 ἐστιν
1889 2786 1928 2863 ὁ
1977 2782 2306 2888 Χριστὸς
2361 2786 2479 2863 καὶ
2522 2780 2697 2868 ’Υἱὸς
2759 2785 3059 2885 ἀληθῶς

642 2916 771 2989 τοῦ
810 2907 993 2989 κατὰ
1045 2908 1274 3016 φύσιν
1313 2913 1530 2989 Θεοῦ.
1615 2909 1978 3010 τοσαύτης
2025 2916 2406 3012 τοιγαροῦν
2442 2907 2715 3016 μεταξὺ
2763 2908 3054 3016 χωρού-

642 3068 785 3133 σης
846 3037 975 3133 τῆς
1037 3037 1410 3139 διαφορᾶς,
1468 3037 1586 3113 καὶ
1652 3032 1836 3113 κατὰ
1897 3031 2092 3114 πολὺ
2161 3033 2608 3137 διειργούσης
2671 3042 2820 3112 τῶν
2880 3037 3049 3138 ἀγε-
3079 3066 3140 3106 20

644 3158 871 3238 λαίων
909 3157 1040 3257 τὴν
1089 3164 1368 3261 γνῶσιν
1412 3161 1541 3257 τῆς
1589 3159 1664 3238 ἐν
1713 3164 1862 3242 τοῖς
1913 3158 2140 3260 ἁγίοις
2192 3157 2696 3265 θεωρουμένης,
2735 3161 3050 3265 ἀδιαφο·

643 3280 879 3385 ρήσας
944 3283 984 3361 ὃ
1050 3279 1376 3384 μαθητὴς
1438 3282 1824 3385 πρόσεισιν
1880 3285 2164 3386 ἐρωτῶν
2208 3282 2418 3363 Ἀνθ’
2473 3280 2642 3361 ὅτου
2695 3280 2801 3382 μὴ
2869 3289 3058 3363 πᾶσι

644 3414 793 3491 τοῖς
858 3403 1041 3485 κατὰ
1105 3407 1238 3506 τὴν
1306 3407 1722 3506 οἶκουμένην
1788 3407 2291 3513 ἀποκαλύψειν
2345 3403 2616 3502 ἑαυτὸν,
2673 3405 2928 3504 μόνοις
2985 3406 3060 3487 δὲ

645 3538 792 3613 τοῖς
846 3532 1075 3633 ἁγίοις
1122 3532 1676 3633 ἐπαγγέλλεται.
1761 3530 1845 3611 τὸ
1901 3531 1987 3610 δέ
2034 3535 2121 3610 Τί
2164 3530 2425 3635 γέγονεν
2480 3532 2840 3628 ἀναβοῶν,
2881 3532 3070 3613 ἔοικέ

314 3683 448 3737 829
470 3679 550 3736 A.
590 3696 625 3735 a
647 3688 716 3733 τι
753 3661 1075 3733 τοιοῦτον
1114 3655 1656 3736 ὑπαινίττεσθαι
1695 3658 1956 3737 θέλειν·
2018 3654 2299 3740 σκοπός
2350 3690 2494 3752 σοι,
2534 3658 2744 3762 φησὶ,
2780 3660 2916 3757 τῆς
2961 3664 3060 3743 εἰς
3083 3689 3144 3747 ²5

647 3777 831 3877 ἡμᾶς
869 3778 1204 3885 ἀφίξεως,
1242 3776 1299 3859 ὦ
1336 3777 1710 3877 Δέσποτα,
1749 3777 1832 3860 τὸ
1880 3778 1982 3878 μὴ
2033 3784 2181 3860 τισὶ
2219 3779 2349 3878 μὲν
2383 3778 2520 3859 ἀνὰ
2563 3780 2781 3882 μέρος
2829 3781 3053 3883 γινώ-

647 3908 979 4001 σκεσθαι,
1039 3906 1191 3983 τισὶ
1256 3903 1333 3984 δὲ
1397 3906 1651 3984 οὐκέτι·
1731 3903 2080 4005 ἠκούομεν
2135 3904 2280 4009 γὰρ
2345 3905 2421 3984 ἐν
2475 3903 2892 4009 προφήταις
2950 3905 3057 3986 ὅτι

313 4048 399 4098 ΕΒ,
421 4046 491 4097 xl.
510 4059 557 4110 5·
648 4025 992 4133 “ὅψεται
1054 4035 1266 4108 πᾶσα
1339 4027 1546 4136 σὰρξ
1605 4028 1689 4108 τὸ
1752 4027 2113 4132 σωτήριον
2168 4038 2295 4109 τοῦ
2354 4028 2608 4126 Θεοῦ,”
2668 4027 2879 4108 ἀλλὰ
2943 4033 3060 4110 καὶ

312 4150 542 4274 ξὲὓξὶΠ·
648 4150 859 4244 αὐτὸς
897 4151 1191 4257 ἐφώνεις
1228 4159 1427 4246 βοῶν
1465 4163 1509 4199 “
1538 4153 1829 4255 Τερπου
1878 4188 1997 4233 και
2032 4151 2434 4260 εὐφραίνου,
2475 4151 2790 4255 θύγατερ
2829 4152 3055 4254 Σιὼν,

634 4284 693 4323 ““
728 4274 812 4354 ὅτ
812 4273 1045 4356 ιίδοῦ
1103 4275 1246 4378 ἐγω
1313 4277 1612 4382 ἔρχομαι
1677 4278 1794 4356 καὶ
1859 4275 2408 4377 κατασκηνώσει)
2474 4280 2550 4357 ἐν
2604 4277 2811 4386 μέσῳ
2882 4314 3051 4378 σου,
3082 4311 3142 4371 3ο

647 4411 692 4448 “
728 4396 924 4503 λεγει
984 4400 1272 4502 Κύριος,
1329 4404 1448 4481 καὶ
1506 4399 2082 4509 καταφεύξονται
2141 4400 2309 4501 ἔθνη
2365 4400 2621 4482 πολλὰ
2679 4400 2867 4506 πρὸς
2932 4403 3059 4486 τὸν

1001 4604 1052 4661 7.
1091 4591 1295 4661 σεαυτῷ
1322 4588 1387 4644 Ε.
1993 4605 2080 4660 23.
2117 4587 2459 4662 ἀποκαλύψω
2479 4590 2605 4659 (sic)
2633 4588 2699 4645 Ε.
