3238 5158
164 359 348 407 nxz.
512 340 629 404 IN
690 341 760 405 8.
807 340 1331 406 JOANNEM.
1420 340 1615 406 LIB.
1664 342 1748 406 X.
1838 342 2044 407 CAP.
2089 343 2186 406 11.
2428 340 2560 407 547

44 538 49 545 ·
166 506 437 613 φύσιν,
502 506 677 587 ἀλλ’
716 507 875 588 ἔστι
928 509 1015 589 τὸ
1071 511 1256 590 οὕτω
1314 517 1605 617 φρονεῖν
1661 515 1807 589 τῶν
1857 514 1955 595 εἶς
2010 508 2234 611 ἀκρον
2275 513 2547 589 δυσσε-

164 630 352 725 βείας
402 630 722 729 ἡκόντων
758 640 1024 713 κακῶν·
1084 632 1532 733 πεποιήμεθα
1567 631 1713 738 γὰρ
1748 633 1968 733 ἡμεῖς,
2012 632 2199 717 Θεὸς
2250 630 2324 712 δὲ
2373 630 2558 711 κατὰ

167 755 382 861 φύσιν
418 758 620 837 ἐστὶν
656 757 697 836 5
733 756 936 843 Υἱός.
1018 753 1170 837 εἷτα
1207 763 1362 842 πῶς
1399 757 1606 838 ἔσται
1642 765 1900 855 τοῦτο;
1962 765 2118 843 πῶς
2165 756 2242 837 δὲ
2290 754 2559 856 ἀληθὲς

42 916 49 955 r
164 880 263 958 ἐπ’
301 880 495 987 αὐτῷ
545 880 632 960 τὸ
684 878 1095 984 λεγόμενον,
1134 881 1327 986 εἴπερ
1381 884 1564 962 εἰσὶν
1614 883 1901 989 ὀμοφυῆ
1955 887 2047 987 τῇ
2103 878 2409 990 ἀμπέλῳ
2466 879 2558 961 τὰ

44 1042 51 1053 ·
107 1022 141 1082 5
165 1001 533 1103 κλήματα;
596 1002 874 1108 ἀνάγκη
911 1005 1078 1110 γὰρ,
1117 1003 1163 1106 ἢ
1215 1008 1334 1085 καὶ
1383 1006 1567 1105 ἡμᾶς
1619 1000 1875 1090 αὐτοὺς
1924 1010 2022 1090 εἶς
2055 1004 2189 1105 τὴν
2225 1009 2351 1105 τῆς
2387 1003 2554 1085 θεό-

42 1170 47 1209 ι
162 1161 365 1227 τητος
436 1132 566 1227 τῆς
641 1133 960 1230 ἀληθοῦς
1041 1129 1595 1233 ἀνακομίζεσθαι
1671 1128 1921 1236 φύσιν,
1994 1128 2221 1232 ἤγουν
2291 1129 2560 1229 ἐκείνην

42 1300 47 1337 ι
163 1250 769 1356 καταβιβάζεσθαι
843 1253 1026 1359 πρὸς
1090 1256 1299 1355 ἡμᾶς·
1379 1255 1668 1361 ὃμοφυῆ
1732 1253 1878 1357 γάρ
1941 1260 2032 1359 τῇ
2103 1252 2405 1360 ἀμπέλῳ
2466 1251 2559 1333 τά
2583 1285 2619 1328 ο

42 1398 47 1463 j
163 1374 519 1475 κλήματα.
600 1381 718 1458 καὶ
752 1378 1035 1483 ἐπείπερ
1087 1380 1414 1485 φαίνεται
1465 1379 1706 1480 λέγων
1740 1380 1781 1457 5
1816 1377 1993 1463 ’Υἱός
2030 1389 2074 1426 “
2099 1376 2300 1479 Ἐγὼ
2350 1377 2468 1457 καὶ
2517 1379 2558 1457 5

166 1509 208 1546 “
245 1498 499 1605 Πατὴρ
555 1501 632 1581 ἕν
674 1503 960 1602 ἐσμεν,”
1000 1507 1119 1582 καὶ
1174 1504 1371 1601 ἡμεῖς
1419 1503 1613 1610 αὐτῷ
1666 1498 2328 1602 συναναβησόμεθα
2378 1498 2561 1603 πρὸς

42 1650 143 1713 ,010
169 1622 545 1726 ὁμοιότητα
606 1625 739 1727 τὴν
799 1624 983 1707 κατὰ
1039 1631 1189 1708 πᾶν
1247 1626 1486 1706 ὁτιοῦν
1541 1626 1727 1729 πρὸς
1785 1625 1914 1707 τὸν
1963 1627 2279 1729 Πατέρα,
2331 1622 2379 1726 ἢ
2442 1628 2562 1706 καὶ

166 1743 374 1831 αὐτὸς
426 1750 467 1827 5
514 1750 771 1856 Πατὴρ
822 1755 920 1836 εἷς
969 1750 1319 1855 ἡμετέραν
1356 1751 1704 1849 ὁμοίωσιν
1739 1749 2563 1852 συγκαθελκυσθήσεται

42 1926 47 1963 1
164 1877 266 1979 τῷ
314 1878 490 1981 Υὶῷ,
524 1880 628 1983 τῷ
682 1875 865 1979 πρὸς
920 1876 1105 1975 ἡμᾶς
1163 1878 1487 1982 ὅμοφυεῖ.
1567 1877 1779 1978 ὁρᾶτε
1836 1873 1925 1972 δὴ
1981 1875 2108 1955 οὖν
2164 1873 2340 1958 ὅσος
2393 1874 2565 1974 ἡμῖν

42 2024 45 2093 γ
162 2000 476 2078 ἐντεῦθεν
513 2002 947 2107 δυσφημιῶν
990 1998 1373 2079 ἀνατέλλει
1427 1997 1761 2101 θόρυβος·
1825 1996 1941 2078 διὰ
1991 1998 2080 2099 δὴ
2133 2007 2374 2097 τοῦτο,
2414 2005 2565 2083 τοῖς

42 2178 47 2217 g
162 2120 250 2228 ἐξ
300 2123 639 2223 ἀληθείας·
696 2131 988 2225 μᾶλλον
1048 2123 1377 2230 ἑψόμεθα
1440 2130 1849 2226 λογισμοῖς,
1913 2125 1989 2202 ἐν
2049 2125 2566 2225 ὑποδείγματος

42 2270 136 2343 ;¹5
165 2246 406 2355 τρόπῳ
467 2249 924 2332 πιστεύοντες
979 2246 1107 2329 τὸν
1150 2245 1335 2328 Υὶὸν
1390 2253 1609 2328 εἰπεῖν
1657 2247 1857 2349 Ἐγώ
1913 2252 2051 2347 εἶμι
2109 2248 2154 2346 ἡ
2209 2246 2565 2348 ἄμπελος,

165 2372 361 2470 ὑμεῖς
392 2370 487 2451 τὰ
523 2373 884 2474 κλήματα,
921 2375 963 2453 5
1003 2371 1261 2476 Πατήρ
1294 2406 1437 2471 μου
1472 2372 1512 2450 5
1548 2368 1870 2475 γεωργός
1904 2372 2132 2451 ἐστιν.

166 2623 305 2687 Πᾶν
360 2628 575 2701 κλῆμα
628 2625 699 2691 ἐν
746 2624 894 2701 ἐμοὶ
945 2624 1033 2702 μὴ
1089 2627 1295 2714 φέρον
1345 2623 1616 2713 καρπὸν,
1668 2618 1842 2711 αἴρει
1896 2621 2074 2689 αὐτό·
2149 2619 2254 2685 καὶ
2309 2625 2440 2686 πᾶν
2487 2620 2563 2689 τὸ
2594 2635 2632 2674 2

296 2749 547 2838 καρπὸν
600 2752 828 2840 φὲρον,
883 2750 1180 2840 καθαίρει
1231 2750 1391 2817 αὐτὸ
1444 2751 1551 2816 ἵνα
1609 2749 1860 2838 καρπὸν
1914 2746 2187 2814 πλείονα
2242 2747 2441 2837 φέρῃ.

279 2920 571 3023 Ἑκτικὴ
627 2925 761 3025 μέν
814 2926 1019 3006 ἐστιν
1068 2924 1270 3024 ἡμῶν
1319 2924 1364 3024 ἠ
1420 2919 1782 3024 κόλλησις
1836 2919 2020 3026 πρὸς
2068 2917 2397 3025 Χριστὸν
2451 2921 2570 2998 καὶ

57 3083 139 3124 20
166 3046 667 3150 προαιρετικὴν
715 3049 987 3155 ἔχουσα
1036 3052 1168 3149 τῆς
1214 3047 1611 3156 συναφείας
1659 3044 1793 3146 τὴν
1837 3045 2155 3144 δύναμιν,
2192 3050 2572 3123 τελειοῦσα

165 3170 244 3251 δὲ
283 3170 534 3279 ἀγάπῃ
570 3176 687 3254 καὶ
721 3174 989 3255 πίστει.
1052 3178 1171 3253 καὶ
1206 3172 1252 3272 ἡ
1297 3170 1428 3272 μὲν
1466 3171 1713 3255 πίστις
1748 3177 1901 3253 ταῖς
1938 3168 2302 3270 ἡμετέραις
2338 3173 2564 3248 εἰσοι-

162 3293 424 3398 κίζέται
485 3302 789 3405 ψυχαῖς,
848 3300 1208 3403 ἀκραιφνῆ
1268 3300 1398 3396 τῆς
1463 3289 1905 3397 θεογνωσῖας
1960 3292 2381 3399 παρέχουσα
2438 3289 2572 3391 τὴν

162 3419 517 3520 δήλωσιν·
602 3425 643 3502 5
702 3421 777 3502 δὲ
831 3426 959 3522 τῆς
1014 3419 1300 3524 ἀγάπης
1353 3418 1641 3524 τρόπος,
1689 3423 1816 3519 τῆς
1867 3421 2036 3524 παρ’
2085 3420 2302 3499 αὐτοῦ
2356 3421 2568 3521 διορι-
2595 3457 2631 3501 e

161 3545 470 3648 σθείσης
521 3546 690 3647 ἡμῖν
732 3549 1030 3646 ἐντολῆς
1083 3549 1372 3626 ἀπαιτεῖ
1416 3544 1551 3644 τὴν
1594 3544 1923 3646 τήρησιν
1987 3546 2172 3625 οὕτω
2228 3540 2374 3646 γάρ
2429 3576 2572 3623 που

52 3697 130 3757 25
163 3671 286 3748 καὶ
324 3667 540 3754 αὐτὸς
574 3668 703 3751 τὸν
738 3674 1137 3773 ἀγαπῶντα
1169 3667 1439 3753 δεικνὺς
1475 3667 1795 3775 ἔφασκεν
1829 3671 1927 3749 Ὁ
1965 3673 2270 3772 ἀγαπῶν
2304 3701 2393 3767 με
2443 3664 2574 3750 τὰς

161 3794 472 3878 ἐντολάς
524 3830 667 3894 μου
721 3795 1040 3899 τηρήσει.
1115 3792 1357 3875 ἰστέον
1404 3793 1529 3874 οὖν
1581 3792 1690 3874 ὅτι
1739 3792 2236 3895 συνενούμενοι
2277 3788 2411 3890 μὲν
2457 3788 2575 3870 διὰ

161 3915 486 4003 πίστεως
536 3919 753 4027 αὐτῷ,
792 3922 907 3999 καὶ
959 3921 1036 4000 ἐν
1073 3923 1331 4026 ψιλαῖς
1383 3921 1502 3997 καὶ
1546 3915 1797 4017 μόναις
1847 3918 2267 4021 ὁμολογίαις
2312 3911 2399 3994 τὸ
2446 3916 2574 4013 τῆς

158 4040 600 4142 κολλήσεως
656 4040 837 4127 εἶδος
893 4042 1434 4143 ἐπιτηδεύοντες,
1474 4042 1558 4121 οὐ
1606 4041 1753 4143 μὴν
1796 4044 1916 4123 καὶ
1963 4048 2110 4127 τοῖς
2158 4039 2247 4148 ἐξ
2289 4034 2576 4142 ἀγάπης

158 4164 776 4270 ἀνδραγαθήμασι
834 4165 960 4247 τὸν
1014 4170 1141 4267 τῆς
1195 4166 1592 4274 συναφείας
1654 4164 1927 4265 δεσμὸν
1980 4165 2574 4272 ἐπισφίγγοντες,

159 4399 411 4506 Ε.4ἑσῖἷ
424 4382 703 4508 &W
729 4380 794 4436 F*
890 4377 2222 4541 17223⁹pr23⁹⁴a5521>⁶ffi1fflffffffl⁴n¹ffiffiffi
2247 4393 2412 4502 8⁶32·
2429 4376 2577 4501 3³3⁹.

155 4523 548 4593 καρποφοροῦν
569 4521 710 4577 iufra
731 4520 838 4595 869
861 4541 910 4577 e.
1075 4539 1157 4593 19.
1194 4542 1342 4578 εστιν
1363 4530 1416 4575 et
1439 4521 1523 4574 καὶ
1547 4531 1825 4593 assumpta
1848 4539 1915 4576 ex
1943 4520 2006 4575 E.
2166 4534 2251 4574 2ο.
2289 4516 2578 4588 συναφείας

156 4592 230 4649 Ε.
262 4592 558 4666 σαφηνείας
582 4592 687 4650 Ed.
832 4592 916 4649 26.
956 4590 1067 4665 διὰ]
1102 4599 1159 4658 -1-
1188 4594 1344 4663 μόνης
1367 4593 1458 4660 τῆς
1483 4590 1629 4647 Catt.
1771 4606 1857 4663 27.
1895 4591 1978 4646 καὶ
2003 4587 2127 4660 alt]
2157 4596 2214 4655 -0-
2245 4588 2300 4643 ἐν
2323 4586 2395 4640 Ε.

2650 1380 2820 1445 Supra

2649 1462 2700 1496 x.
2729 1460 2812 1509 30.

2663 3674 2744 3754 Cf.
2761 3690 2913 3740 nupt·

2663 3756 2768 3793 nv.
2785 3755 2863 3803 ²3·
