3238 5158
241 357 477 446 viii.49.
784 364 899 429 IN
957 364 1026 429 S.
1074 365 1580 431 JOANNEM.
1672 367 1864 432 LIB.
1897 366 2020 431 VI.
2476 366 2602 430 109

234 527 838 636 προσγράφοντος·
923 527 1042 609 διὰ
1104 528 1182 610 δὲ
1237 539 1368 612 τοῦ
1423 531 1639 612 τέκνα
1696 531 1935 634 λε’γειν
1989 527 2156 616 τοῦς
2213 530 2598 614 Ἰουδαίους

233 659 362 731 τοῦ.
396 657 699 751 Σατανᾶ,
754 656 1298 757 κατακρίνοντος
1357 658 1455 740 ὦς
1508 655 2117 754 μεμολυσμένους,
2174 656 2291 733 καὶ
2349 651 2598 752 πάσης

231 776 649 878 ἀκαθαρσίας
722 775 1063 857 ἀνάπλεω
1138 777 1433 882 ἔχοντας
1513 778 1642 858 τὸν
1710 786 1900 877 νοῦν,
1975 777 2154 881 ὅπερ
2232 778 2392 857 ἐστὶ
2478 779 2598 855 καὶ

227 900 489 999 ἀληθές.
587 902 842 982 οὐκοῦν
899 903 1333 1008 Σαμαρείτην
1392 900 1527 1002 μὲν
1599 900 1719 981 διὰ
1788 910 2035 999 ταῦτα,
2104 905 2448 999 δαιμονᾶν
2518 897 2596 979 δὲ

175 1034 206 1095 5
225 1019 431 1103 πάλιν
481 1028 735 1132 φασὶν,
780 1021 893 1104 ὅτι
941 1031 1090 1108 τοῖς
1140 1026 1525 1123 δαιμονίοις
1575 1024 1737 1108 ἔθος
1787 1023 1920 1124 τὴν
1955 1029 2124 1133 Θεῷ
2171 1057 2591 1129 χρεωστου-

223 1143 421 1247 με’νην
466 1154 563 1233 εἰς
612 1147 830 1228 ἑαυτὰ
874 1145 1319 1247 μετατιθέναι
1366 1145 1599 1248 τιμὴν,
1639 1150 1758 1228 καὶ
1797 1146 1931 1248 τὴν
1964 1155 2092 1228 τοῦ
2130 1152 2323 1228 Θεοῦ
2371 1144 2596 1254 δόξαν

224 1269 538 1373 ἁρπάζειν
600 1274 929 1379 ἀφειδῶς.
1033 1268 1207 1351 αὐτὸ
1283 1269 1361 1350 δὲ
1432 1270 1521 1371 δὴ
1595 1279 1808 1352 τοῦτο
1882 1275 2062 1375 δρᾶν
2125 1269 2394 1351 οἴονται
2464 1268 2595 1350 τὸν

222 1394 553 1497 Χριστὸν,
621 1394 794 1475 ὅταν
856 1393 1108 1475 ἑαυτὸν
1169 1393 1544 1499 ἅνθρωπος
1614 1392 1719 1473 ὧν
1781 1397 1880 1479 ὦς
1943 1400 2040 1478 εἰς
2103 1398 2298 1474 Θεοῦ
2369 1391 2594 1474 τόπον
2616 1433 2653 1478 ο

219 1517 505 1624 εἰσφέρῃ
557 1517 796 1622 λε’γων
829 1528 873 1568 “
899 1520 997 1599 Ὁ
1034 1517 1136 1598 ὧν
1182 1521 1263 1600 ἐκ
1314 1527 1444 1600 τοῦ
1495 1523 1690 1599 Θεοῦ
1744 1516 1838 1598 τὰ
1888 1515 2175 1622 ῥήματα
2223 1524 2353 1597 τοῦ
2402 1521 2594 1599 Θεοῦ
2680 1516 2889 1648 2232·

135 1660 198 1702 ¹0
218 1650 259 1686 “
292 1641 591 1723 ἀκούει.”
648 1644 1073 1749 ὑπεμφαίνει
1125 1640 1272 1747 γὰρ
1325 1646 1424 1726 ὡς
1474 1644 1638 1745 περὶ
1685 1648 1832 1722 τῶν
1878 1642 2076 1722 ἰδίων
2118 1639 2460 1745 ῥημάτων
2502 1641 2596 1722 τὰ

216 1773 513 1864 τοιαῦτα,
540 1767 753 1874 φησί.
818 1770 947 1866 τῆς
984 1766 1116 1866 μὲν
1142 1767 1268 1847 οὖν
1303 1765 1684 1869 λοιδορίας,
1713 1772 2006 1865 μᾶλλον
2087 1763 2109 1794 “
2143 1768 2272 1864 τῆς
2308 1767 2596 1872 δυσφη-

212 1890 387 1987 μίας,
445 1894 575 1991 τῆς
639 1891 788 1971 κατ’
853 1891 1071 1972 αὐτοῦ
1143 1888 1517 1997 πρόφασις
1579 1891 1763 1990 αὕτη
1826 1896 1974 1975 τοῖς
2035 1891 2404 1975 Ἰουδαίοις
2468 1893 2592 1971 καὶ

214 2014 494 2118 ἀφορμὴ
552 2013 738 2118 πρὸς
801 2012 887 2096 τὸ
952 2015 1180 2095 ἐκεῖνα
1240 2013 1495 2117 λέγειν,
1551 2010 1740 2117 ἅπερ
1809 2014 2049 2098 αὐτοῖς
2111 2013 2245 2114 τὴν
2307 2014 2595 2096 αἰώνων

212 2136 719 2243 ἢῤῥαβωνίζέτο
779 2136 1050 2247 φλόγα.
1144 2138 1380 2220 ἔπεισι
1434 2140 1524 2217 δέ
1566 2172 1692 2238 μοι
1745 2137 2117 2237 θαυμάσαι
2169 2140 2306 2219 κάν
2361 2137 2593 2248 τούτῳ

128 2282 191 2342 15
212 2259 425 2341 πάλιν
472 2263 754 2347 αὐτούς.
831 2261 1272 2367 ὀργιζόμενοι
1329 2259 1493 2365 γὰρ,
1538 2260 1826 2365 ἐπείπερ
1883 2264 2016 2343 υἱοὶ
2071 2260 2421 2359 διαβόλου
2475 2265 2593 2342 καὶ

208 2390 519 2489 ψεῦσται
590 2385 951 2470 πολλάκις
1031 2384 1469 2487 ἐκλήθησαν,
1543 2384 1733 2494 ἔργῳ
1824 2385 2223 2467 δεικνύουσι
2305 2383 2593 2489 προσὸν

210 2510 436 2597 αὐτοῖς
484 2511 572 2593 τὸ
622 2511 973 2615 ἔγκλημα,
1011 2508 1052 2592 ὃ
1101 2514 1217 2592 καὶ
1264 2517 1555 2612 μᾶλλον
1587 2512 1806 2616 ἐχρῆν
1842 2508 1961 2592 διὰ
2009 2515 2139 2611 τῆς
2188 2516 2286 2597 εἰς
2332 2508 2592 2615 ἀρετὴν
2614 2524 2659 2592 d

208 2636 727 2740 ἀποτρίβεσθαι
758 2639 1012 2740 ῥοπῆς.
1090 2631 1176 2716 τὸ
1223 2632 1369 2738 γὰρ
1416 2633 1606 2718 ὅλως
1659 2637 2264 2739 διαλοιδορεῖσθαι
2311 2643 2585 2740 φιλεῖν,

208 2763 317 2839 καὶ
364 2759 453 2840 τὰ
499 2758 605 2860 μὴ
653 2757 1029 2863 προσόντα
1074 2761 1270 2838 τισὶν
1305 2761 1402 2842 ὡς
1454 2755 1835 2862 προσόντα
1882 2758 2147 2861 λε’γειν,
2187 2759 2271 2837 οὐ
2320 2765 2468 2841 τοῖς
2515 2761 2593 2839 ε’ν

122 2901 187 2944 ²0
207 2882 466 2970 τέκνοις
502 2890 701 2965 Θεοῦ
732 2880 1380 2985 κατατεταγμένοις,
1420 2879 1624 2961 ἀλλὰ
1669 2886 1841 2965 υἱοῖς
1890 2878 2240 2978 διαβόλου
2289 2914 2584 2986 πρεπω-

207 3006 570 3090 δέστατον.
648 3010 1065 3110 λοιδοροῦσι
1118 3005 1196 3086 δὲ
1249 3007 1333 3087 οὖ
1387 3003 1611 3106 μόνον
1661 3009 1728 3084 οὶ
1784 3008 2109 3102 δειλαιοί,
2170 3003 2238 3084 οἳ
2293 3008 2411 3085 καὶ
2464 3008 2592 3106 τῆς

205 3129 464 3212 ἑαυτῶν
502 3130 1078 3237 καταψεύδονται
1111 3134 1456 3237 κεφαλῆς,
1483 3128 1600 3209 ἵνα
1633 3125 1736 3228 μὴ
1773 3127 1966 3231 λε’γω
2003 3133 2355 3232 Χριστοῦ,
2390 3128 2591 3210 ἀλλὰ

204 3255 341 3358 γὰρ
387 3260 506 3336 καὶ
565 3254 802 3342 καλεῖς
850 3263 1062 3335 τοῦτο
1111 3253 1663 3360 διισχυρίζὸνται
1712 3255 1911 3356 δρᾶν,
1948 3251 2110 3333 οὐδὲ
2156 3252 2338 3334 ὅσον
2373 3259 2592 3336 εἰπεῖν

204 3378 855 3482 καταγινώσκοντες
916 3381 1046 3477 τῆς
1116 3375 1589 3487 φαυλότητος,
1655 3373 1833 3479 ὅπερ
1905 3378 2064 3457 ἐστὶ
2133 3380 2589 3486 τυφλότητος

120 3515 183 3577 25
204 3501 648 3605 τελειοτάτης
702 3501 1083 3609 ἀπόδειξις.
2609 3541 2647 3586 ο

258 3740 611 3832 Ἀπεκρίθη
655 3741 910 3811 Ἰησοῦς
953 3742 1136 3817 ’HJ-‹1›
1188 3742 1526 3820 δαιμόνιον
1578 3743 1698 3809 οὐκ
1747 3742 1901 3830 ἔχω,
1954 3742 2126 3809 ἀλλὰ
2183 3742 2350 3819 τιμῶ
2401 3742 2514 3811 τὸν
2612 3756 2692 3816 49

694 3869 955 3958 Πατέρα
1007 3891 1152 3949 μου,
1208 3868 1316 3935 καὶ
1368 3864 1549 3947 ὑμεῖς
1601 3869 1941 3960 ἀτιμάζετέ
1991 3891 2093 3946 με.

297 4034 431 4115 Ἐν
481 4030 837 4138 πραότητι
891 4031 1025 4132 μὲν
1079 4034 1121 4112 ὁ
1175 4032 1419 4138 λόγος,
1455 4032 1712 4136 γε’γονε
1767 4032 1838 4114 δ’
1880 4033 2007 4113 οὖν
2060 4031 2254 4133 ὅμως
2307 4033 2385 4111 ἐν
2433 4031 2591 4133 ἤθει

261 4253 311 4309 3.
345 4238 588 4294 ἀνάπλεω
615 4236 681 4292 Β.
710 4235 890 4293 Holet.
915 4236 1183 4293 ἀνάπλεων
1209 4236 1313 4292 Ed.
1625 4248 1684 4360 ἒ
1713 4236 1778 4305 δὴ
1803 4243 2145 4306 assumptum
2168 4253 2235 4290 ex
2261 4234 2328 4289 B.
2461 4234 2494 4289 δ
2532 4236 2590 4289 ’ν

199 4305 376 4364 οἴονται
399 4310 508 4391 hpc
532 4308 722 4364 ordine
747 4307 864 4364 Bm.
1125 4323 1212 4390 34.
1247 4305 1610 4378 ἦρεβωνῆζετεο
1688 4344 1703 4360 .
1726 4304 2052 4378 ἦρεβονίζετο
2081 4306 2180 4361 Ht.
2207 4304 2238 4374 ἦ
2273 4256 2589 4387 ραβωνίζρεὲο

196 4378 947 4505 ἓίῗᾷἆῗὲῗὲὲωῗῗέἳ*
968 4378 1322 4504 ὴὲῗῗιέἲὲπ.
1382 4390 1534 4519 ριὲΊὲ
1558 4378 1886 4502 :staff
1910 4394 1940 4432 ⁶
1966 4376 2085 4432 ‘³²²'
2115 4376 2233 4517 ¹32¹?
2255 4384 2591 4503 ’.ἶς’ἱίἓέῗῗ

198 4532 277 4585 24.
312 4522 654 4647 Ἣότᾶτοῖ
680 4517 1032 4647 τιεοῖἷοιοᾍότῖς]
1058 4518 1278 4591 ἀμαθίας
1310 4470 1403 4589 τρῆς
1436 4519 1558 4575 τελε
1730 4539 1756 4577 ς
1789 4535 1839 4574 a.
1871 4517 2091 4588 ἀμαθίας
2123 4518 2216 4585 τῆς
2249 4533 2350 4588 pro
2384 4516 2590 4588 τυφλό-

195 4608 337 4658 τητος
574 4608 633 4647 ar
658 4630 672 4648 .
907 4608 946 4646 u
986 4629 1002 4646 .
