3238 5158
1440 1133 1925 1210 KE<I>AAH
2005 1135 2104 1208 Δ.

584 1393 732 1459 Ὅτι
774 1394 937 1462 Θεὸς
982 1396 1129 1458 κατὰ
1173 1394 1360 1477 φύσιν
1404 1394 1569 1458 ἐστὶν
1613 1395 1648 1457 ὁ
1691 1392 1839 1460 ’Υἱὸς
1881 1395 1984 1471 τῆς
2027 1390 2172 1471 πρὸς
2215 1389 2324 1469 τὴν
2370 1388 2560 1453 κτίσιν
2603 1388 2950 1469 ὁμοιότητος

509 1527 545 1571 e
973 1505 1378 1594 ἅνῳκισμὲνος
1420 1512 1746 1584 παντελῶς,
1791 1506 1942 1569 ὅσον
1985 1508 2068 1573 εἰς
2111 1505 2321 1571 οὐσίας
2361 1505 2570 1586 λόγον.
3213 1541 3220 1592 ,ι

678 1770 905 1850 Ὑμεῖς
960 1775 1033 1839 ὲκ
1087 1774 1320 1840 τούτου
1375 1775 1489 1838 τοῦ
1541 1771 1787 1850 κόσμου
1840 1772 2011 1854 ἐστὲ,
2064 1772 2198 1848 &ab
2250 1771 2369 1837 οὐκ
2423 1766 2553 1847 εἰμί
2605 1769 2680 1834 ὲκ
2733 1772 2847 1834 τοῦ

1490 1898 1734 1974 κόσμου
1786 1898 2042 1964 τούτου.
2994 1916 3031 1977 5

664 2114 1024 2203 ’'EAEIE
1028 2121 1169 2196 EN
1225 2118 1301 2196 ἐν
1353 2115 1631 2201 τούτοις
1684 2117 1763 2197 εὖ
1816 2115 2022 2216 μάλα
2077 2117 2196 2197 καὶ
2252 2121 2536 2222 σαφῶς,
2583 2115 2662 2194 τί
2698 2109 2832 2211 μὲν
2875 2110 2967 2191 ἂν

567 2245 801 2319 νοοῖτο
857 2240 940 2319 τό
991 2238 1093 2319 Ἀ
1104 2275 1222 2339 νω,
1278 2242 1356 2321 τί
1408 2239 1484 2320 δὲ
1542 2239 1628 2322 τό
1685 2238 1928 2322 Κάτω.
2026 2237 2265 2339 ἐπειδὴ
2329 2237 2473 2343 γὰρ
2536 2236 2966 2336 δυναμένους

567 2361 885 2442 συνιέναι
920 2362 1142 2463 μηδὲν
1179 2363 1360 2449 εἰκὸς
1409 2363 1642 2464 δήπου
1692 2362 1853 2448 τοὺς
1895 2363 2336 2467 Φαρισαίους
2372 2360 2966 2462 σωματικῶτερον

570 2492 719 2568 τοῖς
754 2488 1138 2589 εἰρημένοις
1173 2496 1654 2592 προσβαλεῖν,
1693 2489 1811 2567 καὶ
1845 2486 1928 2568 τὸ
1966 2487 2116 2567 ἅνω
2151 2522 2229 2569 τε
2264 2489 2383 2567 καὶ
2418 2485 2611 2565 κάτω
2656 2490 2967 2567 τοπικῶς

572 2610 926 2708 ἐκλαβεῖν,
982 2615 1099 2691 καὶ
1154 2617 1253 2694 εἷς
1305 2610 1595 2695 πολλὰς
1650 2615 1969 2693 ἐντεῦθεν
2024 2614 2291 2696 ἐννοίας
2345 2615 2960 2716 περιπλανᾶσθαι,
3000 2653 3079 2695 10
3218 2620 3228 2673 Ι

234 2756 469 2814 504A.
511 2771 549 2811 a
573 2736 951 2838 χρησίμως
994 2737 1034 2815 ὁ
1075 2736 1340 2839 Κύριος
1388 2737 1591 2837 ἡμῶν
1626 2738 1991 2836 Ἰησοῦς
1960 2772 2000 2817 ο
2036 2735 2361 2840 Χριστος
2414 2744 2542 2815 τοῦ
2591 2738 2967 2816 δοκοῦντος
3219 2718 3224 2731 Q

570 2860 991 2967 ἐπεῤῥίφθαι
1039 2858 1584 2964 περιβλήματος
1641 2894 1757 2939 και
1810 2860 2168 2966 ἀσαφείας
2216 2856 2509 2959 ἁπάσης
2563 2859 2976 2958 ἀπογυμνοῖ

569 2982 697 3062 τὸν
740 2983 988 3085 λόγον,
1026 2983 1445 3087 λευκότερον
1489 2984 1741 3088 ὥσπερ
1798 2988 1913 3065 καὶ
1970 2989 2283 3068 εισαῦθις
2338 2985 2578 3066 αὐτοῖς
2628 2984 2968 3085 παραθεις

569 3106 746 3210 ὅπερ
787 3107 1061 3209 εἴρηκεν
1097 3110 1659 3209 αἰνιγματωδῶς.
1741 3109 1969 3214 ’Ὑμεῖς
2018 3105 2162 3212 γάρ
2210 3108 2510 3212 φησιν’
2483 3142 2560 3188 εκ
2597 3143 2821 3186 τουτου
2856 3106 2969 3185 τοῧ

574 3232 831 3334 κὸσμου
868 3228 1042 3319 ἐστὲ,
1083 3231 1414 3309 τουτέστι
1468 3237 1597 3309 τοῦ
1654 3229 1873 3310 κάτω·
1942 3228 2080 3333 ἐγὼ
2126 3236 2242 3311 οὐκ
2291 3235 2422 3336 εἰμὶ
2469 3231 2549 3311 ἐκ
2593 3232 2815 3311 τούτου
2858 3231 2970 3308 τοῧ
3001 3265 3076 3327 15

575 3354 853 3455 κόσμου,
893 3353 1147 3431 οὐκοῦν
1192 3351 1404 3430 τοῦτό
1460 3355 1619 3432 ἐστι
1674 3351 1758 3432 τὸ
1816 3353 1986 3434 ἅνω.
2068 3354 2477 3458 ὑπερτρέχει
2527 3352 2603 3433 δὲ
2652 3350 2847 3433 ἅπαν
2880 3349 2968 3432 τὸ

569 3477 644 3553 ἐν
699 3475 975 3575 γενέσει
1033 3473 1240 3572 Θεὸς,
1298 3476 1382 3555 οὐ
1441 3484 1757 3560 τοπικοῖς
1813 3476 2173 3582 ὑπερέχων
2231 3479 2654 3584 ὑψώμασιν·
2726 3478 2970 3576 εὔηθες

568 3595 713 3701 γὰρ
768 3600 885 3678 καὶ
940 3597 1242 3700 ἀνόητον
1298 3601 1554 3705 κομιδῇ
1614 3598 1699 3680 τὸ
1761 3603 1836 3680 ἐν
1889 3599 2092 3710 τόπῳ
2161 3608 2343 3681 νοεῖν
2402 3599 2485 3681 τὸ
2550 3600 2965 3698 ἀσώματον·

571 3721 772 3802 ἀλλὰ
826 3730 973 3806 τοῖς
1027 3727 1154 3822 τῆς
1212 3723 1505 3831 φύσεως
1560 3721 1890 3828 ἀῤῥήτοις
1948 3722 2572 3824 πλεονεκτήμασιν
2630 3724 2963 3826 ὑπερανί-

502 3857 544 3921 b
571 3880 780 3950 σχων
828 3882 920 3927 τα
966 3847 1250 3948 γενητά.
1331 3844 1593 3947 ταύτης
1647 3846 1899 3928 εαυτὸν
1949 3844 2125 3927 εἶναι
2178 3851 2307 3946 τῆς
2362 3849 2609 3932 οὐσιας
2659 3851 2961 3955 φησὶν
2928 3883 2969 3928 ο
3001 3889 3085 3930 20

572 3969 836 4074 Λόγος,
875 3972 1003 4051 οὐκ
1048 3971 1279 4076 ἔργον,
1316 3970 1521 4050 ἀλλὰ
1571 4004 1853 4074 καρπον
1889 3973 2007 4050 καὶ
2054 3971 2388 4073 γέννημα.
2463 3970 2773 4076 ἐπιτήρει
2822 3970 2969 4074 γὰρ

571 4093 763 4177 ὅπως
801 4097 932 4199 οὐχ
973 4096 1348 4174 ἁλίσκεται
1384 4094 1623 4196 λέγων
1657 4092 2058 4175 Ἀνωθεν’
2022 4129 2165 4197 εγω
2202 4095 2467 4198 γέγονα
2503 4099 2620 4176 καὶ
2658 4096 2964 4195 πεποίη-

568 4253 719 4317 μαι,
772 4225 1065 4318 μᾶλλον
1123 4216 1198 4297 δε
1253 4215 1339 4298 τό
1396 4218 1675 4317 Εἱμι,“
1642 4253 1756 4298 ινα
1815 4219 2012 4326 δείξῃ
2068 4223 2182 4299 καὶ
2239 4219 2404 4300 ὅθεν
2452 4223 2629 4317 ἐστὶ,
2685 4223 2802 4300 καὶ
2858 4217 2969 4299 ὅτι

641 4445 692 4482 2.
732 4429 863 4485 Θεὸς
885 4436 1226 4518 assumptum
1251 4446 1317 4483 ex
1344 4428 1409 4483 Β.
1683 4429 1736 4485 6.
1774 4429 1858 4485 καὶ
1882 4448 1990 4484 om.
2018 4429 2159 4486 Catt.
2413 4445 2496 4500 15.
2533 4432 2775 4488 τουτέστι
2798 4434 2893 4485 τοῦ
2916 4449 2966 4488 a.

572 4497 754 4553 Holst.
781 4498 883 4553 Ed.
908 4500 1115 4554 τοῦτό’
1087 4521 1203 4554 εστι
1227 4500 1287 4554 τὸ
1315 4499 1380 4555 Β.
1500 4503 1593 4555 τοῦ
1616 4502 1818 4571 κόσμου
1841 4500 2026 4558 τούτου
2049 4502 2261 4558 inverso
2284 4501 2471 4558 ordine
2494 4521 2543 4559 a.
2713 4518 2800 4558 20.
2838 4497 2967 4558 ειναι

567 4578 907 4642 assumptum
933 4587 997 4624 ex
1022 4588 1069 4625 a.
1074 4588 1122 4626 c.
1151 4569 1313 4626 Cord.
