3238 5158
205 330 342 399 xiii.
371 333 471 413 26,
500 350 604 417 27.
781 336 895 402 IN
959 338 1025 404 S.
1074 336 1586 405 JOANNEM.
1678 338 1868 404 LIB.
1917 336 2038 403 IX.
2474 335 2605 401 869

208 497 658 600 ἠσθενηκότα
722 502 920 608 με’ρη,
984 504 1600 609 προσκομίζεσθαι
1662 505 1933 585 κελεύει
2005 502 2135 587 τὰς
2203 501 2604 601 ἑλεπόλεις,

208 623 551 727 εὐκαίρως
609 624 932 730 αἱρήσειν
995 631 1313 710 ἐντεῦθεν
1377 629 1602 713 εἰδώς·
1689 626 1877 708 κατὰ
1939 625 2067 708 τὸν
2131 623 2351 707 αὐτὸν
2414 621 2610 724 οἶμαι

206 744 480 851 τρόπον
516 749 558 828 ὁ
611 759 957 849 σατανᾶς,
994 753 1112 833 ὅτε
1160 749 1294 852 τὴν
1329 753 1715 857 ἀνθρώπου
1763 749 2015 858 ψυχὴν
2048 752 2612 853 ἐκπολιορκῆσαι

210 870 576 971 βούλεται,
612 873 794 977 πρὸς
828 871 912 955 τὸ
948 879 1314 975 ἀτονῆσαν
1349 868 1560 981 μέρος
1597 878 1675 956 ἐν
1711 876 1891 981 αὐτῇ
1928 881 2165 981 χωρεῖ,
2205 871 2605 976 καταστρέ-

145 1008 185 1071 5
216 998 387 1101 ψειν
444 998 670 1083 οὕτως
726 997 1039 1085 εὐκόλως
1096 999 1433 1099 οἰόμενος,
1486 1000 1663 1079 ὅταν
1711 998 1828 1105 ἰ’δῃ
1883 994 2214 1097 μάλιστα
2263 996 2615 1099 μηδεμίαν
2638 1004 2686 1069 ἃ

214 1119 719 1226 ἐπιδεχομένην
745 1122 879 1224 τὴν
914 1114 1190 1225 ὄνησιν,
1212 1125 1298 1205 δι’
1329 1121 1431 1204 ὧν
1464 1120 1556 1223 ἦν
1593 1123 1774 1208 εἰκὸς
1814 1126 2211 1204 ἀδικεῖσθαι
2245 1121 2330 1203 τὸ
2365 1121 2618 1220 πάθος,

219 1241 371 1323 οἷον
421 1246 836 1349 εἶσηγήσεις
884 1246 1181 1350 ἀγαθὰς,
1217 1245 1381 1332 τοὺς
1429 1248 1537 1328 ἐπ’
1577 1248 1863 1354 ἀνδρείᾳ
1909 1242 2452 1354 παροξυσμοὺς,
2490 1244 2621 1329 τὰς

220 1370 317 1449 εἰς
365 1368 740 1466 εὐσέβειαν
786 1370 1246 1473 ὑπομνήσεις,
1287 1373 1403 1452 καὶ
1451 1369 1585 1472 τὴν
1628 1369 1989 1471 μυστικὴν
2040 1371 2400 1471 εὐλογίαν.
2482 1403 2613 1449 κα-

221 1498 479 1593 ταργεῖ
534 1491 676 1597 γὰρ
738 1492 1074 1594 μάλιστα
1137 1494 1229 1595 δὴ
1290 1503 1506 1575 τοῦτο
1569 1503 1699 1575 τοῦ
1763 1492 2118 1587 διαβόλου
2183 1491 2313 1574 τὸν
2369 1494 2624 1595 ἀνδρο-

108 1642 198 1684 10
224 1612 481 1695 κτόνον
536 1614 667 1697 ἱόν.
1990 1708 1998 1723 ¹
2585 1693 2590 1699 .

341 1740 631 1820 Οὐκοῦν
689 1742 730 1821 ὃ
791 1738 1154 1845 προδότης
1217 1743 1343 1822 οὐκ
1405 1741 1750 1847 ἐλέγχους
1810 1722 2243 1843 ἐδυσωπήθη
2306 1740 2470 1825 τοὺς
2527 1740 2630 1820 ἔτι

227 1860 642 1962 λεληθότως
696 1867 814 1945 καὶ
867 1866 944 1946 ἐν
990 1864 1449 1976 παραβύστῳ
1502 1865 2225 1969 προκεκομισμένους,
2261 1866 2433 1944 ἀλλ’
2472 1862 2633 1945 οὐδὲ

228 1985 363 2087 τὴν
421 1987 706 2094 ἄμαχον
763 1992 891 2089 τῆς
963 1989 1250 2091 ἀγάπης
1310 1988 1551 2096 ἱσχῦν,
1616 1992 1702 2070 οὗ
1764 1989 1979 2090 τιμὴν
2044 1992 2162 2069 καὶ
2228 1988 2454 2096 δόξαν
2515 1989 2634 2069 καὶ

232 2109 470 2215 χάριν,
517 2113 603 2191 οὐ
658 2111 792 2213 τὴν
840 2114 1182 2216 εὐλογίαν
1228 2112 1362 2208 τὴν
1411 2112 1616 2217 παρά
1664 2118 2025 2217 Χριστοῦ·
2095 2112 2632 2217 ἀπερισκέπτως
2656 2149 2694 2195 e

126 2247 207 2333 ¹5
235 2235 311 2315 δὲ
374 2233 626 2339 ὥσπερ
690 2239 806 2317 καὶ
870 2238 1386 2347 ἀπερικλάστῳ
1450 2235 1639 2346 τόνῳ
1703 2235 1888 2342 πρὸς
1951 2238 2172 2317 ἐκεῖνο
2235 2239 2354 2317 καὶ
2414 2237 2638 2337 μόνον

238 2361 448 2462 ὅρων,
511 2365 610 2445 εἷς
673 2359 851 2464 ὅπερ
915 2362 1053 2463 ἤδη
1115 2360 1543 2467 προήττητο,
1600 2366 1731 2462 τῆς
1793 2363 2285 2467 φιλοκερδείας
2351 2358 2641 2462 νόσημά

237 2487 450 2591 φημι,
484 2482 747 2565 λοιπὸν
781 2484 1204 2589 ὁλοκλήρως
1253 2485 1413 2587 ἥλω
1462 2518 1539 2565 τε
1590 2486 1709 2564 καὶ
1757 2484 2152 2565 πέπτωκεν.
2234 2486 2319 2564 οὐ
2356 2484 2501 2589 γὰρ
2538 2483 2643 2564 ἔτι

236 2605 668 2706 σύμβουλον
721 2609 864 2714 ἕχει
921 2607 1051 2690 τὸν
1104 2616 1454 2708 σατανᾶν,
1505 2610 1678 2690 ἀλλ’
1734 2609 1912 2710 ὅλης
1970 2609 2109 2710 ἤδη
2167 2613 2295 2708 τῆς
2353 2609 2645 2712 καρδίας

240 2731 606 2833 δεσπότην
643 2736 760 2814 καὶ
817 2730 1441 2841 κατεξουσιαοηὴν
1483 2740 1787 2815 ποιεῖται
1829 2734 1957 2831 τῆς
2002 2733 2257 2812 ἑαυτοῦ
2301 2730 2641 2828 διάνοιας,

129 2893 218 2936 20
243 2852 372 2935 τὸν
404 2857 481 2935 ἐν
515 2857 771 2961 ἀρχαῖς
807 2857 1297 2964 ψιθυρίζοντα.
1375 2854 1634 2952 εἰσ-ἦλθε
1682 2854 1827 2960 γὰρ
1874 2863 1967 2944 εἰς
2018 2854 2258 2955 αὐτὸν,
2294 2852 2480 2935 κατὰ
2515 2851 2647 2953 τὴν

243 2986 373 3060 τοῦ
407 2979 834 3082 εὐαγγελίου
869 2979 1143 3089 φωνήν.

357 3102 774 3184 Φυλακτέον
809 3105 936 3184 οὖν
972 3104 1136 3207 ἄρα,
1169 3106 1288 3185 καὶ
1335 3107 1552 3186 παντὶ
1604 3103 1843 3185 σθένει
1896 3102 2371 3207 παραιτητέον
2406 3100 2535 3186 τάς
2568 3102 2648 3181 ἐκ

240 3230 389 3307 τῶν
435 3233 894 3330 προπαθειῶν
943 3227 1217 3332 ζημίας·
1287 3232 1546 3334 χρῆναι
1602 3226 1681 3309 δὲ
1734 3233 1882 3308 δεῖν
1936 3231 2465 3327 διαμεμνῆσθαι
2519 3233 2647 3307 τοῦ
2671 3264 2707 3305 ι
2754 3249 2885 3308 ’139
2906 3246 2988 3305 Δ..

245 3348 583 3452 λέγοντος
628 3360 673 3399 “
698 3349 881 3432 Ἐὰν
932 3359 1217 3452 πνεῦμα
1272 3359 1403 3432 τοῦ
1460 3350 2001 3460 ἐξουσιάζοντος
2058 3353 2298 3457 ἀναβῇ
2352 3353 2468 3431 ἐπὶ
2521 3347 2643 3448 σὲ,
2738 3355 2932 3484 {02¹³-

130 3499 221 3560 ²5
244 3483 291 3521 “
326 3469 554 3555 τόπον
624 3508 771 3555 σου
847 3473 949 3575 μὴ
1032 3477 1250 3581 ἀφῇς,
1320 3474 1430 3555 ὅτι
1510 3476 1687 3577 ἴαμα
1773 3474 2222 3557 καταπαύσει
2304 3474 2654 3578 ἁμαρτίας

245 3607 291 3645 “
327 3594 727 3700 μεγάλας.”
787 3595 1068 3701 ἀνάγκη
1116 3597 1250 3699 μὲν
1300 3597 1444 3703 γὰρ
1495 3596 2007 3702 ἀνακτίζεσθαί
2049 3633 2205 3683 πως
2255 3602 2332 3679 ἐν
2364 3596 2655 3695 δυνάμει

249 3726 635 3824 λογισμῶν
697 3729 850 3807 ταῖς
923 3722 1292 3825 ἡμετέραις
1365 3723 1686 3827 καρδίαις
1759 3720 1843 3804 τὸ
1916 3731 2046 3803 τοῦ
2118 3720 2657 3830 ἐξουσιάζοντος

246 3852 551 3942 πνεῦμα.
631 3849 693 3926 εὶ
751 3843 894 3948 γὰρ
948 3848 1025 3925 ἐν
1075 3847 1244 3946 ἡμῖν
1293 3845 1378 3927 τὸ
1427 3845 1784 3927 δύνασθαι
1836 3846 2275 3943 διακωλύειν,
2312 3844 2524 3926 τοῦτό
2573 3878 2658 3946 γε

246 3965 447 4066 πλὴν
491 3970 567 4048 ἐν
617 3968 806 4069 ἡμῖν,
851 3965 935 4049 τὸ
991 3966 1320 4072 κολάζειν
1362 3972 1809 4074 παραχρῆμα
1862 3966 1948 4049 τὸ
2003 3966 2342 4066 ἀνελθὸν,
2387 3970 2504 4049 καὶ
2557 3965 2659 4069 μὴ

135 4125 223 4184 30
249 4090 648 4194 ἐπιτρέπειν
721 4092 1095 4196 ῥιζοῦσθαι
1167 4099 1324 4176 ταῖς
1404 4094 1484 4172 ἐκ
1562 4092 1917 4201 ῥᾳθυμίας
1992 4089 2403 4190 ε’νδόσεσιν,
2485 4094 2657 4174 ἀλλ’

248 4211 500 4320 ὥσπερ
589 4213 754 4296 τινά
843 4216 1128 4320 πικρίας
1218 4210 1453 4320 ἀρχὴν
1535 4215 1958 4315 ἀποτέμνειν
2035 4217 2470 4319 ἐπείγεσθαι,
2544 4217 2662 4295 καὶ

325 4448 381 4504 3.
416 4432 728 4505 ἑκπολιορκῆ
756 4432 883 4504 (εἰσ)
910 4430 975 4488 Ε.
1324 4449 1408 4490 10.
1445 4434 1525 4490 ἷόν
1549 4431 1615 4489 Ε.
1643 4443 1695 4488 et
1720 4432 1795 4488 ita
1818 4431 2121 4488 emendavit
2147 4432 2357 4504 Migne.
2380 4433 2495 4520 υἱόν
2512 4431 2662 4487 Aub.

257 4519 347 4559 υ.
385 4502 772 4574 Legeudumne
795 4505 1210 4575 εὐαγγελιστοΰῖ
1595 4519 1684 4576 23.
1721 4504 2052 4575 προπαθειόν
2075 4504 2143 4561 Ε.
2163 4502 2533 4575 προσ-ποθειων
2559 4501 2663 4559 Ed.

259 4575 348 4630 28.
386 4571 773 4643 Legendumne
797 4573 844 4629 εἰ
864 4575 968 4647 γὰρ
989 4573 1098 4644 μὴὶ

344 4672 491 4719 von.
522 4673 602 4720 11.
1404 4676 1443 4742 3
1474 4675 1515 4720 B
