3238 5158
170 323 383 391 :tv-7.
551 315 668 381 IN
726 318 794 386 S.
842 319 1356 387 JOANNEM.
1448 323 1641 388 LIB.
1689 322 1773 388 X.
1864 323 2067 392 CAP.
2116 323 2212 389 11.
2457 316 2587 383 563

164 482 768 580 πεπιστευμένων
827 493 975 568 τῶν
1039 486 1303 592 λόγων,
1371 494 1438 570 οἱ
1511 487 1641 587 μὲν
1704 491 1789 570 οὐ
1851 490 2021 570 λιάν
2085 492 2395 596 ἀσφαλῆ
2468 489 2587 567 καὶ

174 600 607 683 εὐκάθεκτον
655 606 782 688 τὸν
829 614 957 709 τῆς
1012 614 1409 718 συναφείας
1465 615 1625 715 ἤτοι
1674 618 1802 713 τῆς
1857 611 2278 714 οἰκειότητος
2332 615 2576 710 ἐπιτη-

173 722 505 811 δεύοντες·
540 729 830 831 τρόπον,
855 733 1093 839 ψιλὴν
1128 736 1259 836 τὴν
1297 740 1372 817 ἐν
1406 737 1655 840 λόγοις
1692 735 2278 841 ὁμολογήσαντες
2312 737 2585 838 πίστιν,

172 842 320 945 τὴν
366 850 594 951 γεμὴν
646 854 762 933 διὰ
816 865 965 937 τῶν
1014 859 1587 962 κατορθωμάτων
1638 869 1735 947 εἷς
1788 861 2199 962 τελειότητα
2251 867 2579 964 μορφου-

100 987 149 1048 5
178 969 410 1072 μένην
470 976 763 1079 ἀγάπην
825 983 953 1062 οὐκ
1012 984 1522 1092 ἐπιδεξάμενοι,
1577 987 1875 1086 μένουσι
1938 985 2070 1085 μὲν
2128 987 2204 1064 ἐν
2258 988 2586 1090 Χριστῷ,

180 1096 376 1176 κατά
410 1131 496 1200 γε
538 1100 673 1201 τὴν
707 1107 784 1184 ἐκ
831 1115 960 1186 τοῦ
1007 1118 1399 1190 πιστεῦσαι
1445 1112 1670 1216 τυχὸν
1705 1106 2113 1210 οἰκειότητα,
2151 1111 2266 1188 καὶ
2306 1106 2423 1187 διὰ
2456 1114 2586 1187 τοῦ

180 1217 292 1319 μὴ
348 1222 531 1327 πρὸς
585 1227 830 1330 ἑτέραν
883 1231 1297 1339 ε’ξοῖχεσθαι
1353 1235 1712 1337 λατρείαν·
1816 1232 2045 1313 οὐκέτι
2107 1229 2186 1311 δὲ
2250 1233 2367 1311 καὶ
2420 1227 2588 1316 τοὺς·

182 1342 456 1446 λόγους
509 1349 791 1454 ἔχοντες
845 1357 921 1435 ἐν
975 1359 1261 1441 ἑαυτοῖς
1301 1355 1999 1465 καταληφθήσονται
2055 1364 2182 1437 τοῦ
2224 1361 2578 1459 Χριστοῦ.

185 1472 310 1548 καὶ
364 1474 522 1578 οὐχὶ
577 1476 666 1575 δὴ
713 1487 926 1559 τοῦτο
974 1480 1260 1567 πάντως
1318 1481 1576 1587 φαμὲν,
1628 1481 1737 1562 ὅτι
1793 1478 1983 1587 λήθῃ
2037 1479 2587 1584 καταχώσαντες
2611 1514 2648 1554 a
2686 1500 2817 1557 878
2837 1496 2923 1558 Δ·

72 1618 161 1661 10
188 1597 339 1671 τῶν
392 1597 830 1699 εὐαγγελίων
877 1601 962 1684 τὸ
1018 1603 1374 1709 κήρυγμα,
1416 1612 1793 1690 παντελῶς
1848 1611 1988 1685 εἶσι
2042 1611 2189 1683 τῶν
2243 1610 2372 1684 τοῦ
2430 1607 2589 1682 Σω-

188 1720 406 1819 τῆρος
443 1721 687 1823 λόγων
723 1727 1143 1828 ἀμνήμονες,
1182 1734 1350 1810 ἀλλ’
1385 1730 1495 1811 ὅτι
1530 1729 1829 1831 μηδενὸς
1869 1729 2159 1836 ἀξιοῦσι
2195 1725 2424 1829 λόγου
2454 1725 2589 1827 τὴν

190 1843 272 1920 ἐν
318 1847 618 1954 Χριστῷ
668 1854 1058 1951 πολιτειαν,
1100 1861 1261 1945 ταῖς
1313 1856 1520 1939 ιδιάις
1567 1852 1653 1935 τὸ
1701 1860 1850 1934 πᾶν
1886 1851 2375 1955 ἐπιτρέποντες
2422 1851 2587 1948 ἠδο-

187 1973 363 2063 ναῖς,
417 1973 533 2050 καὶ
587 1972 768 2077 πρὸς
823 1974 907 2056 τὸ
962 1976 1149 2076 μόνα
1205 1985 1498 2086 φρονεῖν
1553 1978 1644 2058 τὰ
1699 1980 1816 2058 ε’πὶ
1868 1981 1995 2090 τῆς
2050 1980 2184 2079 γῆς
2238 1971 2589 2080 ἀχάλινον

50 2152 57 2195 f
186 2089 472 2194 ἔχοντες
536 2095 668 2195 τὴν
727 2098 978 2202 ῥοπὴν,
1045 2101 1164 2181 διά
1235 2136 1311 2182 τε
1384 2111 1597 2183 τοῦτο
1670 2107 1798 2202 τῆς
1865 2104 2121 2200 νΟΊΤΓῆὒἱ
2186 2101 2302 2179 Καὶ
2375 2099 2589 2200 ἁγίας

50 2284 51 2299 ,
84 2225 157 2285 ¹5
184 2211 518 2313 ἀμπέλου
573 2224 1145 2325 κατασπώμενοι,
1192 2233 1309 2307 καὶ
1363 2228 1561 2307 αὐτοι
1617 2233 1772 2310 ταῖς
1828 2230 2049 2331 σφῶν
2093 2224 2327 2303 αὐτῶν
2372 2231 2587 2329 φιλο-

183 2341 511 2428 παθεῖαις
556 2343 688 2442 τὴν
724 2351 852 2447 τῆς
899 2349 1320 2450 οἰκειότητος
1358 2349 1954 2453 ἀπολακτίζοντες
2000 2345 2235 2451 χάριν.
2316 2343 2584 2430 παντὸς

184 2459 259 2541 δὲ
294 2466 637 2549 τοιούτου·
657 2470 820 2575 πέρι
857 2477 972 2553 καὶ
1023 2472 1235 2561 αὐτὸς
1279 2475 1421 2583 ἔφη
1457 2472 1784 2578 Χριστός
1823 2484 1866 2521 “
1895 2474 2028 2552 Οὐ
2060 2478 2204 2555 πᾶς
2255 2472 2295 2550 5
2347 2469 2585 2572 λέγων
2672 2469 2926 2588 {il-²¹22*

185 2597 243 2634 ‘⁶
262 2624 388 2687 μοι
468 2594 686 2696 Κύριε
760 2597 953 2700 κύριε
1040 2599 1530 2679 εἶσελεύσεται
1607 2605 1705 2682 εἷς
1778 2594 1910 2696 τὴν
1983 2595 2368 2692 βασιλείαν
2440 2600 2586 2674 τῶν
2610 2616 2654 2682 b

185 2721 229 2758 “
266 2716 606 2819 οὐρανῶν,
645 2723 815 2801 ἀλλ’
857 2724 897 2802 5
933 2730 1159 2804 ποιῶν
1195 2721 1278 2805 τὸ
1316 2713 1600 2824 θέλημα
1636 2730 1766 2803 τοῦ
1805 2718 2097 2823 Πατρός
2147 2753 2288 2817 μου
2332 2726 2460 2798 τοῦ
2509 2721 2584 2799 ἐν

54 2831 162 2897 ’20
187 2845 229 2884 “
262 2849 416 2925 τοῖς
453 2843 836 2945 οὐρανοῖς·”
895 2846 1004 2927 ὅτι
1057 2848 1134 2928 δὲ
1182 2847 1368 2947 μόνη
1420 2850 1537 2928 καὶ
1585 2848 1750 2927 καθ’
1788 2842 2045 2944 ἑαυτὴν
2081 2845 2126 2944 ἡ
2173 2845 2419 2926 πίστις
2455 2847 2584 2943 τῆς

52 3039 63 3076 ⁵
183 2963 262 3041 ἐκ
294 2972 445 3045 τῶν
479 2967 711 3072 ἔργων
746 2968 1220 3077 φαιδρότητος
1258 2972 1341 3051 οὐ
1379 2979 1717 3077 λαχοῦσα
1758 2969 1890 3068 τὴν
1925 2963 2364 3070 συνδρομὴν,
2404 2968 2583 3046 ἀπο-

52 3161 67 3199 3
183 3088 520 3240 χρῶντως
578 3095 714 3199 οὐχ
768 3094 910 3201 ’ἕξει
964 3101 1062 3180 εἲς
1116 3094 1200 3176 τὸ
1259 3096 1616 3176 δύνασθαι
1670 3094 2041 3201 προξενεῖν
2077 3091 2211 3192 τὴν
2250 3095 2348 3176 εἷς
2392 3086 2585 3172 Θεὸν

183 3213 597 3314 οἰκειότητα,
653 3220 987 3319 σημαίνει
1042 3221 1280 3322 λε’γων
1335 3255 1453 3299 και
1517 3221 1569 3299 5
1624 3224 1957 3321 Χριστοῦ
2019 3215 2343 3317 μαθητής
2396 3226 2442 3263 “
2477 3215 2584 3296 Σύ
2674 3227 2856 3360 ἰδίῑζέῗ·

52 3425 67 3450 >
182 3344 227 3381 “
259 3339 624 3426 πιστεύεις.
660 3341 768 3422 ὅτι
807 3342 904 3427 εἷς
943 3345 983 3424 5
1024 3344 1245 3429 Θεός*
1295 3348 1411 3424 καὶ
1453 3342 1544 3424 τὰ
1593 3342 1925 3440 δαιμόνια
1971 3342 2426 3438 πιστεύουσι,
2466 3344 2583 3421 καὶ

61 3473 163 3571 2²⁵
187 3466 229 3506 “
264 3465 755 3567 φρίτηὊυσιν.”
814 3465 964 3548 εἶτα
1018 3474 1366 3570 προσερεῖ
1412 3502 1520 3550 τις
1574 3467 1712 3569 ἤδη
1767 3473 1912 3550 τοῖς
1968 3463 2293 3569 ἀρκέσειν
2347 3466 2583 3550 αὐτοῖς

185 3588 464 3690 γυμνήν
508 3624 587 3670 τε
638 3626 754 3671 και
801 3590 1031 3693 μόνην
1077 3594 1422 3692 οἰομένοις
1474 3589 1606 3690 τὴν
1647 3625 1899 3672 πιστιν
1934 3625 2032 3675 εις
2085 3587 2171 3671 τὸ
2228 3586 2580 3670 δύνασθαι

1462 3723 1494 3739 fl

184 3706 316 3808 τὴν
370 3713 642 3795 ἀνωθεν
695 3715 1087 3817 οἰκειότητα
1140 3750 1529 3820 περιποιειν
1558 3712 1760 3819 'Apa
1813 3718 1932 3797 καὶ
1986 3713 2161 3795 αὐτὸ
2216 3749 2361 3794 των
2416 3720 2641 3796 &ac-c

54 3929 73 3952 r
184 3832 421 3923 μόνων
456 3836 541 3919 τὸ
575 3845 842 3944 στῖφος
891 3843 1395 3944 ἀναδραμεῖται
1440 3875 1623 3944 προς
1671 3840 2065 3941 οικειότητα
2099 3838 2232 3939 τὴν
2268 3843 2364 3923 ὡς
2398 3838 2583 3941 πρὸς

54 4015 81 4044 ,1
188 3957 470 4058 Θεὸν,’
431 3962 720 4065 επειῆτερ
756 3961 1022 4045 οἷδεν’
977 4000 1101 4045 ενα
1134 4000 1211 4046 τε
1249 4000 1365 4046 και
1402 3964 1577 4046 ὄντα
1611 3965 2038 4046 πεπίστευκε
2066 3996 2098 4059 3·
2146 3997 2259 4043 και
2296 3970 2453 4047 πῶς
2490 3961 2581 4043 ἂν

54 4095 165 4152 30
187 4077 289 4178 εἴη
337 4085 550 4166 τοῦτό
602 4119 731 4191 γε·
710 4149 734 4187 ,
798 4086 883 4168 τὸ
932 4087 1076 4192 γὰρ
1125 4089 1377 4170 εἰδέναι
1409 4087 1631 4188 μόνον
1666 4090 1971 4193 ἀχρεῖον,
2008 4086 2118 4168 ὅτι
2159 4086 2416 4171 Θεός’
2378 4121 2584 4168 εστιν

187 4199 345 4286 εἷς’
314 4240 354 4285 ο
395 4207 689 4292 πάντων
722 4212 1020 4314 ποιητής
1069 4248 1145 4293 τε
1196 4216 1320 4295 καὶ
1364 4210 1890 4315 γενεσιουργός·
1950 4214 2096 4292 δεῖν
2130 4210 2209 4291 δὲ
2251 4208 2447 4311 οἶμαι
2487 4215 2580 4317 τῇ

189 4325 425 4412 πίστει
497 4344 1132 4443 συμπαρομαρτεῖν
1197 4340 1313 4418 καὶ
1386 4341 1514 4438 τῆς
1587 4343 1685 4422 εἰς
1757 4334 1974 4416 αὐτὸν
2046 4337 2423 4432 εὐλαβείας
2495 4337 2580 4415 τὸ

402 4567 489 4624 25.
524 4557 777 4627 προσερεῖ
800 4553 866 4610 Ε.
891 4559 1001 4613 πῶς
1024 4555 1130 4628 ἐρεῖ
1156 4554 1260 4611 Ed.
1709 4567 1797 4626 27.
1832 4555 1958 4610 αὐτὸ
1984 4553 2048 4609 Ε.
2072 4553 2240 4609 αὐτ-ὂν
2264 4551 2366 4608 Ed.

1288 4658 1333 4722 4
1361 4657 1397 4702 c
1430 4655 1467 4704 2
