3238 5158
262 1556 292 1607 5

587 309 716 374 166
1194 308 1273 376 Β.
1321 306 1744 375 CYRILLI
1803 306 2382 375 ALEXANDR.
2487 328 2496 335 ·
2771 307 2857 374 ix.
2891 307 2995 372 16.

527 484 571 550 b
594 471 822 577 ἔγνων
855 471 989 575 τὴν
1022 472 1526 580 Ἰερουσαλὴμ,
1569 482 1689 555 καὶ
1728 472 1987 569 βλέπω
2020 472 2383 573 ’μὲν-θεῖον
2417 474 2494 554 ἐν
2529 473 2711 579 αὐτῇ
2742 506 2998 577 περια-

592 596 1061 699 στράπτοντα
1097 596 1291 698 ναὸν,
1328 600 1473 702 ὁρῶ
1524 597 1600 678 δὲ
1651 600 1728 677 ἐν
1761 596 1968 706 μέσῳ
2014 597 2100 678 τὸ
2153 595 2428 679 σεπτὸν
2464 594 2688 682 ὅντως
2725 602 2988 678 θυσια-

590 719 921 824 στήριον·
991 719 1126 803 κᾶν
1168 721 1484 803 ἐπέκεινα
1532 722 1773 822 πύλης
1807 722 2089 825 εὑρεθῶ,
2129 720 2313 822 ὅλην
2345 724 2423 802 ἐν
2457 721 2700 829 κύκλῳ
2732 755 2989 824 περια-

593 843 849 948 θρήσω
903 844 1038 946 τὴν
1091 844 1463 944 Ἰουδαίαν,
1518 849 1637 926 καὶ
1699 846 1778 926 τί
1833 842 1964 946 μὲν
2018 844 2185 949 ὅρος
2248 848 2429 944 ἐστὶ,
2484 845 2563 926 τί
2620 843 2698 926 δὲ
2761 842 2997 952 φυτὸν

592 968 1108 1070 ἐπιγνώσομαι.
1182 968 1793 1069 μεταμειβομένου
1841 965 1921 1049 δὲ
1966 978 2096 1050 τοῦ
2140 978 2388 1072 καιροῦ
2421 967 2607 1073 πρὸς
2640 969 2988 1070 ἑσπέραν,
3022 988 3061 1050 5

592 1092 723 1172 οὐκ
760 1092 863 1172 ἔτι
898 1090 1028 1173 τὸν
1055 1091 1228 1193 ἐμὸν
1254 1091 1647 1199 ὀφθαλμὸν
1676 1090 1762 1173 τὸ
1798 1098 1945 1172 τῶν
1972 1092 2120 1173 ἅνω
2157 1090 2544 1193 θαυμάτων
2570 1090 2995 1193 διαλήσεται

592 1214 893 1316 κάλλος,
930 1216 1069 1323 οὐχ
1118 1219 1159 1297 ὃ
1208 1211 1563 1325 διαφανὴς
1611 1222 1759 1296 τῶν
1796 1218 2123 1319 ἀστέρων
2169 1214 2407 1322 χορὸς,
2443 1217 2615 1296 ἀλλ’
2657 1214 2816 1305 οὐδὲ
2863 1219 2996 1314 τῆς

592 1338 912 1442 σελήνης
947 1339 1032 1421 τὸ
1068 1337 1505 1446 πάγχρυσον
1542 1337 1798 1424 σέλας.
1881 1339 2549 1443 καταπλαγήσομαι
2584 1337 2703 1420 διὰ
2738 1339 2996 1419 τούτου

259 1476 378 1544 ⁸⁸1>-
396 1477 501 1529 nii.
534 1493 570 1540 c
591 1473 720 1547 τοῦ
754 1464 1274 1567 τεκτηναμένου
1309 1462 1442 1565 τὴν
1477 1461 1759 1568 τέχνην,
1795 1461 1942 1544 ἀπὸ
1978 1470 2343 1565 καλλονῆς
2380 1463 2797 1564 κτισμάτων
2831 1465 2982 1544 ἐπι-

591 1589 971 1693 γνώσομαι
1044 1585 1246 1690 κάγέο
1319 1586 1447 1668 τὸν
1501 1584 1988 1691 Δημιουργόν.
2102 1590 2359 1669 οὐκοῦν
2420 1587 2600 1670 ὅσον
2665 1588 2835 1690 ἧκεν
2896 1592 2992 1672 εἰς
3027 1614 3112 1656 10

592 1710 873 1797 πλάτος
922 1711 1404 1815 θεωρημάτων
1453 1715 1573 1792 καὶ
1624 1708 1756 1811 τὴν
1805 1714 1880 1793 ἐν
1925 1708 2174 1815 λόγοις
2225 1716 2604 1819 κομψείαν,
2658 1712 2998 1812 τοιαύτην

593 1834 756 1916 τινὰ
805 1837 1035 1916 ὠδίνει
1088 1835 1389 1932 δύναμιν
1433 1832 1520 1916 τὸ
1569 1833 1955 1938 εἰρημένον,
1999 1835 2175 1917 αὑτό
2223 1871 2303 1916 τε
2356 1835 2442 1917 τό
2501 1836 2752 1918 Βλέπω
2805 1837 2998 1940 φημὶ

595 1962 715 2040 καὶ
769 1959 854 2041 τό
908 1959 1129 2054 nam
1183 1958 1479 2060 ἐποίησε
1535 1961 1654 2039 καὶ
1710 1959 1966 2065 ε”χρισέ
2009 1997 2141 2067 μου
2196 1958 2344 2049 τοὶς
2400 1960 2821 2069 ὀφθαλμούς.
2911 1960 2999 2038 οὐ

574 2083 741 2188 ,γὰρ
795 2083 1161 2191 ἐξωθεῖται
1213 2080 1299 2163 τὸ
1357 2083 1601 2189 χαρίεν
1647 2084 1723 2163 ἐν
1770 2081 2252 2187 θεωρήμασιν,
2289 2083 2449 2165 οὐδὲ
2498 2086 2596 2170 ὡς
2643 2086 2998 2183 κίβδηλον

594 2214 1038 2312 παραιτεῖται
1075 2205 1297 2313 λόγος
1334 2208 1373 2287 ὃ
1410 2207 1580 2311 παρ’
1622 2207 1811 2306 ἡμῖν,
1848 2207 2241 2307 τουτέστιν,
2279 2208 2319 2287 ὃ
2365 2205 2990 2309 ἐκκλησιαστικός.
3027 2234 3107 2295 15

595 2331 851 2412 οὐκοῦν
894 2329 1496 2439 ἀσυκοφάντητον
1536 2331 1828 2430 ἀληθῶς
1876 2330 2010 2430 τὴν
2052 2340 2182 2412 τοῦ
2234 2329 2808 2436 θεραπεύσαντος
2864 2332 2993 2412 δύ-

598 2488 834 2554 ναμιν,
893 2453 1076 2535 ὅσον
1134 2451 1226 2554 ἦν
1291 2456 1368 2535 ἐν
1426 2454 1640 2561 αὐτῷ,
1696 2457 2052 2565 διατηρῶν
2112 2453 2214 2535 τὰ
2267 2454 2560 2536 τοιαῦτά
2622 2463 2874 2562 φησιν,
2931 2456 2995 2554 ὃ,

528 2595 574 2662 d
597 2579 882 2683 ἐπείπερ
944 2577 1214 2682 ἠλεήθη
1276 2575 1477 2686 παρὰ
1540 2583 1895 2683 Χριστοῦ,
1953 2578 2154 2685 παρὰ
2217 2588 2367 2665 τοῖς
2426 2584 2691 2685 ἱερεῦσι
2749 2578 2988 2684 κρινό-

597 2737 830 2802 μενος.

501 2908 575 2968 16
636 2893 911 2972 Ἐλει-ον
965 2890 1079 2961 οὖν
1131 2894 1207 2964 ὲκ
1257 2893 1392 2963 τῶν
1446 2894 1829 2987 Φαρισαίων
1881 2897 2055 2963 τινές
2109 2895 2243 2962 Οὐκ
2296 2897 2471 2964 ἔστιν
2525 2891 2718 2964 οὗτος
2771 2895 2953 2988 παρὰ
3027 2913 3113 2955 20

936 3020 1105 3088 Θεοῦ
1153 3021 1192 3089 ὁ
1244 3022 1617 3113 ἅνθρωπος,
1670 3024 1771 3091 ὅτι
1822 3021 1899 3090 τὸ
1952 3025 2273 3103 σάββατον
2326 3023 2403 3089 οὐ
2455 3019 2662 3114 τηρεῖ.

711 3197 869 3274 Οὐκ
922 3187 1102 3272 εἶναι’
1151 3197 1341 3298 φασι
1396 3200 1782 3296 ληροῦντες
1837 3190 2038 3299 παρῖι
2081 3197 2255 3275 Θεοῦ
2307 3194 2434 3274 τὸν
2481 3191 2540 3302 ᾧ
2593 3192 2997 3297 πρόσεστιν

596 3316 903 3417 ἐνεργεῖν
938 3314 1294 3395 δύνασθαι
1336 3315 1431 3396 τὰ
1468 3322 1679 3415 Θεοῦ,
1718 3323 1836 3395 καὶ
1871 3314 2014 3425 ἴσῳ
2051 3317 2271 3424 δόξης
2307 3317 2542 3427 μέτρῳ
2577 3316 2992 3423 στεφανού-

592 3471 816 3538 μενον
869 3438 1267 3534 βλέποντες
1317 3445 1422 3546 τῷ
1478 3438 1719 3520 πάντα
1772 3439 2102 3546 ἰσχύοντι
2161 3445 2398 3543 Πατρὶ
2451 3441 2580 3522 τὸν
2620 3441 2821 3540 Υἰόν,
2868 3440 3000 3522 τὸν

542 3599 579 3644 e
601 3562 708 3643 ἐπ’
748 3560 1049 3667 ἀσεβείᾳ
1095 3567 1347 3659 μῶμον
1388 3564 1822 3667 ἐπιῤῥιπτεῖν
1866 3564 1994 3644 οὐκ
2043 3565 2508 3671 αἰσχύνονται
2556 3564 2999 3669 παραλόγως
3031 3592 3117 3653 25

600 3686 813 3792 αὐτῷ,
877 3682 1391 3788 παρωσάμενοι
1455 3685 1531 3766 δὲ
1598 3684 1732 3788 τὴν
1789 3689 1868 3768 ἐκ
1930 3696 2059 3769 τοῦ
2121 3686 2541 3797 παραδόξου
2600 3689 2804 3792 βοὴν,
2870 3691 3001 3773 τὸν

600 3814 853 3890 οἰκεῖον
897 3805 1378 3917 ἀντεξάγουσι
1434 3808 1709 3919 φθόνον
1757 3816 1862 3919 τῷ
1918 3816 2464 3920 θαυματουργῷ,
2507 3817 2624 3894 καὶ
2677 3849 2996 3919 κατηγο-

597 3944 854 4042 ροῦσιν
925 3934 1365 4042 ἀφυλάκτως
1438 3939 1535 4022 ῶς
1610 3915 2283 4040 πλημμελῆσαντος
2352 3947 2483 4020 τοῦ
2553 3938 2654 4041 μὴ
2736 3938 3001 4025 εἰδότος

566 4115 571 4119 ’
678 4137 726 4176 1.
760 4121 901 4176 θεῖον
923 4121 980 4175 ἐν
1001 4122 1128 4191 αὐτῇ
1152 4121 1257 4177 hoc
1282 4121 1471 4180 ordine
1497 4122 1565 4178 Β.
1710 4140 1762 4179 2.
1797 4123 1958 4182 ὄντος
1979 4135 2322 4198 assumptum
2348 4144 2414 4181 ex
2441 4126 2507 4182 Β.
2672 4146 2725 4195 4.
2760 4127 2815 4182 τί
2833 4126 3004 4197 μὲν·-

599 4191 655 4247 τί
675 4191 732 4246 δὲ
757 4192 1006 4246 emendat
1034 4192 1230 4264 Heyee.
1255 4197 1318 4264 τῇ
1342 4194 1560 4264 μὲν-τί
1582 4194 1640 4249 δὲ
1669 4194 1733 4251 Β.
1759 4199 1822 4265 τῇ
1846 4197 2074 4267 μὲν-τῇ
2102 4198 2158 4251 δὲ
2188 4197 2370 4254 Holst.
2401 4197 2503 4253 Ed.
2753 4213 2838 4253 12.
2874 4198 3004 4254 αὑτό

599 4262 898 4318 emendavi.
922 4263 1060 4335 αὐτῷ
1088 4263 1153 4318 Β.
1181 4263 1284 4318 Ed.
1403 4267 1597 4321 τό-τό
1625 4265 1690 4321 Β.
1714 4269 1933 4341 usn—ms»
1961 4267 2062 4324 Ed.
2375 4269 2460 4324 18.
2495 4269 2598 4325 ὑπὸ
2621 4274 2726 4324 τῶν
2749 4270 2794 4324 le
2828 4268 2928 4324 ἔον
2950 4287 3002 4324 a.

600 4348 690 4403 23.
729 4332 987 4405 ἶσομέτρῳ
1010 4333 1139 4404 δόξῃ
1164 4352 1261 4389 me.
1289 4334 1407 4390 Cat.
1436 4335 1591 4391 Harl.
1614 4335 1719 4409 ἶσφ
1741 4336 1914 4412 μέτρῳ
1938 4339 2092 4409 δόξης
2118 4336 2283 4393 Cord.
2499 4356 2586 4407 24.
2621 4341 2788 4394 πάντα
2840 4343 3005 4395 ταῦτα

598 4420 649 4458 a.
673 4404 842 4459 πάντα
864 4403 1064 4459 habent
1088 4421 1135 4459 c.
1161 4403 1326 4460 cord.
1612 4407 1700 4463 26.
1848 4412 1870 4425 ⁶
1897 4426 1945 4464 ο.
1971 4408 2137 4464 Cord.
2161 4410 2313 4465 etita
2336 4409 2586 4465 emendat
2611 4411 2810 4482 Heyse.
2834 4410 3008 4466 αὐτ-ὂν

602 4472 669 4528 Β.
704 4474 863 4530 αὐτὸν
894 4474 991 4531 Ht.
1030 4473 1133 4531 Ed.
1232 4474 1569 4534 Abbreviant
1602 4486 1784 4534 tamen
1898 4485 1983 4547 tt„
2019 4481 2160 4554 αὐτῷ
2195 4484 2600 4553 κατηγοροῦντες
2634 4492 2918 4553 pergent&
2954 4498 3006 4537 ο.

601 4541 785 4612 Οοτᾶ.,
809 4545 969 4602 αὑτοῦ
993 4549 1395 4617 κατηγοροῦν-κς
1416 4564 1467 4603 a.
