3238 5158
169 357 281 401 xv.
312 356 371 401 1.
550 336 665 400 IN
729 338 796 402 S.
844 337 1358 405 JOANNEM.
1448 338 1644 404 LIB.
1691 340 1774 405 X.
1864 338 2071 404 cAP.
2118 337 2214 403 ΙΙ.
2459 333 2588 400 543

173 502 568 609 καταπείθῃ
623 500 894 607 λόγοις,
948 504 1187 589 ἐπίδος
1238 502 1372 607 τὴν
1414 503 1668 586 πίστιν
1714 506 1906 613 αὐτῷ
1958 510 2226 602 βοῶντι
2281 505 2590 608 Χριστῷ

175 634 223 673 “
260 625 500 727 Ἀμὴν
555 623 747 734 ἀμὴν
801 628 998 730 λε’γω
1056 630 1243 729 ὑμῖν,
1295 626 1421 708 ε’ἀν
1474 627 1575 729 μὴ
1633 626 1916 734 φάγητε
1972 627 2106 728 τὴν
2160 624 2402 731 σάρκα
2457 632 2588 705 τοῦ
2674 624 2924 755 232⁶·

176 760 224 799 ‘⁴
261 755 414 831 υἱοῦ
468 759 598 832 τοῦ
652 750 1041 854 ἀνθρώπου
1092 753 1210 831 καὶ
1269 752 1476 851 πίητε
1532 753 1751 832 αὑτοῦ
1808 749 1892 833 τὸ
1953 750 2151 851 αἷμα,
2207 751 2337 830 οὐκ
2395 747 2589 853 ἔχετε
2612 779 2648 821 e

178 884 226 922 ‘⁶
263 872 486 1033 ζωὴνρ
485 877 562 955 ἐν
596 878 892 959 ἑαυτοῖς.
972 876 1014 955 ὃ
1051 874 1352 1029 τρώγων
1385 911 1528 977 μου
1561 875 1696 976 τὴν
1731 875 1976 978 σάρκα
2026 877 2143 956 καὶ
2187 874 2415 954 πίνων
2450 904 2592 970 μου

115 1024 154 1085 5
182 1010 229 1048 “
266 1033 349 1080 το
407 1034 584 1098 αιμα
640 999 784 1105 ἔχει
839 996 1024 1100 ζωὴν
1058 996 1363 1098 αἰώνων,
1400 999 1605 1102 κάγὼ
1661 998 2062 1100 ἀναστήσω
2118 996 2335 1079 αὐτὸν
2379 998 2456 1076 ἐν
2502 1000 2593 1098 τῇ

184 1122 542 1229 “ε’σχάτῃ
596 1122 873 1230 ἡμέρᾳῖ
971 1121 1244 1206 ἀκούεις
1309 1122 1447 1225 ἤδη
1511 1122 1775 1205 λοιπὸν
1830 1126 2144 1227 ἐναργῶς
2204 1118 2596 1205 διειπόντος

182 1248 425 1342 αὐτοῦ,
464 1250 562 1332 ὡς
618 1244 706 1326 ἂν
750 1245 852 1346 μὴ
909 1244 1303 1352 φάγωμεν
1306 1245 1440 1346 τὴν
1481 1245 1725 1351 σάρκα
1775 1247 1993 1327 αὐτοῦ
2042 1281 2158 1327 και
2203 1245 2475 1342 πίωμεν
2510 1242 2596 1324 τὸ
2651 1259 2664 1268 ’

185 1369 383 1469 αἷμα,
441 1371 570 1451 οὐκ
627 1369 884 1476 ἔχομεν
938 1372 1015 1449 ἐν
1071 1372 1367 1468 ἑαυτοῖς,
1418 1370 1811 1468 τουτέστιν,
1871 1373 1946 1451 ἐν
2006 1377 2097 1476 τῇ
2157 1368 2298 1449 ιδία
2354 1370 2597 1471 σαρκὶ,

22 1575 27 1608 4
188 1492 375 1598 ζωὴν
436 1493 768 1592 αἰώνιον;
862 1493 1145 1594 νοηθείη
1222 1495 1290 1574 δ’
1359 1492 1450 1574 ἂν
1511 1494 1557 1595 ἡ
1628 1494 1907 1579 αἰώνιος
1975 1492 2135 1597 ζωὴ,
2201 1496 2320 1572 καὶ
2393 1489 2600 1592 μάλα

22 1693 27 1702 .
86 1650 167 1693 10
193 1617 496 1716 δικαίως,
533 1618 578 1717 ἦ
628 1616 832 1725 σὰρξ
875 1621 1003 1717 τῆς
1054 1616 1257 1720 ζωῆς,
1292 1616 1630 1698 τουτέστι
1678 1627 1806 1699 τοῦ
1858 1623 2341 1720 Μονογενοῦς.
2417 1618 2600 1715 αὕτη

22 1791 27 1864 Ῐ
193 1740 271 1822 δὲ
308 1740 494 1841 ἡμᾶς
528 1741 912 1842 ἀνίστησιν
945 1743 1024 1820 ἐν
1058 1746 1148 1845 τῇ
1187 1740 1465 1848 ἐσχάτῃ
1501 1742 1759 1849 ἡμέρᾳ,
1802 1748 1957 1826 πῶς
2009 1740 2054 1843 ἢ
2098 1742 2259 1821 τίνα
2294 1737 2596 1844 τρόπον,

191 1865 477 1972 ἀκούσῃ
548 1863 679 2017 μὲν
745 1864 980 1966 δήπου
1050 1863 1361 1964 πάντως,
1424 1862 1569 1968 ἐγὼ
1644 1864 1721 1945 δὲ
1792 1871 2011 1947 εἰπεῖν
2075 1865 2202 1945 οὑκ
2279 1862 2595 1963 ὀκνήσω.
2624 1859 2673 1926 d

192 1987 433 2091 ἐπειδὴ
487 1988 634 2093 γὰρ
687 1988 894 2097 σὰρξ
942 1988 1222 2090 ἐγένετο
1274 1993 1403 2090 τῆς
1459 1989 1663 2093 ζωῆς,
1703 1988 2053 2088 τουτέστι,
2095 1997 2226 2070 τοῦ
2280 1991 2357 2068 ἐκ
2410 1993 2605 2067 Θεοῦ

22 2215 25 2222 ¹
194 2116 314 2195 καὶ
354 2113 649 2218 Πατρὸς
701 2113 1276 2219 ἀναλάμψαντος
1315 2112 1583 2214 Λόγου,
1618 2112 1803 2217 πρὸς
1846 2111 1980 2215 τὴν
2015 2117 2143 2213 τῆς
2182 2112 2362 2216 ζωῆς
2392 2125 2598 2211 μετε-

22 2323 29 2336 ‚
93 2274 170 2335 15
197 2273 492 2345 χωρησε
541 2236 862 2335 δύναμιν,
900 2271 1017 2317 και
1073 2270 1234 2316 εστι
1289 2243 1436 2316 τῶν
1485 2235 1896 2343 ἀμηχανων,
1934 2236 2222 2318 θανάτω
2273 2240 2609 2316 νικᾶσθαι

22 2347 23 2364 ¹
198 2362 331 2464 τὴν
354 2360 579 2466 ζωήν.
658 2362 914 2441 οὐκοῦν
961 2359 1246 2464 ἐπείπερ
1299 2362 1378 2450 ἐν
1427 2361 1597 2463 ἡμῖν
1641 2362 1937 2463 γε’γονεν
1983 2362 2030 2462 ἡ
2087 2358 2253 2465 ζωὴ,
2287 2366 2431 2440 τῶν
2479 2366 2610 2439 τοῦ

201 2484 513 2578 θανάτου
564 2489 858 2585 δεσμῶν
893 2485 1022 2564 οὐκ
1070 2485 1415 2593 ἀνέξεται,
1452 2483 1727 2586 νικήσει
1775 2484 1851 2567 δὲ
1905 2483 2191 2569 πάντως
2242 2482 2375 2585 τὴν
2414 2488 2601 2590 φθο-

201 2611 360 2715 ράν,
406 2611 690 2712 ἐπείπερ
746 2611 874 2689 οὐκ
933 2605 1075 2689 οἶδε
1132 2609 1223 2690 τὰ
1277 2609 1367 2717 ἐξ
1416 2611 1635 2710 αὐτῆς
1690 2611 2086 2712 ὑπομένειν.
2166 2610 2252 2690 οὑ
2306 2607 2533 2711 γᾶρ“
2559 2606 2605 2708 ἦ
2696 2598 2887 2730 2⁰⁰2}

206 2747 250 2784 “
290 2734 532 2840 φθορὰ
581 2730 714 2833 τὴν
750 2732 1174 2840 ἀφθαρσίαν
1211 2733 1699 2836 κληρονομεῖ,”
1737 2734 1923 2815 κατὰ
1968 2733 2101 2835 τὴν
2135 2742 2264 2815 τοῦ
2305 2731 2610 2814 Παύλου

100 2902 184 2943 20
211 2855 485 2966 φωνήν.
589 2862 648 2937 εἰ
714 2855 865 2960 γὰρ
926 2861 1043 2937 καὶ
1113 2856 1223 2937 ὅτι
1297 2855 1627 2955 μάλιστα
1688 2857 2011 2962 Χριστός
2073 2854 2293 2961 Ἐγὼ,
2358 2860 2610 2965 φησὶν,
2635 2884 2671 2928 Θ

209 2979 610 3082 ἀναστήσω
671 2978 907 3080 αὑτὸν,
964 2981 1123 3087 οὐχὶ
1179 2978 1367 3087 μόνῃ
1426 2987 1516 3087 τῇ
1577 2984 1721 3090 ἰδίᾳ
1776 2982 2196 3086 περιτέθεικε
2251 2984 2473 3086 σαρκὶ
2528 2977 2614 3060 τὸ

210 3106 567 3188 δύνασθαι
630 3108 1006 3185 διανιστᾶν
1060 3103 1227 3189 τοὺς
1290 3105 1859 3206 κεκοιμημένους,
1913 3108 2085 3187 ἀλλ’
2144 3104 2221 3186 ἓν
2274 3102 2619 3210 ὑπάρχων

207 3229 391 3331 μετὰ
427 3234 556 3330 τῆς
594 3230 772 3314 ἲδίας
808 3225 1083 3332 σαρκὸς
1119 3230 1160 3309 ὁ
1197 3231 1274 3309 ἐν
1310 3229 1491 3335 αὐτῇ
1533 3229 1721 3315 Θεὸς
1749 3229 2014 3332 Λόγος,
2038 3229 2123 3310 τό
2157 3230 2360 3331 Ἐγώ
2397 3234 2614 3335 φησι,

210 3357 331 3436 καὶ
380 3353 548 3434 λίαν
583 3354 841 3456 ὀρθῶς.
923 3353 1009 3432 οὐ
1063 3351 1208 3456 γὰρ
1263 3358 1362 3437 εἶς
1413 3359 1583 3433 υἱῶν
1633 3354 1860 3434 δυάδα
1907 3354 2230 3453 τέμνεται
2265 3349 2620 3457 Χριστὸς,

110 3511 191 3572 25
214 3479 374 3559 ουτε
427 3475 573 3577 μὴν
628 3474 1022 3578 ἀλλότριον
1072 3483 1201 3556 τοῦ
1260 3482 1722 3579 Μονογενοῦς
1779 3475 2181 3578 ὑπονοήσαι
2236 3510 2343 3561 τις
2400 3475 2491 3556 ἂν
2538 3509 2625 3556 το

214 3607 434 3702 σῶμα
469 3602 710 3700 αὑτοῦ,
746 3634 998 3705 ωσπερ
1036 3601 1162 3680 οὖν
1198 3599 1450 3699 ἀμέλει
1487 3635 1603 3681 και
1641 3603 1769 3700 τῆς
1806 3600 2150 3705 ἡμετέρας
2197 3603 2448 3709 ψυχῆς
2495 3600 2628 3680 οὐκ

218 3723 307 3805 ἀν
344 3723 549 3823 οἶμαί
575 3759 684 3809 τις
720 3724 1115 3828 ἀλλότριον
1150 3732 1500 3828 προσερεῖ
1526 3760 1611 3805 το
1650 3731 1871 3824 σῶμα
1908 3726 2152 3827 αυτῆς

317 3848 502 3929 Ὅτε
539 3848 779 3929 τοίνυν
815 3851 931 3929 καὶ
970 3846 1091 3928 δια
1125 3847 1401 3929 τούτων
1435 3849 1605 3950 ἡμῖν
1641 3849 2139 3954 ἀναπέφανται
2173 3856 2320 3931 τῶν
2355 3854 2623 3954 θεωρη-

218 3969 489 4070 μάτων,
522 3970 849 4070 ἄμπελος
884 3970 1016 4069 μέν
1054 3971 1398 4077 ὑπάρχων
1432 3970 1618 4053 κατὰ
1655 3981 1868 4053 τοῦτο
1902 3972 2250 4076 Χριστὸς,
2288 3972 2628 4075 κλήματα
2650 4016 2688 4058 a
2728 4001 2868 4059 864
2883 3997 2967 4056 A.

118 4136 199 4196 30
222 4094 298 4176 δὲ
335 4095 555 4196 ἡμεῖς,
589 4092 716 4174 ἅτε
754 4093 842 4195 δὴ
880 4099 997 4175 καὶ
1034 4100 1163 4195 τῆς
1196 4093 1379 4198 πρὸς
1414 4094 1635 4177 αὑτὸν
1670 4095 1992 4201 ἐχόμενοι
2037 4098 2429 4190 κοινωνίας,
2471 4100 2631 4203 οὐχὶ

219 4217 445 4321 μόνον
497 4223 1006 4318 πνευματικῆς,
1066 4218 1270 4300 ἀλλὰ
1326 4222 1445 4301 καὶ
1501 4224 1945 4320 σωματικῆς·
2012 4221 2091 4301 τί
2137 4219 2375 4323 μάτην
2428 4222 2632 4322 ἡμῶν

301 4455 348 4494 1.
385 4437 682 4494 καταπείθει
708 4438 775 4494 Ε.
1120 4458 1172 4506 4.
1210 4441 1409 4497 ἑαυτοῖς
1434 4440 1499 4495 Ε.
1524 4440 1701 4496 αὐτοῖς
1723 4438 1829 4495 Ed.
2179 4455 2266 4511 13.
2300 4440 2403 4512 γὰρ
2429 4457 2537 4495 om.
2566 4439 2632 4495 Ε.

225 4526 314 4567 21.
349 4508 700 4578 ἀναστήσεται
726 4509 792 4565 Ε.
898 4508 1214 4580 περιτέθεικε
1237 4514 1299 4580 τῇ
1327 4510 1431 4580 Ιδίᾳ
1455 4510 1669 4566 inverso
1694 4509 1883 4565 ordine
1911 4509 1977 4565 Ε.
2251 4527 2339 4581 23.
2377 4513 2539 4565 6.οω
2566 4510 2631 4565 Ε.

228 4581 313 4636 28.
349 4580 676 4651 ἀναπεφᾶται
702 4579 767 4634 Ε.
