3238 5158
292 1104 443 1157 Prov.

293 1171 473 1233 xix..3

622 314 753 378 ¹704,
1230 313 1310 378 B.
1360 312 1786 379 CYRILLI
1845 310 2431 378 ALEXANDR.
2744 327 2905 370 xvn
2933 323 3028 390 13.

622 477 807 583 πρὸς
878 478 1156 580 ἡδονὰς,
1223 478 1449 582 ἤγουν
1512 485 1610 564 εἰς
1677 480 1917 584 ἕτερον
1978 480 2331 584 ἁμαρτίας
2394 475 2690 581 τρόπον·
2779 479 2840 554 εἰ
2900 472 3034 572 τὴν

625 604 886 684 οἰκείαν
921 603 1118 703 ἡμεῖς
1155 605 1347 709 αὐτῷ
1395 604 1881 708 χαρισαίμεθα
1918 604 2305 704 βούλησιν,
2341 606 2459 684 καὶ
2503 608 2659 685 ταῖς
2683 604 2796 684 ,εἰς
2834 605 3027 704 φαυ-

626 724 903 829 λότητα
949 730 1207 832 ῥοπαῖς
1256 727 1545 812 ἑαυτοὺς
1595 728 1924 813 καθέντες
1960 734 2061 814 εἰς
2097 726 2226 810 τὸν
2263 726 2528 809 ἐκείνου
2571 721 2854 829 βρόχον
2891 727 3030 803 διε-

628 852 1087 956 λεγχοίμεθα,
1128 858 1285 936 πῶς
1334 849 1426 930 ἂν
1461 851 1701 954 ἕτερον
1754 852 1857 934 ἔτι
1910 849 2332 957 πρεπόντως
2370 851 2878 947 αἰτιασαίμεθα
2913 850 3030 928 καὶ

626 980 785 1084 οὐχὶ
821 987 1113 1077 μᾶλλον
1148 988 1304 1065 ταῖς
1340 980 1609 1060 ἑαυτῶν
1637 980 2012 1074 ἀβουλίαις
2048 978 2132 1059 τὸ
2168 985 2424 1060 παθεῖν
2457 974 3027 1080 ἐπιγράψωμενς
3055 1007 3090 1067 5

626 1100 673 1204 ἢ
737 1103 882 1206 γὰρ
956 1104 1040 1181 οὐ
1098 1099 1312 1184 τοῦτό
1376 1105 1600 1201 ἐστιν,
1669 1135 1842 1207 οπερ
1905 1103 2132 1207 εἴρηκε
2198 1100 2499 1207 φθοῖσας
2564 1135 2607 1179 ο
2667 1097 3031 1195 Σολομών

296 1244 525 1300 9¹77A·
571 1256 607 1298 a
630 1238 671 1275 ‘⁶
707 1227 1144 1334 Ἀφροσύνη
1199 1225 1458 1332 ἀνδρος
1524 1227 1943 1325 λυμαίνεται
2004 1227 2135 1312 τὰς
2188 1223 2397 1311 ὁδους
2454 1226 2703 1320 αὐτοῦ,
2767 1256 2900 1302 τον
2955 1219 3033 1300 δὲ

627 1362 673 1400 “
709 1350 902 1433 Θεὸν
958 1357 1265 1431 αἰτιᾶται
1317 1356 1407 1456 τῇ
1455 1352 1713 1458 καρδία
1769 1352 2011 1431 αὐτοῦ·
1993 1352 2057 1396 ·”
2132 1349 2303 1429 ἀλλ’
2347 1348 2550 1429 ἔστιν
2604 1347 2734 1426 οὐκ
2790 1346 3025 1451 ἀμφί-

628 1486 885 1578 λογον.
984 1481 1044 1555 εἰ
1098 1473 1229 1573 μὲν
1288 1476 1414 1555 οὖν
1478 1476 1563 1554 οὐ
1617 1478 1839 1573 μετῆν
1902 1480 2005 1582 τῷ
2063 1470 2382 1578 προδότῃ
2441 1476 2570 1571 τῆς
2632 1468 2837 1572 παρὰ
2903 1476 3033 1548 τοῦ

630 1604 969 1701 Σωτῆρος
1006 1598 1408 1701 ἐπικουρίας
1445 1600 1520 1678 ἐν
1557 1596 1700 1705 ἴσῳ
1736 1605 1884 1682 τοῖς
1922 1597 2178 1681 ἄλλοις
2226 1595 2617 1677 ἀπολαύειν
2652 1598 3031 1693 μαθηταῖς,
3059 1633 3126 1675 10

628 1722 1083 1804 ἐπιδεικνύτω
1139 1756 1267 1820 τις,
1303 1725 1423 1802 καὶ
1467 1720 1857 1820 ἡττήμεθα·
1913 1726 1971 1800 εἰ
2010 1718 2086 1801 δὲ
2120 1727 2267 1804 τοῖς
2303 1721 2560 1803 ἄλλοις
2592 1721 2669 1799 ἐν
2705 1717 2851 1824 ἴσῳ
2897 1716 3034 1815 τὴν

628 1851 707 1928 ἐκ
765 1852 891 1948 τῆς
950 1848 1142 1929 θείας
1186 1843 1474 1951 χάριτος
1529 1844 1716 1950 ἔχων
1760 1843 2182 1949 περιβολὴν,
2218 1844 2307 1951 ἐξ
2358 1845 2553 1923 ἰδίων
2595 1839 3036 1941 θελημάτων

627 1976 726 2055 εἰς
760 1970 846 2050 τὸ
881 1975 1012 2069 τῆς
1048 1968 1411 2053 ἀπωλείας
1452 1968 1865 2049 κατόλισθε
1907 1968 2299 2072 βάραθρον,
2336 1973 2490 2050 πῶς
2528 1967 2614 2046 οὐ
2648 1964 3037 2068 τετήρηκεν

626 2094 668 2171 ὃ
706 2092 1032 2195 Χριστὸς
1086 2092 1182 2171 τὰ
1233 2096 1314 2172 ἐκ
1356 2097 1484 2192 τῆς
1532 2093 1788 2177 οἰκείας
1836 2089 2268 2196 ἡμερότητος
2321 2088 2621 2187 ἐπιδοὺς,
2669 2092 2790 2169 καὶ
2848 2089 3037 2170 ὅσον

625 2215 793 2316 ἧκεν
828 2220 927 2300 εἰς
970 2213 1101 2316 τὴν
1140 2220 1271 2315 τῆς
1325 2217 1735 2322 ἀσφαλείας
1791 2217 2115 2297 ἐπίδοσιν
2153 2219 2514 2296 διασῶσαι
2568 2213 2695 2295 τὸν
2736 2212 3029 2363 ἅνθρω-
3065 2251 3126 2312 15

627 2374 791 2438 πον,
846 2345 907 2419 εἰ
961 2338 1065 2440 μὴ
1114 2373 1200 2420 το
1254 2346 1510 2421 παθεῖν
1555 2340 1916 2440 ἠθέλησεν
1953 2339 2041 2446 ἐξ
2089 2339 2286 2420 ἰδίων
2320 2336 2747 2439 θελημάτων
2782 2337 3030 2422 αυτ-ὂς.

561 2474 615 2542 b
632 2461 969 2571 διέπρεψε
1018 2471 1196 2567 γοῦν
1233 2466 1309 2544 ἐν
1341 2471 1491 2547 τοῖς
1531 2461 1789 2567 ἑτέροις
1830 2463 1874 2564 ἡ
1912 2464 2138 2569 χοίρις,
2178 2497 2385 2568 μεχρι
2432 2461 2701 2545 παντὸς
2748 2462 3028 2541 διασώ-

631 2624 844 2671 σασα
886 2623 1050 2675 τους
1087 2587 1219 2688 τὴν
1255 2586 1439 2668 ἰδίαν
1469 2589 1892 2692 προαίρεσιν
1926 2588 2378 2690 συνεργάτην
2416 2621 2664 2690 ωσπερ
2702 2620 3031 2687 ποιησα-

633 2747 884 2812 μενους
928 2714 1135 2818 αὐτῇ.
1218 2716 1573 2792 διοικεῖται
1631 2711 1774 2816 γὰρ
1812 2715 1997 2794 οὕτω
2053 2716 2180 2812 τῆς
2226 2713 2536 2793 ἑκάστου
2581 2712 2950 2814 σωτηρίας
2993 2713 3036 2791 ὃ

633 2840 922 2944 τρόπος.
3063 2882 3129 2923 20

641 3022 758 3090 Καὶ
809 3029 1014 3091 ταῦτα
1068 3023 1256 3090 Λαλῶ
1307 3024 1378 3090 ὲν
1424 3026 1520 3109 τῷ
1570 3024 1816 3110 κόσμῳ,
1861 3024 1968 3091 ἵνα
2015 3024 2215 3113 ἔχωσι
2265 3022 2384 3091 τὴν
2429 3023 2633 3117 χαρὰν
2685 3023 2810 3089 τὴν
2862 3022 3034 3099 ἐμὴν

1356 3149 1886 3240 πεπληρωμένων
1939 3152 2010 3218 ὲν
2064 3144 2309 3221 αὐτοῖς.

973 3285 997 3316 t
1357 3285 1382 3313 t
1569 3285 1603 3321 e
1719 3290 1738 3317 ο
1806 3287 1829 3318 t
2101 3289 2121 3316 ς
2229 3289 2247 3318 r
2483 3290 2508 3319 x
2726 3285 2747 3313 Ι
3005 3287 3038 3323 9

751 3294 1227 3390 Διαμεμνησο
1275 3300 1503 3369 παλιν
1549 3324 1651 3368 ων
1701 3300 2043 3391 ελεγομεν
2078 3324 2357 3393 αρτιως,
2394 3323 2510 3368 και
2559 3321 2908 3386 συνησεις
2958 3321 3038 3367 ευ

636 3409 840 3513 μάλα
890 3421 1020 3494 τοῦ
1065 3412 1528 3516 προκειμένου
1571 3410 1701 3494 τὸν
1745 3421 1934 3496 νοῦν.
2009 3412 2254 3515 διττὴν
2297 3411 2440 3516 γὰρ
2488 3410 2658 3511 ἡμῖν
2693 3415 3036 3515 πανταχῆ

638 3544 766 3615 τοῦ
805 3537 982 3616 ἰδίου
1018 3535 1418 3640 προσώπου
1456 3536 1862 3616 διεσώσατο
1895 3534 2029 3638 τὴν
2061 3535 2551 3640 παράστασιν,
2577 3537 2694 3614 καὶ
2729 3535 2815 3615 τὸ
2843 3541 3036 3615 θεῖον
3061 3569 3124 3630 ²5

579 3695 615 3739 ο
640 3660 716 3739 ἐν
752 3660 977 3766 ἑαυτῷ
1031 3660 1423 3763 διαπρέπον
1465 3659 1750 3766 ἀξίωμα
1805 3659 2092 3759 δεικνὺς,
2138 3662 2253 3741 καὶ
2306 3658 2391 3740 τὸ
2444 3659 2722 3762 πρέπον
2757 3662 2848 3763 τῇ
2900 3661 3033 3738 ἀν-

641 3781 1048 3886 θρωπότητι
1119 3783 1379 3886 μέτρον
1446 3785 1573 3865 οὐκ
1648 3783 2076 3885 ἀπόβλητον
2150 3782 2634 3885 ποιησάμενος
2710 3779 2830 3863 διὰ
2901 3781 3037 3882 τὴν

639 3905 1067 4005 οἰκονομίαν.
1168 3909 1285 3987 καὶ
1359 3906 1501 4010 γὰρ
1562 3905 1650 4008 ἦν
1707 3943 1862 3993 πως
1935 3911 2206 3989 ἄτοπον
2269 3907 2724 4016 ἐξαρνεὼθαι
2800 3908 3038 4021 θέλειν

639 4027 858 4112 αὐτὸν
908 4026 991 4110 τὸ
1045 4031 1131 4109 δι’
1179 4029 1366 4129 ἡμᾶς
1412 4031 1753 4115 ἑκουσίως
1806 4031 2316 4139 προσληφθέν.
2397 4028 2679 4116 οὐδενὸς
2733 4028 2879 4134 γάρ
2935 4029 3037 4110 ὧν

638 4152 935 4255 ἐπιδεὴς,
972 4154 1238 4238 τέλειος
1275 4152 1351 4235 δὲ
1390 4152 1573 4235 κατὰ
1606 4153 1846 4236 πάντα
1883 4158 1963 4236 ἐκ
1997 4156 2272 4236 τελείου
2308 4151 2619 4258 Πατρὸς,
2657 4153 3034 4237 κεκένωκεν
3057 4192 3124 4249 30

639 4277 913 4378 ἑαυτὸν,
948 4280 1083 4384 οὐχ
1131 4281 1358 4385 ἑαυτῷ
1403 4310 1473 4359 τι
1522 4284 1672 4358 τῶν
1711 4278 2092 4387 χρησίμων
2126 4275 2823 4383 πραγματευόμενος,
2859 4280 3030 4358 ἀλλ’

637 4403 806 4502 ἡμῖν
865 4404 1100 4488 αὐτοῖς
1165 4399 1249 4483 τὸ
1307 4403 1383 4482 ἐκ
1433 4405 1561 4501 τῆς
1615 4400 1979 4485 κενώσεως
2032 4401 2403 4508 προξενῶν
2459 4400 2756 4504 ἀγαθόν.
2842 4402 3032 4483 Θεὸν

1420 4566 1503 4627 15.
1540 4551 1926 4625 Legendumne
1949 4553 2254 4613 διασώσαςὲ
