<?xml version="1.0" encoding="UTF-8"?>
<!DOCTYPE html PUBLIC "-//W3C//DTD XHTML 1.0 Transitional//EN"
    "http://www.w3.org/TR/xhtml1/DTD/xhtml1-transitional.dtd">
<html xmlns="http://www.w3.org/1999/xhtml" xml:lang="en" lang="en">
 <head>
  <title>
</title>
<meta http-equiv="Content-Type" content="text/html;charset=utf-8" />
  <meta name='ocr-system' content='tesseract 3.04.00' />
  <meta name='ocr-capabilities' content='ocr_page ocr_carea ocr_par ocr_line ocrx_word'/>
</head>
<body>
  <div class='ocr_page' id='page_1' title='image "./sanctipatrisnos03pusegoog_0444.png"; bbox 0 0 3238 5158; ppageno 0'>
   <div class='ocr_carea' id='block_1_1' title="bbox 627 291 3075 359">
    <p class='ocr_par' dir='ltr' id='par_1_1' title="bbox 627 291 3075 359">
     <span class='ocr_line' id='line_1_1' title="bbox 627 291 3075 359; baseline 0 -5"><span class='ocrx_word' id='word_1_1' title='bbox 627 291 759 355; x_wconf 81' lang='lat'>432</span> <span class='ocrx_word' id='word_1_2' title='bbox 1240 292 1788 358; x_wconf 83' lang='lat' dir='ltr'>B.0YR1LL1</span> <span class='ocrx_word' id='word_1_3' title='bbox 1846 291 2424 359; x_wconf 80' lang='lat' dir='ltr'><strong>ALEXANDR.</strong></span> <span class='ocrx_word' id='word_1_4' title='bbox 2784 292 2922 358; x_wconf 85' lang='lat' dir='ltr'><strong>xiv.</strong></span> <span class='ocrx_word' id='word_1_5' title='bbox 2963 310 3075 356; x_wconf 85' lang='lat'>11.</span> 
     </span>
    </p>
   </div>
   <div class='ocr_carea' id='block_1_2' title="bbox 298 454 3212 3051">
    <p class='ocr_par' dir='ltr' id='par_1_2' title="bbox 298 454 3075 685">
     <span class='ocr_line' id='line_1_2' title="bbox 633 454 3075 613; baseline 0.003 -77"><span class='ocrx_word' id='word_1_6' title='bbox 633 454 876 558; x_wconf 86' lang='grc' dir='ltr'>πατήρ</span> <span class='ocrx_word' id='word_1_7' title='bbox 911 458 1115 538; x_wconf 84' lang='grc' dir='ltr'>ἐστιν</span> <span class='ocrx_word' id='word_1_8' title='bbox 1153 457 1193 537; x_wconf 97' lang='lat'><em>5</em></span> <span class='ocrx_word' id='word_1_9' title='bbox 1235 456 1518 613; x_wconf 84' lang='grc' dir='ltr'>Πατὴρ,</span> <span class='ocrx_word' id='word_1_10' title='bbox 1547 461 1664 539; x_wconf 79' lang='grc' dir='ltr'>καὶ</span> <span class='ocrx_word' id='word_1_11' title='bbox 1703 460 1837 564; x_wconf 80' lang='grc' dir='ltr'>οὐχ</span> <span class='ocrx_word' id='word_1_12' title='bbox 1871 458 2071 543; x_wconf 79' lang='grc' dir='ltr'>Υἱός·</span> <span class='ocrx_word' id='word_1_13' title='bbox 2152 462 2271 539; x_wconf 80' lang='grc' dir='ltr'>καὶ</span> <span class='ocrx_word' id='word_1_14' title='bbox 2307 457 2537 540; x_wconf 80' lang='grc' dir='ltr'>πάλιν</span> <span class='ocrx_word' id='word_1_15' title='bbox 2574 457 2840 557; x_wconf 81' lang='grc' dir='ltr'>ὁμοίως</span> <span class='ocrx_word' id='word_1_16' title='bbox 2877 456 3075 543; x_wconf 71' lang='grc' dir='ltr'>Υἱὸς</span> 
     </span>
     <span class='ocr_line' id='line_1_3' title="bbox 298 578 3066 685; baseline 0.005 -32"><span class='ocrx_word' id='word_1_17' title='bbox 298 596 529 653; x_wconf 55' lang='lat' dir='ltr'>&#39;7842Aa</span> <span class='ocrx_word' id='word_1_18' title='bbox 577 610 612 651; x_wconf 76' lang='lat' dir='ltr'><strong>a</strong></span> <span class='ocrx_word' id='word_1_19' title='bbox 635 579 675 657; x_wconf 92' lang='lat'><em>5</em></span> <span class='ocrx_word' id='word_1_20' title='bbox 728 578 820 685; x_wconf 79' lang='grc' dir='ltr'>ἐξ</span> <span class='ocrx_word' id='word_1_21' title='bbox 869 581 1087 661; x_wconf 83' lang='grc' dir='ltr'>αὐτοῦ</span> <span class='ocrx_word' id='word_1_22' title='bbox 1152 585 1270 662; x_wconf 77' lang='grc' dir='ltr'>καὶ</span> <span class='ocrx_word' id='word_1_23' title='bbox 1338 583 1423 662; x_wconf 79' lang='grc' dir='ltr'>οὗ</span> <span class='ocrx_word' id='word_1_24' title='bbox 1487 581 1751 685; x_wconf 86' lang='grc' dir='ltr'>πατὴρ,</span> <span class='ocrx_word' id='word_1_25' title='bbox 1808 584 1930 662; x_wconf 82' lang='grc' dir='ltr'>καὶ</span> <span class='ocrx_word' id='word_1_26' title='bbox 1982 592 2266 684; x_wconf 88' lang='grc' dir='ltr'>πνεῦμα</span> <span class='ocrx_word' id='word_1_27' title='bbox 2320 581 2404 664; x_wconf 78' lang='grc' dir='ltr'>τὸ</span> <span class='ocrx_word' id='word_1_28' title='bbox 2465 588 2760 682; x_wconf 80' lang='grc' dir='ltr'>Πνεῦμα</span> <span class='ocrx_word' id='word_1_29' title='bbox 2825 584 3066 666; x_wconf 82' lang='grc' dir='ltr'>ιδίως·</span> 
     </span>
    </p>

    <p class='ocr_par' dir='ltr' id='par_1_3' title="bbox 633 702 3132 1305">
     <span class='ocr_line' id='line_1_4' title="bbox 633 702 3072 814; baseline 0.002 -32"><span class='ocrx_word' id='word_1_30' title='bbox 633 702 808 782; x_wconf 83' lang='grc' dir='ltr'>ἀλλ’</span> <span class='ocrx_word' id='word_1_31' title='bbox 850 708 948 790; x_wconf 83' lang='grc' dir='ltr'>εἰς</span> <span class='ocrx_word' id='word_1_32' title='bbox 1002 707 1175 804; x_wconf 87' lang='grc' dir='ltr'>μίαν</span> <span class='ocrx_word' id='word_1_33' title='bbox 1231 703 1567 806; x_wconf 78' lang='grc' dir='ltr'>θεότητος</span> <span class='ocrx_word' id='word_1_34' title='bbox 1624 704 1855 814; x_wconf 89' lang='grc' dir='ltr'>φύσιν</span> <span class='ocrx_word' id='word_1_35' title='bbox 1910 708 2304 809; x_wconf 74' lang='grc' dir='ltr'>συνιούσης</span> <span class='ocrx_word' id='word_1_36' title='bbox 2357 741 2434 787; x_wconf 91' lang='grc' dir='ltr'>τε</span> <span class='ocrx_word' id='word_1_37' title='bbox 2491 711 2609 787; x_wconf 80' lang='grc' dir='ltr'>καὶ</span> <span class='ocrx_word' id='word_1_38' title='bbox 2663 719 3072 808; x_wconf 85' lang='grc' dir='ltr'>συνειλεγ-</span> 
     </span>
     <span class='ocr_line' id='line_1_5' title="bbox 633 825 3074 935; baseline 0.001 -28"><span class='ocrx_word' id='word_1_39' title='bbox 633 825 850 927; x_wconf 77' lang='grc' dir='ltr'>μένης</span> <span class='ocrx_word' id='word_1_40' title='bbox 906 833 1034 928; x_wconf 82' lang='grc' dir='ltr'>τῆς</span> <span class='ocrx_word' id='word_1_41' title='bbox 1091 830 1302 931; x_wconf 81' lang='grc' dir='ltr'>ἁγίας</span> <span class='ocrx_word' id='word_1_42' title='bbox 1358 828 1693 931; x_wconf 82' lang='grc' dir='ltr'>Τριάδος,</span> <span class='ocrx_word' id='word_1_43' title='bbox 1746 828 1845 914; x_wconf 86' lang='grc' dir='ltr'>εἷς</span> <span class='ocrx_word' id='word_1_44' title='bbox 1900 827 2088 915; x_wconf 80' lang='grc' dir='ltr'>Θεὸς</span> <span class='ocrx_word' id='word_1_45' title='bbox 2142 834 2219 910; x_wconf 83' lang='grc' dir='ltr'>ἐν</span> <span class='ocrx_word' id='word_1_46' title='bbox 2273 831 2463 931; x_wconf 85' lang='grc' dir='ltr'>ἡμῖν,</span> <span class='ocrx_word' id='word_1_47' title='bbox 2510 833 2629 911; x_wconf 78' lang='grc' dir='ltr'>καὶ</span> <span class='ocrx_word' id='word_1_48' title='bbox 2684 831 2824 935; x_wconf 81' lang='grc' dir='ltr'>οὐχ</span> <span class='ocrx_word' id='word_1_49' title='bbox 2880 830 3074 910; x_wconf 83' lang='grc' dir='ltr'>ὁλό-</span> 
     </span>
     <span class='ocr_line' id='line_1_6' title="bbox 635 950 3132 1062; baseline 0.002 -32"><span class='ocrx_word' id='word_1_50' title='bbox 635 960 911 1054; x_wconf 83' lang='grc' dir='ltr'>κληρον</span> <span class='ocrx_word' id='word_1_51' title='bbox 955 950 1241 1062; x_wconf 75' lang='grc' dir='ltr'>ἑκάστῳ</span> <span class='ocrx_word' id='word_1_52' title='bbox 1297 959 1442 1032; x_wconf 89' lang='grc' dir='ltr'>τῶν</span> <span class='ocrx_word' id='word_1_53' title='bbox 1485 952 2038 1054; x_wconf 81' lang='grc' dir='ltr'>σημαινομένων</span> <span class='ocrx_word' id='word_1_54' title='bbox 2087 956 2247 1052; x_wconf 87' lang='grc' dir='ltr'>δοίη</span> <span class='ocrx_word' id='word_1_55' title='bbox 2301 988 2409 1038; x_wconf 88' lang='grc' dir='ltr'>τις</span> <span class='ocrx_word' id='word_1_56' title='bbox 2464 952 2557 1034; x_wconf 80' lang='grc' dir='ltr'>ἂν</span> <span class='ocrx_word' id='word_1_57' title='bbox 2604 953 2736 1055; x_wconf 84' lang='grc' dir='ltr'>τὴν</span> <span class='ocrx_word' id='word_1_58' title='bbox 2783 957 2868 1033; x_wconf 84' lang='grc' dir='ltr'>ἐκ</span> <span class='ocrx_word' id='word_1_59' title='bbox 2929 963 3072 1034; x_wconf 88' lang='grc' dir='ltr'>τοῦ</span> <span class='ocrx_word' id='word_1_60' title='bbox 3097 975 3132 1034; x_wconf 85' lang='grc'><strong>5</strong></span> 
     </span>
     <span class='ocr_line' id='line_1_7' title="bbox 637 1074 3074 1185; baseline 0.002 -32"><span class='ocrx_word' id='word_1_61' title='bbox 637 1074 880 1177; x_wconf 80' lang='grc' dir='ltr'>ἑτέρου</span> <span class='ocrx_word' id='word_1_62' title='bbox 916 1075 1140 1182; x_wconf 79' lang='grc' dir='ltr'>τυχὸν</span> <span class='ocrx_word' id='word_1_63' title='bbox 1178 1076 1690 1185; x_wconf 86' lang='grc' dir='ltr'>ἀποφοίτησιν,</span> <span class='ocrx_word' id='word_1_64' title='bbox 1727 1078 1879 1158; x_wconf 81' lang='grc' dir='ltr'>οὐδ’</span> <span class='ocrx_word' id='word_1_65' title='bbox 1921 1078 2378 1183; x_wconf 83' lang='grc' dir='ltr'>ἀναχωρήσει</span> <span class='ocrx_word' id='word_1_66' title='bbox 2419 1085 2796 1162; x_wconf 78' lang='grc' dir='ltr'>παντελῶς</span> <span class='ocrx_word' id='word_1_67' title='bbox 2834 1084 2938 1162; x_wconf 80' lang='grc' dir='ltr'>εἰς</span> <span class='ocrx_word' id='word_1_68' title='bbox 2981 1078 3074 1158; x_wconf 77' lang='grc' dir='ltr'>τὸ</span> 
     </span>
     <span class='ocr_line' id='line_1_8' title="bbox 636 1196 3074 1305; baseline 0.002 -27"><span class='ocrx_word' id='word_1_69' title='bbox 636 1196 812 1280; x_wconf 82' lang='grc' dir='ltr'>εἶναι</span> <span class='ocrx_word' id='word_1_70' title='bbox 860 1202 1421 1305; x_wconf 76' lang='grc' dir='ltr'>μεμερισμένως·</span> <span class='ocrx_word' id='word_1_71' title='bbox 1484 1202 1655 1279; x_wconf 88' lang='grc' dir='ltr'>ἀλλ’</span> <span class='ocrx_word' id='word_1_72' title='bbox 1697 1199 1872 1281; x_wconf 83' lang='grc' dir='ltr'>εἶναι</span> <span class='ocrx_word' id='word_1_73' title='bbox 1915 1199 2047 1301; x_wconf 77' lang='grc' dir='ltr'>μὲν</span> <span class='ocrx_word' id='word_1_74' title='bbox 2080 1201 2392 1282; x_wconf 81' lang='grc' dir='ltr'>ἕκαστον</span> <span class='ocrx_word' id='word_1_75' title='bbox 2427 1203 2630 1284; x_wconf 86' lang='grc' dir='ltr'>τοῦθ’</span> <span class='ocrx_word' id='word_1_76' title='bbox 2672 1201 2855 1305; x_wconf 81' lang='grc' dir='ltr'>ὅπερ</span> <span class='ocrx_word' id='word_1_77' title='bbox 2891 1206 3074 1282; x_wconf 82' lang='grc' dir='ltr'>ἐστὶ</span> 
     </span>
    </p>

    <p class='ocr_par' dir='ltr' id='par_1_4' title="bbox 584 1323 3164 1682">
     <span class='ocr_line' id='line_1_9' title="bbox 584 1323 3074 1428; baseline 0.001 -23"><span class='ocrx_word' id='word_1_78' title='bbox 584 1400 589 1405; x_wconf 83' lang='grc'><strong><em>,</em></strong></span> <span class='ocrx_word' id='word_1_79' title='bbox 634 1327 752 1403; x_wconf 82' lang='grc' dir='ltr'>καὶ</span> <span class='ocrx_word' id='word_1_80' title='bbox 808 1323 1361 1424; x_wconf 86' lang='grc' dir='ltr'>κατωνόμασται</span> <span class='ocrx_word' id='word_1_81' title='bbox 1414 1325 1584 1428; x_wconf 87' lang='grc' dir='ltr'>παρ’</span> <span class='ocrx_word' id='word_1_82' title='bbox 1627 1325 1799 1425; x_wconf 82' lang='grc' dir='ltr'>ἡμῖν</span> <span class='ocrx_word' id='word_1_83' title='bbox 1851 1324 2375 1410; x_wconf 80' lang='grc' dir='ltr'>ἰδιοσυστάτως</span> <span class='ocrx_word' id='word_1_84' title='bbox 2429 1325 2894 1426; x_wconf 79' lang='grc' dir='ltr'>πιστεύομεν.</span> <span class='ocrx_word' id='word_1_85' title='bbox 2989 1331 3074 1408; x_wconf 78' lang='grc' dir='ltr'>ἐκ</span> 
     </span>
     <span class='ocr_line' id='line_1_10' title="bbox 636 1445 3071 1553; baseline 0.003 -25"><span class='ocrx_word' id='word_1_86' title='bbox 636 1445 712 1527; x_wconf 80' lang='grc' dir='ltr'>δὲ</span> <span class='ocrx_word' id='word_1_87' title='bbox 774 1458 904 1529; x_wconf 90' lang='grc' dir='ltr'>τοῦ</span> <span class='ocrx_word' id='word_1_88' title='bbox 974 1455 1046 1528; x_wconf 91' lang='grc' dir='ltr'><strong><em>Π</em></strong></span> <span class='ocrx_word' id='word_1_89' title='bbox 1051 1448 1268 1553; x_wconf 76' lang='grc' dir='ltr'>ατρὸς</span> <span class='ocrx_word' id='word_1_90' title='bbox 1333 1446 1508 1529; x_wconf 78' lang='grc' dir='ltr'>ὄντα</span> <span class='ocrx_word' id='word_1_91' title='bbox 1571 1446 1702 1530; x_wconf 79' lang='grc' dir='ltr'>τὸν</span> <span class='ocrx_word' id='word_1_92' title='bbox 1751 1449 1955 1550; x_wconf 79' lang='grc' dir='ltr'>Υἱὸν,</span> <span class='ocrx_word' id='word_1_93' title='bbox 2008 1449 2402 1548; x_wconf 81' lang='grc' dir='ltr'>τουτέστιν,</span> <span class='ocrx_word' id='word_1_94' title='bbox 2460 1453 2538 1530; x_wconf 82' lang='grc' dir='ltr'>ἐκ</span> <span class='ocrx_word' id='word_1_95' title='bbox 2599 1453 2729 1550; x_wconf 86' lang='grc' dir='ltr'>τῆς</span> <span class='ocrx_word' id='word_1_96' title='bbox 2793 1450 3071 1536; x_wconf 79' lang='grc' dir='ltr'>οὐσίας</span> 
     </span>
     <span class='ocr_line' id='line_1_11' title="bbox 636 1572 3164 1682; baseline 0.001 -30"><span class='ocrx_word' id='word_1_97' title='bbox 636 1572 878 1671; x_wconf 82' lang='grc' dir='ltr'>αὐτοῦ,</span> <span class='ocrx_word' id='word_1_98' title='bbox 929 1572 1020 1679; x_wconf 81' lang='grc' dir='ltr'>ἐξ</span> <span class='ocrx_word' id='word_1_99' title='bbox 1069 1574 1285 1653; x_wconf 84' lang='grc' dir='ltr'>αὐτοῦ</span> <span class='ocrx_word' id='word_1_100' title='bbox 1340 1606 1416 1653; x_wconf 90' lang='grc' dir='ltr'>τε</span> <span class='ocrx_word' id='word_1_101' title='bbox 1470 1579 1853 1677; x_wconf 84' lang='grc' dir='ltr'>προελθεῖν</span> <span class='ocrx_word' id='word_1_102' title='bbox 1907 1572 2254 1680; x_wconf 87' lang='grc' dir='ltr'>ἀῤῥήτως,</span> <span class='ocrx_word' id='word_1_103' title='bbox 2304 1577 2382 1654; x_wconf 84' lang='grc' dir='ltr'>ἐν</span> <span class='ocrx_word' id='word_1_104' title='bbox 2429 1576 2623 1682; x_wconf 71' lang='grc' dir='ltr'>αὐτῷ</span> <span class='ocrx_word' id='word_1_105' title='bbox 2676 1608 2756 1655; x_wconf 87' lang='grc' dir='ltr'>τε</span> <span class='ocrx_word' id='word_1_106' title='bbox 2811 1573 3069 1673; x_wconf 83' lang='grc' dir='ltr'>με’νειν</span> <span class='ocrx_word' id='word_1_107' title='bbox 3099 1606 3164 1647; x_wconf 86' lang='lat'>10</span> 
     </span>
    </p>

    <p class='ocr_par' dir='ltr' id='par_1_5' title="bbox 568 1695 3212 2674">
     <span class='ocr_line' id='line_1_12' title="bbox 568 1695 3068 1802; baseline 0.002 -26"><span class='ocrx_word' id='word_1_108' title='bbox 568 1707 613 1775; x_wconf 91' lang='lat' dir='ltr'><strong>b</strong></span> <span class='ocrx_word' id='word_1_109' title='bbox 638 1698 1033 1796; x_wconf 84' lang='grc' dir='ltr'>ἐννοοῦμεν.</span> <span class='ocrx_word' id='word_1_110' title='bbox 1154 1697 1281 1777; x_wconf 81' lang='grc' dir='ltr'>τὸν</span> <span class='ocrx_word' id='word_1_111' title='bbox 1355 1695 1432 1777; x_wconf 83' lang='grc' dir='ltr'>δὲ</span> <span class='ocrx_word' id='word_1_112' title='bbox 1507 1695 1726 1778; x_wconf 79' lang='grc' dir='ltr'>αὐτὸν</span> <span class='ocrx_word' id='word_1_113' title='bbox 1800 1698 2072 1802; x_wconf 87' lang='grc' dir='ltr'>τρόπον</span> <span class='ocrx_word' id='word_1_114' title='bbox 2147 1701 2266 1779; x_wconf 84' lang='grc' dir='ltr'>καὶ</span> <span class='ocrx_word' id='word_1_115' title='bbox 2344 1701 2509 1802; x_wconf 80' lang='grc' dir='ltr'>περὶ</span> <span class='ocrx_word' id='word_1_116' title='bbox 2586 1707 2716 1779; x_wconf 91' lang='grc' dir='ltr'>τοῦ</span> <span class='ocrx_word' id='word_1_117' title='bbox 2787 1699 3068 1799; x_wconf 79' lang='grc' dir='ltr'>Ἀγίου</span> 
     </span>
     <span class='ocr_line' id='line_1_13' title="bbox 639 1818 3063 1930; baseline 0 -30"><span class='ocrx_word' id='word_1_118' title='bbox 639 1819 1086 1917; x_wconf 89' lang='grc' dir='ltr'>Πνεύματος.</span> <span class='ocrx_word' id='word_1_119' title='bbox 1181 1820 1339 1899; x_wconf 79' lang='grc' dir='ltr'>ἔστι</span> <span class='ocrx_word' id='word_1_120' title='bbox 1394 1818 1525 1921; x_wconf 77' lang='grc' dir='ltr'>μὲν</span> <span class='ocrx_word' id='word_1_121' title='bbox 1578 1819 1725 1925; x_wconf 79' lang='grc' dir='ltr'>γὰρ</span> <span class='ocrx_word' id='word_1_122' title='bbox 1780 1823 1859 1901; x_wconf 84' lang='grc' dir='ltr'>ἐκ</span> <span class='ocrx_word' id='word_1_123' title='bbox 1905 1826 2099 1902; x_wconf 84' lang='grc' dir='ltr'>Θεοῦ</span> <span class='ocrx_word' id='word_1_124' title='bbox 2152 1830 2281 1902; x_wconf 93' lang='grc' dir='ltr'>τοῦ</span> <span class='ocrx_word' id='word_1_125' title='bbox 2336 1821 2522 1902; x_wconf 81' lang='grc' dir='ltr'>κατὰ</span> <span class='ocrx_word' id='word_1_126' title='bbox 2576 1820 2810 1930; x_wconf 87' lang='grc' dir='ltr'>φύσιν</span> <span class='ocrx_word' id='word_1_127' title='bbox 2866 1825 3063 1922; x_wconf 87' lang='grc' dir='ltr'>ἀλη-</span> 
     </span>
     <span class='ocr_line' id='line_1_14' title="bbox 634 1942 3062 2048; baseline 0.001 -24"><span class='ocrx_word' id='word_1_128' title='bbox 634 1950 800 2043; x_wconf 89' lang='grc' dir='ltr'>θῶς,</span> <span class='ocrx_word' id='word_1_129' title='bbox 836 1946 1009 2024; x_wconf 87' lang='grc' dir='ltr'>ἀλλ’</span> <span class='ocrx_word' id='word_1_130' title='bbox 1050 1942 1446 2043; x_wconf 79' lang='grc' dir='ltr'>οὐδαμόθεν</span> <span class='ocrx_word' id='word_1_131' title='bbox 1479 1945 2000 2047; x_wconf 80' lang='grc' dir='ltr'>μεμερισμένον</span> <span class='ocrx_word' id='word_1_132' title='bbox 2036 1950 2164 2046; x_wconf 86' lang='grc' dir='ltr'>τῆς</span> <span class='ocrx_word' id='word_1_133' title='bbox 2206 1946 2459 2032; x_wconf 84' lang='grc' dir='ltr'>οὐσίας</span> <span class='ocrx_word' id='word_1_134' title='bbox 2504 1948 2746 2045; x_wconf 87' lang='grc' dir='ltr'>αὐτοῦ,</span> <span class='ocrx_word' id='word_1_135' title='bbox 2780 1946 3062 2048; x_wconf 84' lang='grc' dir='ltr'>προῖὸν</span> 
     </span>
     <span class='ocr_line' id='line_1_15' title="bbox 634 2066 3060 2178; baseline 0.002 -31"><span class='ocrx_word' id='word_1_136' title='bbox 634 2066 710 2148; x_wconf 77' lang='grc' dir='ltr'>δὲ</span> <span class='ocrx_word' id='word_1_137' title='bbox 763 2075 1055 2168; x_wconf 81' lang='grc' dir='ltr'>μᾶλλον</span> <span class='ocrx_word' id='word_1_138' title='bbox 1100 2069 1189 2174; x_wconf 82' lang='grc' dir='ltr'>ἐξ</span> <span class='ocrx_word' id='word_1_139' title='bbox 1239 2070 1480 2169; x_wconf 79' lang='grc' dir='ltr'>αὑτοῦ,</span> <span class='ocrx_word' id='word_1_140' title='bbox 1517 2071 1635 2149; x_wconf 79' lang='grc' dir='ltr'>καὶ</span> <span class='ocrx_word' id='word_1_141' title='bbox 1692 2072 1768 2150; x_wconf 90' lang='grc' dir='ltr'>ε’ν</span> <span class='ocrx_word' id='word_1_142' title='bbox 1812 2071 2004 2178; x_wconf 75' lang='grc' dir='ltr'>αὐτῷ</span> <span class='ocrx_word' id='word_1_143' title='bbox 2058 2070 2273 2170; x_wconf 71' lang='grc' dir='ltr'>μένον</span> <span class='ocrx_word' id='word_1_144' title='bbox 2316 2073 2446 2151; x_wconf 87' lang='grc' dir='ltr'>ἀεί·</span> <span class='ocrx_word' id='word_1_145' title='bbox 2507 2069 3060 2176; x_wconf 82' lang='grc' dir='ltr'>χορηγούμενον</span> 
     </span>
     <span class='ocr_line' id='line_1_16' title="bbox 635 2189 3147 2298; baseline -0 -27"><span class='ocrx_word' id='word_1_146' title='bbox 635 2189 713 2271; x_wconf 78' lang='grc' dir='ltr'>δὲ</span> <span class='ocrx_word' id='word_1_147' title='bbox 750 2200 898 2276; x_wconf 92' lang='grc' dir='ltr'>τοῖς</span> <span class='ocrx_word' id='word_1_148' title='bbox 936 2193 1168 2295; x_wconf 81' lang='grc' dir='ltr'>ἁγίοις</span> <span class='ocrx_word' id='word_1_149' title='bbox 1207 2192 1325 2272; x_wconf 81' lang='grc' dir='ltr'>διὰ</span> <span class='ocrx_word' id='word_1_150' title='bbox 1360 2197 1721 2295; x_wconf 90' lang='grc' dir='ltr'>Χριστοῦ·</span> <span class='ocrx_word' id='word_1_151' title='bbox 1784 2190 2022 2274; x_wconf 77' lang='grc' dir='ltr'>πάντα</span> <span class='ocrx_word' id='word_1_152' title='bbox 2056 2194 2201 2298; x_wconf 83' lang='grc' dir='ltr'>γὰρ</span> <span class='ocrx_word' id='word_1_153' title='bbox 2237 2196 2322 2274; x_wconf 87' lang='grc' dir='ltr'>δι’</span> <span class='ocrx_word' id='word_1_154' title='bbox 2348 2200 2532 2275; x_wconf 79' lang='grc' dir='ltr'>Υἱοῦ</span> <span class='ocrx_word' id='word_1_155' title='bbox 2570 2198 2645 2274; x_wconf 86' lang='grc' dir='ltr'>ἐν</span> <span class='ocrx_word' id='word_1_156' title='bbox 2669 2194 3052 2294; x_wconf 86' lang='grc' dir='ltr'>Πνεύματι</span> <span class='ocrx_word' id='word_1_157' title='bbox 3085 2230 3147 2286; x_wconf 82' lang='lat'>¹5</span> 
     </span>
     <span class='ocr_line' id='line_1_17' title="bbox 633 2315 3212 2423; baseline 0.001 -28"><span class='ocrx_word' id='word_1_158' title='bbox 633 2315 884 2423; x_wconf 79' lang='grc' dir='ltr'>Ἀγίῳ.</span> <span class='ocrx_word' id='word_1_159' title='bbox 958 2316 1228 2417; x_wconf 89' lang='grc' dir='ltr'>ταύτην</span> <span class='ocrx_word' id='word_1_160' title='bbox 1265 2317 1450 2418; x_wconf 80' lang='grc' dir='ltr'>ἡμᾶς</span> <span class='ocrx_word' id='word_1_161' title='bbox 1502 2315 1635 2417; x_wconf 85' lang='grc' dir='ltr'>τὴν</span> <span class='ocrx_word' id='word_1_162' title='bbox 1670 2325 1817 2398; x_wconf 92' lang='grc' dir='ltr'>τῶν</span> <span class='ocrx_word' id='word_1_163' title='bbox 1854 2317 2236 2421; x_wconf 79' lang='grc' dir='ltr'>δογμάτων</span> <span class='ocrx_word' id='word_1_164' title='bbox 2272 2317 2630 2422; x_wconf 82' lang='grc' dir='ltr'>ὀρθότητα</span> <span class='ocrx_word' id='word_1_165' title='bbox 2679 2321 2799 2398; x_wconf 80' lang='grc' dir='ltr'>καὶ</span> <span class='ocrx_word' id='word_1_166' title='bbox 2851 2318 3049 2420; x_wconf 84' lang='grc' dir='ltr'>ἀλή-</span> <span class='ocrx_word' id='word_1_167' title='bbox 3211 2316 3212 2319; x_wconf 26' lang='grc'><em>“</em></span> 
     </span>
     <span class='ocr_line' id='line_1_18' title="bbox 635 2441 3045 2547; baseline 0.001 -27"><span class='ocrx_word' id='word_1_168' title='bbox 635 2445 834 2521; x_wconf 89' lang='grc' dir='ltr'>θειαν</span> <span class='ocrx_word' id='word_1_169' title='bbox 866 2441 1186 2547; x_wconf 83' lang='grc' dir='ltr'>ἐδίδαξεν</span> <span class='ocrx_word' id='word_1_170' title='bbox 1230 2441 1275 2541; x_wconf 85' lang='grc' dir='ltr'><em>ἦ</em></span> <span class='ocrx_word' id='word_1_171' title='bbox 1324 2447 1470 2521; x_wconf 89' lang='grc' dir='ltr'>τῶν</span> <span class='ocrx_word' id='word_1_172' title='bbox 1515 2442 1741 2545; x_wconf 83' lang='grc' dir='ltr'>ἁγίων</span> <span class='ocrx_word' id='word_1_173' title='bbox 1776 2442 2107 2546; x_wconf 85' lang='grc' dir='ltr'>πατέρων</span> <span class='ocrx_word' id='word_1_174' title='bbox 2142 2441 2467 2526; x_wconf 82' lang='grc' dir='ltr'>σύνεσις·</span> <span class='ocrx_word' id='word_1_175' title='bbox 2528 2445 2715 2523; x_wconf 80' lang='grc' dir='ltr'>οὕτω</span> <span class='ocrx_word' id='word_1_176' title='bbox 2769 2476 3045 2523; x_wconf 86' lang='grc' dir='ltr'>πεπαι-</span> 
     </span>
     <span class='ocr_line' id='line_1_19' title="bbox 635 2563 3053 2674; baseline 0.002 -30"><span class='ocrx_word' id='word_1_177' title='bbox 635 2563 943 2666; x_wconf 88' lang='grc' dir='ltr'>δεύμεθα</span> <span class='ocrx_word' id='word_1_178' title='bbox 1006 2572 1262 2646; x_wconf 84' lang='grc' dir='ltr'>λαλεῖν</span> <span class='ocrx_word' id='word_1_179' title='bbox 1325 2600 1402 2646; x_wconf 89' lang='grc' dir='ltr'>τε</span> <span class='ocrx_word' id='word_1_180' title='bbox 1469 2568 1588 2645; x_wconf 77' lang='grc' dir='ltr'>καὶ</span> <span class='ocrx_word' id='word_1_181' title='bbox 1658 2572 1950 2674; x_wconf 83' lang='grc' dir='ltr'>φρονεῖν</span> <span class='ocrx_word' id='word_1_182' title='bbox 2017 2570 2134 2648; x_wconf 78' lang='grc' dir='ltr'>καὶ</span> <span class='ocrx_word' id='word_1_183' title='bbox 2199 2565 2285 2648; x_wconf 82' lang='grc' dir='ltr'>δι’</span> <span class='ocrx_word' id='word_1_184' title='bbox 2344 2569 2581 2650; x_wconf 80' lang='grc' dir='ltr'>αὐτῶν</span> <span class='ocrx_word' id='word_1_185' title='bbox 2635 2573 2781 2649; x_wconf 87' lang='grc' dir='ltr'>τῶν</span> <span class='ocrx_word' id='word_1_186' title='bbox 2841 2574 3053 2670; x_wconf 79' lang='grc' dir='ltr'>ἱερῶν</span> 
     </span>
    </p>

    <p class='ocr_par' dir='ltr' id='par_1_6' title="bbox 575 2688 3136 3051">
     <span class='ocr_line' id='line_1_20' title="bbox 575 2688 3042 2794; baseline 0.001 -25"><span class='ocrx_word' id='word_1_187' title='bbox 575 2725 612 2769; x_wconf 83' lang='grc' dir='ltr'>ο</span> <span class='ocrx_word' id='word_1_188' title='bbox 633 2688 1103 2792; x_wconf 77' lang='grc' dir='ltr'>γραμμάτων·</span> <span class='ocrx_word' id='word_1_189' title='bbox 1164 2690 1276 2771; x_wconf 80' lang='grc' dir='ltr'>ὅτι</span> <span class='ocrx_word' id='word_1_190' title='bbox 1314 2690 1390 2770; x_wconf 82' lang='grc' dir='ltr'>δὲ</span> <span class='ocrx_word' id='word_1_191' title='bbox 1429 2690 1595 2769; x_wconf 85' lang='grc' dir='ltr'>λίαν</span> <span class='ocrx_word' id='word_1_192' title='bbox 1633 2693 1863 2794; x_wconf 83' lang='grc' dir='ltr'>ὀρθῶς</span> <span class='ocrx_word' id='word_1_193' title='bbox 1913 2693 2029 2771; x_wconf 82' lang='grc' dir='ltr'>ἐπὶ</span> <span class='ocrx_word' id='word_1_194' title='bbox 2082 2689 2349 2792; x_wconf 89' lang='grc' dir='ltr'>ταύτην</span> <span class='ocrx_word' id='word_1_195' title='bbox 2382 2691 2539 2792; x_wconf 81' lang='grc' dir='ltr'>ἴμεν</span> <span class='ocrx_word' id='word_1_196' title='bbox 2572 2691 2707 2793; x_wconf 91' lang='grc' dir='ltr'>τὴν</span> <span class='ocrx_word' id='word_1_197' title='bbox 2741 2693 3042 2772; x_wconf 86' lang='grc' dir='ltr'>ἀλοιδό-</span> 
     </span>
     <span class='ocr_line' id='line_1_21' title="bbox 629 2812 3136 2921; baseline -0.001 -26"><span class='ocrx_word' id='word_1_198' title='bbox 629 2848 853 2918; x_wconf 92' lang='grc' dir='ltr'>ρητον</span> <span class='ocrx_word' id='word_1_199' title='bbox 902 2816 1175 2914; x_wconf 89' lang='grc' dir='ltr'>πίστιν,</span> <span class='ocrx_word' id='word_1_200' title='bbox 1226 2812 1771 2918; x_wconf 89' lang='grc' dir='ltr'>παραθαρσύνει</span> <span class='ocrx_word' id='word_1_201' title='bbox 1826 2814 2065 2918; x_wconf 78' lang='grc' dir='ltr'>λέγων</span> <span class='ocrx_word' id='word_1_202' title='bbox 2114 2816 2155 2894; x_wconf 91' lang='lat'><em>5</em></span> <span class='ocrx_word' id='word_1_203' title='bbox 2220 2814 2486 2921; x_wconf 89' lang='grc' dir='ltr'>Κύριος</span> <span class='ocrx_word' id='word_1_204' title='bbox 2537 2820 2892 2898; x_wconf 80' lang='grc' dir='ltr'>Πιστεύετε</span> <span class='ocrx_word' id='word_1_205' title='bbox 2951 2817 3049 2898; x_wconf 65' lang='grc' dir='ltr'>’ὅτι</span> <span class='ocrx_word' id='word_1_206' title='bbox 3076 2856 3136 2895; x_wconf 79' lang='lat'>20</span> 
     </span>
     <span class='ocr_line' id='line_1_22' title="bbox 631 2935 2170 3051; baseline 0.001 -30"><span class='ocrx_word' id='word_1_207' title='bbox 631 2938 768 3045; x_wconf 67' lang='grc' dir='ltr'>ἐγῶ</span> <span class='ocrx_word' id='word_1_208' title='bbox 806 2942 866 3022; x_wconf 77' lang='grc' dir='ltr'>ἐν</span> <span class='ocrx_word' id='word_1_209' title='bbox 902 2949 995 3051; x_wconf 71' lang='grc' dir='ltr'>τῷ</span> <span class='ocrx_word' id='word_1_210' title='bbox 1034 2948 1247 3048; x_wconf 71' lang='grc' dir='ltr'>Πατρὶ</span> <span class='ocrx_word' id='word_1_211' title='bbox 1293 2946 1412 3020; x_wconf 72' lang='grc' dir='ltr'>καὶ</span> <span class='ocrx_word' id='word_1_212' title='bbox 1453 2948 1483 3021; x_wconf 81' lang='grc' dir='ltr'><strong><em>ὁ</em></strong></span> <span class='ocrx_word' id='word_1_213' title='bbox 1526 2936 1757 3046; x_wconf 69' lang='grc' dir='ltr'>Πατῆρ</span> <span class='ocrx_word' id='word_1_214' title='bbox 1797 2935 1867 3020; x_wconf 60' lang='grc' dir='ltr'>δὲ</span> <span class='ocrx_word' id='word_1_215' title='bbox 1907 2941 1966 3021; x_wconf 80' lang='grc' dir='ltr'>ἐν</span> <span class='ocrx_word' id='word_1_216' title='bbox 2005 2942 2170 3047; x_wconf 77' lang='grc' dir='ltr'>ἐμοί.</span> 
     </span>
    </p>
   </div>
   <div class='ocr_carea' id='block_1_3' title="bbox 1086 3179 2602 3272">
    <p class='ocr_par' dir='ltr' id='par_1_7' title="bbox 1086 3179 2602 3272">
     <span class='ocr_line' id='line_1_23' title="bbox 1086 3179 2602 3272; baseline 0.001 -25"><span class='ocrx_word' id='word_1_217' title='bbox 1086 3179 1157 3247; x_wconf 86' lang='grc' dir='ltr'>Εἰ</span> <span class='ocrx_word' id='word_1_218' title='bbox 1212 3181 1283 3248; x_wconf 79' lang='grc' dir='ltr'>δὲ</span> <span class='ocrx_word' id='word_1_219' title='bbox 1338 3183 1451 3263; x_wconf 64' lang='grc' dir='ltr'>μὴ,</span> <span class='ocrx_word' id='word_1_220' title='bbox 1504 3181 1609 3247; x_wconf 80' lang='grc' dir='ltr'>διὰ</span> <span class='ocrx_word' id='word_1_221' title='bbox 1667 3183 1747 3248; x_wconf 80' lang='grc' dir='ltr'>τὰ</span> <span class='ocrx_word' id='word_1_222' title='bbox 1801 3182 1959 3272; x_wconf 62' lang='lat' dir='ltr'>{pru</span> <span class='ocrx_word' id='word_1_223' title='bbox 2016 3184 2182 3249; x_wconf 83' lang='grc' dir='ltr'>αὐτὰ</span> <span class='ocrx_word' id='word_1_224' title='bbox 2237 3183 2602 3251; x_wconf 81' lang='grc' dir='ltr'>πιστεύετε.</span> 
     </span>
    </p>
   </div>
   <div class='ocr_carea' id='block_1_4' title="bbox 565 3353 3132 4331">
    <p class='ocr_par' dir='ltr' id='par_1_8' title="bbox 628 3353 3132 3835">
     <span class='ocr_line' id='line_1_24' title="bbox 745 3353 3039 3461; baseline 0.001 -26"><span class='ocrx_word' id='word_1_225' title='bbox 745 3353 1161 3461; x_wconf 88' lang='grc' dir='ltr'>Διαρῥήδην</span> <span class='ocrx_word' id='word_1_226' title='bbox 1204 3353 1348 3459; x_wconf 80' lang='grc' dir='ltr'>γὰρ</span> <span class='ocrx_word' id='word_1_227' title='bbox 1399 3356 1477 3434; x_wconf 86' lang='grc' dir='ltr'>ἐν</span> <span class='ocrx_word' id='word_1_228' title='bbox 1514 3353 1799 3439; x_wconf 88' lang='grc' dir='ltr'>τούτοις</span> <span class='ocrx_word' id='word_1_229' title='bbox 1849 3358 2101 3461; x_wconf 82' lang='grc' dir='ltr'>φησὶν,</span> <span class='ocrx_word' id='word_1_230' title='bbox 2142 3359 2239 3441; x_wconf 84' lang='grc' dir='ltr'>ὡς</span> <span class='ocrx_word' id='word_1_231' title='bbox 2289 3357 2443 3437; x_wconf 85' lang='grc' dir='ltr'>οὐδ’</span> <span class='ocrx_word' id='word_1_232' title='bbox 2479 3354 2575 3435; x_wconf 83' lang='grc' dir='ltr'>ἀν</span> <span class='ocrx_word' id='word_1_233' title='bbox 2610 3354 3039 3459; x_wconf 79' lang='grc' dir='ltr'>ἐργάσαιτο,</span> 
     </span>
     <span class='ocr_line' id='line_1_25' title="bbox 631 3477 3038 3588; baseline 0.002 -30"><span class='ocrx_word' id='word_1_234' title='bbox 631 3481 784 3558; x_wconf 86' lang='grc' dir='ltr'>οὐδ’</span> <span class='ocrx_word' id='word_1_235' title='bbox 823 3477 913 3560; x_wconf 81' lang='grc' dir='ltr'>ἀν</span> <span class='ocrx_word' id='word_1_236' title='bbox 949 3479 1295 3587; x_wconf 80' lang='grc' dir='ltr'>ἐξανύσαι</span> <span class='ocrx_word' id='word_1_237' title='bbox 1333 3480 1627 3560; x_wconf 77' lang='grc' dir='ltr'>πώποτε</span> <span class='ocrx_word' id='word_1_238' title='bbox 1664 3477 1757 3558; x_wconf 82' lang='grc' dir='ltr'>τὰ</span> <span class='ocrx_word' id='word_1_239' title='bbox 1792 3479 1978 3586; x_wconf 84' lang='grc' dir='ltr'>μόνῃ</span> <span class='ocrx_word' id='word_1_240' title='bbox 2027 3488 2118 3585; x_wconf 82' lang='grc' dir='ltr'>τῇ</span> <span class='ocrx_word' id='word_1_241' title='bbox 2170 3481 2327 3588; x_wconf 77' lang='grc' dir='ltr'>θείᾳ</span> <span class='ocrx_word' id='word_1_242' title='bbox 2373 3480 2743 3584; x_wconf 81' lang='grc' dir='ltr'>πρέποντα</span> <span class='ocrx_word' id='word_1_243' title='bbox 2778 3482 3038 3587; x_wconf 86' lang='grc' dir='ltr'>φύσει,</span> 
     </span>
     <span class='ocr_line' id='line_1_26' title="bbox 628 3601 3132 3712; baseline -0.001 -26"><span class='ocrx_word' id='word_1_244' title='bbox 628 3601 731 3704; x_wconf 87' lang='grc' dir='ltr'>μὴ</span> <span class='ocrx_word' id='word_1_245' title='bbox 782 3607 941 3710; x_wconf 80' lang='grc' dir='ltr'>οὐχὶ</span> <span class='ocrx_word' id='word_1_246' title='bbox 995 3602 1180 3683; x_wconf 77' lang='grc' dir='ltr'>κατὰ</span> <span class='ocrx_word' id='word_1_247' title='bbox 1229 3602 1459 3710; x_wconf 83' lang='grc' dir='ltr'>φύσιν</span> <span class='ocrx_word' id='word_1_248' title='bbox 1504 3601 1847 3707; x_wconf 83' lang='grc' dir='ltr'>ὑπάρχων</span> <span class='ocrx_word' id='word_1_249' title='bbox 1892 3607 2010 3684; x_wconf 82' lang='grc' dir='ltr'>καὶ</span> <span class='ocrx_word' id='word_1_250' title='bbox 2059 3605 2148 3712; x_wconf 80' lang='grc' dir='ltr'>ἐξ</span> <span class='ocrx_word' id='word_1_251' title='bbox 2192 3607 2436 3705; x_wconf 81' lang='grc' dir='ltr'>αὐτῆς.</span> <span class='ocrx_word' id='word_1_252' title='bbox 2515 3607 2636 3685; x_wconf 80' lang='grc' dir='ltr'>καὶ</span> <span class='ocrx_word' id='word_1_253' title='bbox 2687 3604 2824 3707; x_wconf 80' lang='grc' dir='ltr'>ὅρα</span> <span class='ocrx_word' id='word_1_254' title='bbox 2872 3613 3038 3704; x_wconf 86' lang='grc' dir='ltr'>μεθ’</span> <span class='ocrx_word' id='word_1_255' title='bbox 3069 3625 3132 3684; x_wconf 77' lang='lat'>²5</span> 
     </span>
     <span class='ocr_line' id='line_1_27' title="bbox 633 3725 3035 3835; baseline 0.001 -27"><span class='ocrx_word' id='word_1_256' title='bbox 633 3728 816 3828; x_wconf 82' lang='grc' dir='ltr'>ὅσης</span> <span class='ocrx_word' id='word_1_257' title='bbox 871 3727 1283 3831; x_wconf 86' lang='grc' dir='ltr'>ἀσφαλείας</span> <span class='ocrx_word' id='word_1_258' title='bbox 1333 3758 1410 3803; x_wconf 93' lang='grc' dir='ltr'>τε</span> <span class='ocrx_word' id='word_1_259' title='bbox 1464 3725 1646 3823; x_wconf 84' lang='grc' dir='ltr'>ὁμοῦ</span> <span class='ocrx_word' id='word_1_260' title='bbox 1705 3729 1822 3806; x_wconf 78' lang='grc' dir='ltr'>καὶ</span> <span class='ocrx_word' id='word_1_261' title='bbox 1879 3730 2221 3829; x_wconf 81' lang='grc' dir='ltr'>ἀληθείας</span> <span class='ocrx_word' id='word_1_262' title='bbox 2274 3728 2368 3810; x_wconf 79' lang='grc' dir='ltr'>τὰ</span> <span class='ocrx_word' id='word_1_263' title='bbox 2420 3727 2718 3810; x_wconf 77' lang='grc' dir='ltr'>τοιαῦτά</span> <span class='ocrx_word' id='word_1_264' title='bbox 2770 3736 3035 3835; x_wconf 87' lang='grc' dir='ltr'>φησιν.</span> 
     </span>
    </p>

    <p class='ocr_par' dir='ltr' id='par_1_9' title="bbox 565 3846 3129 4331">
     <span class='ocr_line' id='line_1_28' title="bbox 565 3846 3042 3960; baseline -0.001 -25"><span class='ocrx_word' id='word_1_265' title='bbox 565 3870 607 3935; x_wconf 86' lang='lat' dir='ltr'>d</span> <span class='ocrx_word' id='word_1_266' title='bbox 633 3855 716 3933; x_wconf 84' lang='grc' dir='ltr'>οὐ</span> <span class='ocrx_word' id='word_1_267' title='bbox 765 3850 912 3953; x_wconf 82' lang='grc' dir='ltr'>γὰρ</span> <span class='ocrx_word' id='word_1_268' title='bbox 960 3850 1048 3957; x_wconf 82' lang='grc' dir='ltr'>ἐξ</span> <span class='ocrx_word' id='word_1_269' title='bbox 1091 3847 1193 3928; x_wconf 82' lang='grc' dir='ltr'>ῶν</span> <span class='ocrx_word' id='word_1_270' title='bbox 1241 3846 1331 3928; x_wconf 80' lang='grc' dir='ltr'>ἂν</span> <span class='ocrx_word' id='word_1_271' title='bbox 1376 3848 1601 3949; x_wconf 81' lang='grc' dir='ltr'>λε’γοι,</span> <span class='ocrx_word' id='word_1_272' title='bbox 1640 3861 1996 3933; x_wconf 91' lang='grc' dir='ltr'>τοσοῦτον</span> <span class='ocrx_word' id='word_1_273' title='bbox 2032 3853 2231 3960; x_wconf 84' lang='grc' dir='ltr'>ἀξιοῖ</span> <span class='ocrx_word' id='word_1_274' title='bbox 2274 3852 2773 3950; x_wconf 88' lang='grc' dir='ltr'>πιστεύεσθαι,</span> <span class='ocrx_word' id='word_1_275' title='bbox 2810 3853 3042 3933; x_wconf 81' lang='grc' dir='ltr'>καίτοι</span> 
     </span>
     <span class='ocr_line' id='line_1_29' title="bbox 630 3971 3043 4084; baseline 0 -29"><span class='ocrx_word' id='word_1_276' title='bbox 630 3977 1034 4083; x_wconf 81' lang='grc' dir='ltr'>ψεύδεσθαι</span> <span class='ocrx_word' id='word_1_277' title='bbox 1095 3972 1196 4073; x_wconf 84' lang='grc' dir='ltr'>μὴ</span> <span class='ocrx_word' id='word_1_278' title='bbox 1263 3971 1485 4072; x_wconf 80' lang='grc' dir='ltr'>εἰδὼς,</span> <span class='ocrx_word' id='word_1_279' title='bbox 1542 3972 1727 4055; x_wconf 78' lang='grc' dir='ltr'>ὅσον</span> <span class='ocrx_word' id='word_1_280' title='bbox 1780 3977 1870 4084; x_wconf 80' lang='grc' dir='ltr'>ἐξ</span> <span class='ocrx_word' id='word_1_281' title='bbox 1929 3974 2032 4056; x_wconf 78' lang='grc' dir='ltr'>ῶν</span> <span class='ocrx_word' id='word_1_282' title='bbox 2091 3980 2370 4083; x_wconf 76' lang='grc' dir='ltr'>ἐνεργῇ.</span> <span class='ocrx_word' id='word_1_283' title='bbox 2470 3979 2587 4057; x_wconf 82' lang='grc' dir='ltr'>καὶ</span> <span class='ocrx_word' id='word_1_284' title='bbox 2648 3975 2765 4057; x_wconf 78' lang='grc' dir='ltr'>διὰ</span> <span class='ocrx_word' id='word_1_285' title='bbox 2823 3979 3043 4057; x_wconf 84' lang='grc' dir='ltr'>ποίαν</span> 
     </span>
     <span class='ocr_line' id='line_1_30' title="bbox 629 4095 3040 4205; baseline 0 -25"><span class='ocrx_word' id='word_1_286' title='bbox 629 4100 881 4195; x_wconf 76' lang='grc' dir='ltr'>αἰτίαν,</span> <span class='ocrx_word' id='word_1_287' title='bbox 919 4099 1076 4200; x_wconf 91' lang='grc' dir='ltr'>ε’ρῶ.</span> <span class='ocrx_word' id='word_1_288' title='bbox 1160 4095 1410 4201; x_wconf 89' lang='grc' dir='ltr'>λόγοις</span> <span class='ocrx_word' id='word_1_289' title='bbox 1461 4096 1595 4197; x_wconf 77' lang='grc' dir='ltr'>μὲν</span> <span class='ocrx_word' id='word_1_290' title='bbox 1647 4097 1792 4204; x_wconf 79' lang='grc' dir='ltr'>γὰρ</span> <span class='ocrx_word' id='word_1_291' title='bbox 1849 4103 1966 4180; x_wconf 79' lang='grc' dir='ltr'>καὶ</span> <span class='ocrx_word' id='word_1_292' title='bbox 2019 4099 2299 4205; x_wconf 84' lang='grc' dir='ltr'>ῥήμασι</span> <span class='ocrx_word' id='word_1_293' title='bbox 2354 4108 2502 4185; x_wconf 89' lang='grc' dir='ltr'>τοῖς</span> <span class='ocrx_word' id='word_1_294' title='bbox 2558 4101 3040 4204; x_wconf 76' lang='grc' dir='ltr'>θεοπρεπέα-ιν</span> 
     </span>
     <span class='ocr_line' id='line_1_31' title="bbox 628 4220 3129 4331; baseline 0.002 -29"><span class='ocrx_word' id='word_1_295' title='bbox 628 4225 1174 4329; x_wconf 86' lang='grc' dir='ltr'>ἀποκεχρῆσθαι</span> <span class='ocrx_word' id='word_1_296' title='bbox 1224 4220 1465 4326; x_wconf 86' lang='grc' dir='ltr'>τυχὸν,</span> <span class='ocrx_word' id='word_1_297' title='bbox 1504 4223 1628 4302; x_wconf 83' lang='grc' dir='ltr'>καί</span> <span class='ocrx_word' id='word_1_298' title='bbox 1670 4256 1741 4302; x_wconf 91' lang='grc' dir='ltr'>τι</span> <span class='ocrx_word' id='word_1_299' title='bbox 1793 4230 1940 4304; x_wconf 89' lang='grc' dir='ltr'>τῶν</span> <span class='ocrx_word' id='word_1_300' title='bbox 1973 4222 2504 4331; x_wconf 80' lang='grc' dir='ltr'>ῥιψοκινδύνων</span> <span class='ocrx_word' id='word_1_301' title='bbox 2539 4229 2784 4322; x_wconf 75' lang='grc' dir='ltr'>εἰπεῖν,</span> <span class='ocrx_word' id='word_1_302' title='bbox 2831 4227 3038 4330; x_wconf 86' lang='grc' dir='ltr'>ἀνδρὶ</span> <span class='ocrx_word' id='word_1_303' title='bbox 3063 4250 3129 4308; x_wconf 80' lang='lat'>30</span> 
     </span>
    </p>
   </div>
   <div class='ocr_carea' id='block_1_5' title="bbox 625 4461 3032 4607">
    <p class='ocr_par' dir='ltr' id='par_1_10' title="bbox 625 4461 3032 4607">
     <span class='ocr_line' id='line_1_32' title="bbox 696 4461 3032 4535; baseline 0.001 -20"><span class='ocrx_word' id='word_1_304' title='bbox 696 4481 750 4529; x_wconf 84' lang='lat'>4.</span> <span class='ocrx_word' id='word_1_305' title='bbox 792 4461 946 4517; x_wconf 80' lang='lat' dir='ltr'><strong>Forte</strong></span> <span class='ocrx_word' id='word_1_306' title='bbox 971 4461 1258 4518; x_wconf 85' lang='lat' dir='ltr'>delendum</span> <span class='ocrx_word' id='word_1_307' title='bbox 1283 4461 1356 4516; x_wconf 77' lang='grc' dir='ltr'>ἐν.</span> <span class='ocrx_word' id='word_1_308' title='bbox 1636 4475 1768 4530; x_wconf 83' lang='lat'><em>7-21</em></span> <span class='ocrx_word' id='word_1_309' title='bbox 1800 4463 1927 4518; x_wconf 78' lang='lat' dir='ltr'><strong>citat</strong></span> <span class='ocrx_word' id='word_1_310' title='bbox 1951 4482 2008 4535; x_wconf 88' lang='lat' dir='ltr'>p.</span> <span class='ocrx_word' id='word_1_311' title='bbox 2297 4482 2384 4519; x_wconf 82' lang='lat'>21.</span> <span class='ocrx_word' id='word_1_312' title='bbox 2421 4465 2478 4518; x_wconf 75' lang='grc' dir='ltr'>δὲ</span> <span class='ocrx_word' id='word_1_313' title='bbox 2505 4473 2846 4534; x_wconf 78' lang='lat' dir='ltr'><strong>assumptum</strong></span> <span class='ocrx_word' id='word_1_314' title='bbox 2875 4483 2940 4520; x_wconf 85' lang='lat' dir='ltr'>ex</span> <span class='ocrx_word' id='word_1_315' title='bbox 2970 4465 3032 4519; x_wconf 85' lang='lat' dir='ltr'>E.</span> 
     </span>
     <span class='ocr_line' id='line_1_33' title="bbox 625 4531 2679 4607; baseline 0.001 -21"><span class='ocrx_word' id='word_1_316' title='bbox 625 4531 771 4604; x_wconf 81' lang='grc' dir='ltr'>ε’μοί]</span> <span class='ocrx_word' id='word_1_317' title='bbox 807 4540 864 4598; x_wconf 80' lang='grc' dir='ltr'>-Ι-</span> <span class='ocrx_word' id='word_1_318' title='bbox 896 4534 1041 4589; x_wconf 79' lang='grc' dir='ltr'>ἐστιν</span> <span class='ocrx_word' id='word_1_319' title='bbox 1067 4552 1119 4604; x_wconf 86' lang='lat' dir='ltr'>p.</span> <span class='ocrx_word' id='word_1_320' title='bbox 1336 4548 1423 4587; x_wconf 80' lang='lat'>22.</span> <span class='ocrx_word' id='word_1_321' title='bbox 1461 4531 1760 4604; x_wconf 82' lang='grc' dir='ltr'>πιστεύετε]</span> <span class='ocrx_word' id='word_1_322' title='bbox 1797 4541 1852 4599; x_wconf 67' lang='grc'>-1-</span> <span class='ocrx_word' id='word_1_323' title='bbox 1882 4557 1973 4604; x_wconf 88' lang='grc' dir='ltr'>μοι</span> <span class='ocrx_word' id='word_1_324' title='bbox 2001 4535 2103 4590; x_wconf 88' lang='lat' dir='ltr'>Ed.</span> <span class='ocrx_word' id='word_1_325' title='bbox 2323 4553 2409 4605; x_wconf 86' lang='lat'>29.</span> <span class='ocrx_word' id='word_1_326' title='bbox 2446 4538 2589 4607; x_wconf 82' lang='grc' dir='ltr'>λόγῳ</span> <span class='ocrx_word' id='word_1_327' title='bbox 2617 4534 2679 4588; x_wconf 90' lang='grc' dir='ltr'>Ε.</span> 
     </span>
    </p>
   </div>
  </div>
 </body>
</html>
