3238 5158
619 351 750 416 656
1228 353 1307 417 B.
1355 352 1773 417 CYRILLI
1835 353 2424 419 ALEXANDR.
2764 353 2900 416 xvi.
2931 371 3040 438 33.

620 523 918 620 γνῶσιν.
973 517 1357 619 πεποίημαι
1392 517 1556 622 γὰρ,
1595 520 1806 624 φησί,
1848 522 1996 598 νυνὶ
2031 517 2214 620 πρὸς
2250 521 2430 617 ὑμᾶς
2469 513 2631 599 τοὺς
2670 517 3043 601 τοιούτους

623 638 910 741 λόγους,
957 642 1173 744 εἰρήνην
1216 640 1402 746 ἔχειν
1455 643 1515 722 ε’ν
1570 643 1714 749 ἐμοὶ
1772 647 2164 744 παραινῶν,
2204 647 2323 722 καὶ
2376 641 2462 721 ἵν’
2502 640 2798 740 εἰδείητε
2853 641 3040 742 πρὸς

566 810 602 853 0
625 763 854 871 τούτῳ
889 770 1152 869 σαφῶς
1202 763 1310 845 ὅτι
1353 764 1689 871 μοχθηρὰ
1724 765 1854 862 μὲν
1891 768 2057 864 ὑμῖν
2092 765 2185 846 τὰ
2222 768 2282 847 ἑν
2315 773 2409 874 τῷ
2450 769 2689 874 κόσμῳ
2725 766 3033 864 συμβή-

622 922 850 985 σεται,
900 891 1016 968 καὶ
1072 890 1424 996 θλίψεσιν
1479 889 1867 990 ὀμιλήσετε
1923 889 2009 970 δι’
2049 890 2172 988 ἐμὲ
2223 897 2561 972 πολλαῖς.
2642 888 2857 989 πλὴν
2902 893 3042 995 οὐχ

621 1011 1008 1093 ἁλώσεσθε
1043 1019 1190 1096 τοῖς
1228 1017 1500 1099 δεινοῖς·
1582 1011 1719 1117 ἐγὼ
1755 1012 1896 1116 γὰρ
1935 1017 2240 1108 νενίκηκα
2278 1012 2380 1095 τὶν
2417 1016 2690 1117 κόσμον.
3061 1041 3094 1101 5

731 1138 946 1216 Ἀλλ’
1004 1136 1122 1217 ἵνα
1175 1171 1298 1217 σοι
1336 1137 1576 1246 σαφὲς
1611 1137 1722 1217 ὅτι
1776 1138 2105 1237 μάλιστα
2158 1136 2445 1237 ποιήσω
2493 1137 2579 1216 τὸ
2627 1139 3034 1242 εἰρημένον,

621 1259 793 1365 φέρε
830 1257 919 1359 δὴ
952 1266 1241 1363 πρῶτον
1279 1260 1606 1365 λέγωμεν
1640 1264 1718 1341 τί
1751 1259 1836 1343 τὸ
1872 1262 2057 1367 ἔχειν
2092 1263 2294 1340 ἐστὶν
2331 1263 2551 1367 εἰρήνην
2587 1264 2648 1342 ἐν
2687 1267 3029 1372 Χριστῷ.

621 1385 661 1464 6
697 1382 827 1482 μὲν
871 1417 1015 1487 γαρ
1066 1385 1361 1484 κόσμος,
1398 1387 1557 1486 ἤτοι
1609 1392 1757 1466 τῶν
1806 1389 1882 1466 ἐν
1936 1383 2194 1493 κόσμῳ
2247 1384 2701 1489 πραγμάτων
2736 1390 2810 1466 οἰ
2860 1389 3028 1490 ε’ρα-

618 1542 813 1605 σται,
869 1506 1001 1608 τὴν
1054 1508 1187 1607 μὲν
1238 1506 1421 1610 πρὸς
1483 1506 1860 1610 ἀλλήλους
1922 1507 2205 1614 εἰρήνην
2258 1509 2802 1609 ἐπιτηδεύουσιν
2868 1510 3033 1591 ἄτθ’

621 1631 760 1729 ὅτε,
796 1630 996 1732 πλὴν
1032 1634 1116 1712 οὐ
1160 1630 1445 1718 πάντως
1497 1635 1574 1712 ἐν
1610 1639 1942 1742 Χριστῷ.
2025 1668 2176 1713 οιον
2212 1631 2385 1740 φέρε
2435 1638 2680 1730 εἰπεῖν,
2723 1639 2796 1714 οἶ
2849 1634 3038 1737 πρὸς
3063 1672 3129 1713 ιο

554 1781 599 1845 d
620 1754 749 1841 τὰς
802 1758 881 1837 ἐκ
938 1763 1086 1837 τῶν
1138 1755 1502 1856 σωμάτων
1554 1758 1978 1863 φιληδονίας
2032 1757 2335 1854 ἔκλυτοι,
2389 1763 2539 1841 τοῖς
2592 1756 3037 1859 ὁμοτρόποις

619 1884 760 1959 εἰσὶ
820 1878 937 1959 διὰ
991 1888 1204 1962 τοῦτο
1264 1883 1604 1987 φίλτατοι
1660 1884 1774 1962 καὶ
1829 1883 1998 1961 λίαν
2048 1881 2259 1981 ἡδεῖς·
2345 1882 2387 1960 6
2431 1878 2833 1985 χρημάτων
2887 1888 3038 1962 τῶν

620 1999 824 2082 οὖδεν
877 2005 1069 2112 αὐτῶ
1123 2004 1642 2108 προσηκόντων
1691 2009 2070 2106 ἐπιθυμῶν,
2115 2001 2456 2109 ὑπάρχων
2502 2038 2582 2084 τε
2638 2004 2757 2084 διὰ
2819 2015 3036 2086 τοῦτο

618 2127 1050 2229 πλεονέκτης
1102 2127 1149 2229 ἢ
1195 2131 1740 2228 κλεπτίστατος,
1789 2131 1952 2210 καθ’
2004 2126 2262 2230 ἡδονὴν
2316 2128 2524 2208 ε”σται
2575 2127 2874 2214 πάντως
2931 2132 3036 2238 τῷ

283 2280 376 2330 Sir.
399 2279 506 2330 xiii.
618 2247 750 2350 τὴν
804 2250 975 2351 ἴσην
1030 2254 1225 2360 αὐτῷ
1278 2255 1530 2333 κακίαν
1581 2254 2081 2354 ἐπιτηδεύοντι.
2170 2252 2605 2333 ““Έκαστον
2647 2251 2799 2355 γὰρ
2848 2253 3034 2360 ζῷον
3061 2287 3126 2346 15

290 2361 365 2411 ¹⁵'
389 2345 466 2398 ιδ’
620 2384 664 2422 “
619 2377 951 2546 αάγαπᾷ
985 2376 1070 2458 τὸ
1107 2376 1351 2475 ὅμοιον
1388 2380 1598 2486 αὐτῷ,
1636 2376 1819 2459 κατὰ
1853 2376 1937 2458 τὸ
1963 2375 2478 2480 γεγραμμένον,
2505 2380 2622 2455 καὶ
2657 2382 2765 2483 τῷ
2806 2379 3034 2487 ὁμοίῳ

642 2500 917 2581 ίαὐτοῦ
952 2500 1713 2655 προσκολληθήσεται
1767 2500 1969 2605 ἀνήρ.
1978 2502 2016 2529 ”
2092 2504 2268 2583 ἀλλ’
2308 2503 2382 2581 ἐν
2429 2500 2708 2584 τούτοις
2749 2535 3026 2598 απασι,

621 2623 703 2705 τὸ
758 2624 1031 2726 σεμνὸν
1084 2632 1212 2727 τῆς
1267 2627 1540 2730 εἰρήνης
1596 2626 1822 2727 ὄνομα
1884 2625 2381 2726 καπηλεύεται·
2456 2660 2576 2705 και
2637 2626 2928 2726 ἀληθὴς
2991 2631 3034 2707 6

620 2747 865 2853 λόγος·
946 2754 1063 2831 ε’πι
1117 2749 1196 2831 δὲ
1249 2758 1393 2831 τῶν
1443 2753 1669 2854 ἁγίων
1702 2753 1836 2855 οὐχ
1891 2786 2140 2835 ουτως.
2209 2751 2293 2830 οὐ
2334 2748 2479 2854 γάρ
2524 2750 2846 2852 ἁμαρτία
2901 2755 3036 2851 τῆς

619 2875 895 2975 εἰρήνης
931 2876 971 2954 6
1008 2876 1435 2975 σύνδεσμος,
1475 2875 1677 2955 ἀλλὰ
1723 2876 1989 2973 πίστις,
2024 2877 2250 2973 ἐλπὶς,
2288 2872 2534 2977 ἀγάπη
2579 2876 2699 2954 καὶ
2748 2878 2884 2974 τῆς
2935 2880 3034 2960 εἰς
3059 2907 3126 2947 ²0

563 3032 599 3076 e
622 2995 812 3079 Θεὸν
872 2998 1239 3094 εὐσεβείας
1309 3000 1354 3100 ἡ
1419 2999 1737 3099 δύναμις.
1845 3002 1963 3079 καὶ
2022 2998 2233 3079 τοῦτό
2292 3002 2495 3079 ε’στιν
2553 3000 2629 3078 ἐν
2685 3002 3026 3106 Χριστῷ.

620 3122 1014 3228 κεφάλαιον
1078 3124 1205 3203 οὖν
1263 3125 1432 3224 ἡμῖν
1499 3121 1791 3204 πάντων
1863 3131 2010 3203 τῶν
2082 3126 2380 3225 ἀγαθῶν
2442 3122 2488 3222 ἡ
2559 3124 2635 3201 ἐν
2711 3125 3032 3231 Χριστῷ

618 3247 933 3354 πέφηνεν
970 3246 1232 3350 εἰρήνη,
1282 3245 1415 3348 τὴν
1469 3252 1565 3333 εἰς
1623 3246 1997 3349 ἀλλήλους
2051 3246 2342 3350 ἀγάπην
2396 3243 2724 3353 ἀδελφὴν
2769 3243 3032 3351 ὥσπερ

284 3382 489 3498 ffiffio·
622 3371 781 3451 τινὰ
827 3372 1390 3474 συνεισάγουσα.
1465 3371 1735 3456 παντὸς
1769 3371 1845 3452 δὲ
1889 3381 2015 3453 τοῦ
2054 3371 2245 3452 θείου
2287 3370 2508 3469 νόμου
2540 3366 2673 3468 τὴν
2708 3369 3019 3473 πλήρω-

620 3529 746 3574 σιν
781 3497 964 3603 ἔχειν
1001 3498 1041 3575 6
1082 3503 1379 3582 Παῦλος
1414 3493 1546 3596 τὴν
1583 3496 1873 3598 ἀγάπην
1910 3496 2159 3602 φησίν.
2238 3494 2347 3576 ὅτι
2402 3493 2479 3574 δὲ
2530 3499 2679 3576 τοῖς
2721 3494 3026 3594 ἀγαπῶ·
3051 3524 3118 3581 ²5

620 3653 746 3699 σιν
799 3620 1171 3722 ἀλλήλους
1216 3621 1469 3727 ἕψεται
1518 3619 1608 3721 δὴ
1645 3618 1932 3706 πάντως
1986 3619 2070 3700 τὸ
2116 3622 2234 3700 καὶ
2280 3618 2497 3699 αὐτὸν
2532 3614 2675 3721 πρὸ
2724 3618 3027 3699 πάντων

284 3763 420 3881 3)ξαὶ
436 3763 512 3880 si‘v
618 3745 997 3846 ἀγαπῆσαι
1032 3742 1161 3824 τὸν
1197 3743 1408 3842 Θεὸν,
1446 3745 1573 3824 οὐκ
1610 3743 2045 3849 ἀμφίλογον,
2081 3740 2416 3823 Ἰωάννου
2452 3738 2793 3846 λέγοντος
2829 3743 2933 3825 ὧς
2967 3740 3034 3821 εἴ

289 3909 368 3946 20.
620 3902 729 3952 τις
776 3863 1153 3970 ἀγαπήσαι
1202 3864 1330 3948 τὸν
1377 3867 1730 3976 ἀδελφὸν,
1771 3865 1988 3949 αὐτὸν
2024 3866 2253 3970 δήπου
2305 3865 2594 3950 πάντως
2648 3864 3025 3968 ἀγαπήσει
3203 3850 3204 3929 ἰ

619 3989 748 4072 τὸν
785 3991 999 4074 Θεόν.

290 4135 423 4192 948
450 4134 529 4191 Δ.
560 4150 597 4191 a
731 4124 980 4219 Δηλοΐ
1017 4114 1093 4198 δὲ
1144 4114 1232 4216 δή
1276 4151 1347 4196 τι
1397 4119 1514 4198 καὶ
1560 4115 1646 4197 τὸ
1692 4116 1962 4220 ἕτερον,
2007 4120 2194 4224 φημὶ
2232 4114 2320 4216 δὴ
2354 4112 2580 4198 πάλιν
2614 4112 2701 4195 τό
2739 4111 3024 4227 Θλίψιν
3048 4159 3117 4218 30

622 4241 812 4342 ἔχετε
864 4240 925 4323 ἓν
974 4248 1068 4351 τῷ
1120 4241 1379 4351 κίσμῳ·
1464 4238 1673 4322 ἄλλα
1724 4238 2018 4350 θαρσεῖτε
2068 4238 2204 4343 ἐγῶ
2243 4243 2545 4333 νενίκηκα
2591 4239 2696 4321 τὶν
2737 4242 3020 4347 κὸσμον.

690 4554 742 4601 4.
780 4533 844 4589 δι’
869 4532 957 4603 ἐμέ
979 4532 1205 4589 πολλοῖς
1226 4530 1330 4587 hoc
1354 4531 1542 4588 ordine
1566 4532 1631 4587 E.
2285 4543 2337 4601 5.
2372 4531 2472 4603 γὰρ
2493 4539 2844 4602 assumptum
2869 4550 2938 4587 ex
2964 4533 3027 4589 E.

620 4618 669 4676 7.
706 4606 929 4677 λέγομεν
955 4603 1021 4659 Ε.
1452 4619 1532 4673 13.
1571 4602 1722 4657 offla·
1747 4602 1812 4657 E.
1836 4602 1994 4672 μηδὲν
2019 4599 2123 4656 Ed.
