3238 5158
603 314 738 380 408
1214 319 1295 384 B.
1341 319 1766 385 CYRILLI
1825 320 2408 387 ALEXANDR.
2709 318 2853 384 xiv.
2881 314 3030 403 5³⁶

272 501 450 554 Gula
465 517 515 566 4.
607 480 1266 584 ἀπηλλοτριῶσθαί
1310 490 1546 591 φησιν
1600 482 1747 565 ἀπὸ
1798 491 2135 589 Χριστοῦ
2188 489 2308 566 καὶ
2362 490 2491 587 τῆς
2545 483 2852 591 χάριτος
2912 485 3046 561 ἐκ·

605 610 877 699 πεσεῖν,
934 604 1051 685 διὰ
1112 615 1242 687 τοῦ
1298 611 1751 689 δικαιοῦσθαι
1813 617 2054 715 φιλεῖν
2107 613 2188 690 ἐκ
2246 607 2490 708 νόμου.
2592 608 2818 709 ονπερ
2890 603 3058 708 γὰρ

607 722 879 829 τρόπον
933 731 976 809 ὀ
1030 733 1159 831 τῆς
1212 732 1678 835 τετριμμένης
1741 765 1818 813 τε
1880 736 1999 813 καὶ
2063 733 2334 817 εὐθείας
2392 734 2760 814 ἐκπίπτων
2816 733 3045 827 ὁδοῦ,

611 847 703 928 τὰ
751 851 832 929 ἐκ
877 860 1008 932 τοῦ
1059 860 1489 935 πλανᾶσθαι
1542 854 1835 939 πάντως
1890 853 2388 956 ὑποστήσεται
2433 854 2712 955 βλάβη·
2775 857 3052 950 οὕτως,

545 982 590 1048 b
613 968 830 1072 οἶμαι,
866 979 983 1055 καὶ
1032 978 1168 1083 οὐχ
1216 977 1470 1081 ἑτέρως
1517 985 1584 1060 οὶ
1635 977 1769 1081 τὴν
1803 982 1879 1060 ἐν
1916 986 2225 1088 Χριστῷ
2261 980 2724 1080 δικαιοσύνην
2762 1014 3039 1079 παρω-
3077 1001 3120 1059 5

611 1094 934 1197 σάμενοι,
974 1103 1091 1181 καὶ
1128 1105 1257 1202 τῆς
1298 1104 1761 1206 εὖαγγελικῆς
1809 1105 2174 1188 πολιτείας
2223 1103 2357 1204 τὴν
2389 1104 2770 1184 παίδευσιν
2805 1104 2890 1181 ἐν
2929 1109 3048 1210 τῷ

609 1222 858 1320 μηδενὶ
911 1211 1319 1323 τεθειῖεότες,
1375 1225 1509 1327 τὴν
1561 1228 1711 1308 ἅνω
1766 1226 1990 1308 πόλιν
2043 1229 2174 1308 οὐκ
2232 1226 2569 1334 ὄψονται,
2622 1225 2804 1305 αλλ’
2866 1225 3048 1305 οὐδὲ

612 1350 762 1428 τοῖς
795 1346 1025 1447 ἁγίοις
1059 1348 1718 1451 συνδιαιτήσονται.
1802 1349 1970 1437 ὁδὸς
2015 1350 2162 1455 γὰρ
2212 1352 2258 1449 ἡ
2309 1350 2493 1455 πρὸς
2543 1359 2756 1430 τοῦτο
2806 1352 3037 1449 κομί-

612 1466 862 1571 ζουσα,
898 1468 1119 1571 μόνος
1154 1475 1356 1553 ἐστὶν
1392 1476 1433 1554 ὁ
1471 1472 1821 1578 Χριστός.

551 1742 796 1821 5ΛέΓει
849 1747 1031 1831 αὐτῷ
1082 1746 1325 1825 Θωμᾶς
1376 1748 1511 1815 Οὐκ
1565 1744 1841 1827 οἴδαμεν
1885 1752 2010 1815 ποῦ
2058 1750 2348 1831 finds-etc,
2385 1749 2493 1814 καί
2545 1748 2690 1815 πῶς
2739 1743 3038 1825 οἴδαμεν
3074 1759 3146 1799 ¹0

550 1880 589 1937 6
714 1869 834 1936 τι-ἰν
886 1869 1087 1955 ὁδόν;
1163 1874 1339 1950 λέπει
1402 1875 1585 1960 αὐτῷ
1650 1876 1688 1942 ὁ
1740 1876 2001 1942 Ἰησοῦς
2051 1873 2231 1949 'HJ-<h
2293 1871 2424 1951 εἰμι
2486 1875 2525 1939 ἡ
2584 1871 2740 1941 ὁδόο
2806 1874 2922 1938 καί
2991 1878 3024 1938 ἒ

712 1994 992 2060 ἀλήθεια
1048 1997 1156 2062 καί
1208 1998 1247 2063 ἡ
1304 2001 1455 2089 ζωή·
1525 1999 1744 2068 οὐδεὶς
1796 2000 2056 2090 ἔρχεται
2108 1999 2277 2090 πρὸς
2331 2001 2442 2067 τὸν
2487 2001 2771 2088 Πατέρα,
2816 1997 2876 2063 εἰ
2937 2001 3034 2077 μή

553 2131 590 2174 0
717 2117 791 2184 δι’
837 2120 1023 2197 ἐμοῦ.

722 2284 956 2363 Οὔπω
1040 2281 1428 2390 διαῤῥήδην
1502 2291 1723 2367 εἰπεῖν
1794 2283 2227 2387 ἐθελήσαντι
2301 2290 2406 2393 τῷ
2473 2290 2784 2393 Χριστῷ
2870 2295 3034 2373 τοῖς

609 2407 863 2487 ἑαυτοῦ
916 2415 1293 2509 μαθηταῖς,
1352 2409 1460 2492 ὅτι
1514 2414 1871 2505 βαδιεῖται
1923 2410 2107 2515 πρὸς
2159 2410 2295 2510 τὴν
2350 2410 2519 2509 ἄνω,
2577 2413 2694 2491 καὶ
2748 2413 3028 2511 ἀποδη-
3065 2443 3136 2503 15

608 2529 831 2632 μήσει
892 2533 1076 2636 πρὸς
1138 2531 1266 2614 τὸν
1320 2532 1636 2639 Πατέρα,
1691 2539 2234 2639 αἰνιγματωδῶς
2287 2533 2517 2638 γεμὴν
2570 2534 2671 2615 ἔτι
2728 2539 2846 2616 καὶ
2905 2536 3027 2616 διὰ

609 2663 919 2738 πολλῶν
954 2656 1344 2766 ἐμφάσεων
1380 2656 1464 2739 τὸ
1502 2666 1809 2762 πρᾶγμα
1848 2658 2299 2760 σημαίνοντι,
2342 2657 2840 2763 προσεκόμισε
2887 2659 3027 2759 τὴν

609 2789 868 2862 πεῦσιν
913 2783 954 2862 ὃ
1009 2781 1358 2883 μαθητής·
1424 2786 1696 2890 Θωμέἱς
1753 2783 1832 2865 δὲ
1887 2782 1978 2885 ἦν
2021 2783 2252 2868 οὗτος·
2315 2786 2432 2864 καὶ
2486 2785 3026 2864 συναναπλέκει

611 2903 773 2986 τινὰ
825 2906 1212 3010 λογισμὸν,
1267 2911 1653 3013 μονονουχὶ
1709 2910 1826 2988 καὶ
1882 2910 2018 3013 οὐχ
2075 2906 2330 2988 ἑκόντα
2393 2907 2634 3011 λε’γειν
2688 2909 3015 3011 ἐκβιαζό-

609 3064 842 3129 μενος,
891 3034 1011 3110 καὶ
1064 3029 1228 3112 ὅποι
1281 3030 1457 3114 ποτὲ
1511 3029 1965 3135 πορεύσεται,
2017 3035 2135 3112 καὶ
2192 3031 2277 3111 οὗ
2332 3034 2461 3132 τῆς
2515 3028 2921 3131 ἀποδημίας
2977 3033 3123 3131 ἦεο

542 3169 588 3235 d
614 3151 778 3239 ὁδὸς
831 3155 1295 3235 συντείνεται.
1402 3157 1487 3236 οὗ
1548 3154 1694 3261 γὰρ
1757 3155 1996 3257 ἴσμεν,
2052 3156 2221 3262 ἔφη,
2281 3157 2416 3236 ποῦ’
2477 3153 2806 3257 ὑπάγεις,
2868 3151 3022 3236 εἶτα

611 3276 761 3364 πῶς
797 3276 888 3358 ἂν
925 3280 1265 3380 εἰδείημεν
1299 3276 1407 3375 τῆν
1444 3275 1628 3377 ὄὸὅνς
1687 3283 1806 3359 καὶ
1844 3279 1926 3360 τὸ
1963 3277 2097 3378 μὲν
2132 3275 2435 3386 σφόδρα
2475 3279 2854 3382 περίεργον
2890 3288 3020 3359 τοῦ

607 3405 932 3501 μαθητοῦ
985 3401 1417 3506 παρελαύνει
1450 3403 1805 3507 Χριστός·
1886 3405 1970 3484 οὐ
2017 3400 2164 3505 γὰρ
2213 3402 2677 3506 ἀποκρίνεταί
2718 3436 2787 3482 τι
2837 3401 3019 3506 πρὸς

607 3521 786 3629 ὅπερ
822 3525 1080 3625 ηθελεν
1117 3526 1332 3610 αὐτος
1366 3528 1562 3626 ἀλλ’,
1602 3530 1825 3608 ἐκεῖνο
1872 3531 1962 3634 τῇ
2016 3527 2161 3635 ιδία
2209 3526 2480 3629 γνώσει
2516 3524 2866 3630 τηρήσας,
2903 3561 3018 3606 και

608 3654 831 3756 καιρῷ
868 3655 1162 3747 μᾶλλον
1198 3652 1479 3734 ἀναθεις
1515 3655 1618 3758 τῷ
1655 3650 2250 3759 πρεπωδεστέρῷ,
2290 3650 2791 3731 διεκκαλύπτει
2825 3686 3010 3804 χρη-
3044 3671 3114 3731 25

607 3772 864 3872 σίμως,
910 3806 1086 3876 οπερ
1140 3769 1232 3872 ἦν
1286 3775 1525 3858 αὐτοῖς
1579 3778 1969 3877 ἀναγκαῖον
2017 3782 2114 3860 εἷς
2167 3773 2515 3874 μάθησιν.
2589 3771 2730 3876 ἔγω
2782 3776 3018 3855 τοίνυν

609 3900 753 4002 εἰμί
804 3901 1113 4001 φησιν
1081 3936 1116 3993 η
1172 3891 1425 3996 ὅᾶἳς,’
1388 3932 1533 4001 εγω
1589 3902 1624 3995 ἡ
1678 3898 2062 3998 ἀλήθεια,’
2026 3934 2169 4002 εγω
2225 3902 2261 3993 ἦ
2317 3900 2468 4009 ζωή.
2550 3931 2667 3977 και
2721 3896 2831 3976 ὅτι
2888 3933 3017 3996 μεν

549 4048 586 4094 e
609 4020 887 4121 ἀληθὴς
934 4025 1099 4125 περὶ
1149 4021 1401 4103 ἑαυτοῦ
1451 4031 1680 4102 ταῦτα
1730 4023 1971 4126 λέγων
2007 4024 2046 4103 ὃ
2094 4022 2382 4126 Κύριος,
2422 4024 2646 4105 οὐδεὶς
2695 4019 2787 4101 ἂν
2822 4017 3015 4120 οἶμαι

608 4150 755 4224 τῶν
815 4144 895 4223 εὖ
961 4144 1422 4250 φρονούντων
1486 4145 1828 4252 ἐνδοιάσῃ
1895 4147 2213 4228 πώποτε·
2309 4144 2511 4246 πλὴν
2575 4147 2799 4225 ἐκεῖνο
2873 4148 3016 4224 δεῖν

611 4268 1109 4367 ὑπολαμβάνω
1146 4267 1451 4372 ζητῆσαι
1489 4275 1944 4376 φιλομαθῶς.
2021 4280 2151 4351 τοῦ
2188 4268 2332 4374 γὰρ
2375 4269 2465 4369 δὴ
2512 4266 2750 4374 χάριν,
2789 4269 3011 4347 καίτοι
3036 4292 3111 4350 30

686 4505 734 4544 1.
770 4488 855 4543 καὶ
877 4506 985 4545 om.
1013 4490 1077 4546 Ε.
1271 4504 1325 4560 7.
1360 4489 1552 4580 ὄψεται
1579 4491 1645 4547 Ε.
1844 4505 1929 4562 15.
1961 4493 2266 4559 βαδιοῦνται
2290 4490 2359 4546 Ε.
2560 4504 2646 4560 19.
2682 4487 2784 4559 οὐχ
2808 4504 2920 4542 om.
2945 4485 3009 4541 Ε.

610 4574 699 4631 29.
733 4558 793 4617 εὖ
813 4559 1147 4633 φρονούντων
1170 4559 1236 4618 Ε.
1262 4562 1655 4635 apponebam»
1678 4561 1783 4619 Ed.
