3238 5158
622 286 718 392 14'
1227 330 1303 395 B.
1352 329 1773 396 cYRILm
1834 329 2416 396 ALEXANDR.
2765 328 2899 394 viii.
2927 346 3041 414 23.

622 501 668 539 “
703 493 993 594 στηκὼς
1042 493 1343 577 ε’νῶπιον
1387 504 1517 577 τοῦ
1569 501 1786 594 Θεοῦ,
1823 500 1943 577 καὶ
1990 495 2420 596 ἀπεστάλην
2468 498 2797 594 λαλῆσαι
2849 489 3047 596 πρὸς

286 618 534 676 maxim.
625 626 671 664 ‘⁶
705 617 805 696 σε’
816 619 874 661 ·”
934 617 1256 700 Ἡσαΐου
1311 618 1386 700 δὲ
1440 617 1672 701 πάλιν
1726 619 1836 701 ὅτι
1881 630 1925 669 “
1954 617 2176 701 Εἶδον
2225 617 2353 700 τὸν
2394 618 2665 724 Κύρων
2715 616 3046 713 σαβαὼθ

287 754 425 810 505
442 752 521 809 A·
567 768 605 808 a
628 750 671 788 ‘⁶
707 740 1105 843 καθήμενον
1144 746 1259 825 ἐπὶ
1315 743 1578 848 θρόνου
1637 747 1936 852 ὑψηλοῦ
1990 747 2108 824 καὶ
2163 743 2584 848 ἐπηρμένου,
2634 747 2753 822 καὶ
2804 747 3043 842 Σερα-

626 875 668 912 “
706 871 882 973 φεὶμ
936 865 1392 968 εἱστήκεισαν
1445 867 1694 977 κύκλῳ
1749 869 2042 950 αὑτοῦ.”
2120 869 2239 948 καὶ
2296 867 2380 947 τό
2437 900 2521 971 γε
2575 863 3035 973 παράδοξον,

621 987 750 1069 τὸν
785 990 966 1071 Υὶὸν
1001 993 1042 1071 5
1086 991 1466 1100 προφήτης
1514 996 1921 1091 κατεθεᾶτο,
1958 995 2077 1073 καὶ
2121 991 2394 1094 Κύριον
2431 989 2649 1071 αὑτὸν
2685 987 3041 1071 ἀπεκάλει
3074 1015 3117 1076 5

591 1112 956 1212 «σαβαὼθ,
994 1117 1112 1194 καὶ
1159 1117 1234 1195 ἐν
1281 1117 1651 1212 βασιλέως
1706 1114 1909 1223 τάξει
1963 1115 2587 1224 δορυφορούμενον
2629 1111 2831 1216 παρὰ
2883 1118 3041 1192 τῶν

624 1237 964 1318 ἀνωτάτω
1027 1237 1393 1337 δυνάμεων
1446 1239 1784 1348 εἰσφέρει.
1867 1239 1978 1321 ὅτι
2046 1238 2123 1320 δὲ
2186 1238 2320 1340 τὴν
2375 1247 2504 1320 τοῦ
2563 1244 3043 1339 Μονογενοῦς

626 1361 848 1469 δόξαν
886 1368 1264 1444 κατεθεᾶτο
1312 1369 1597 1470 σαφῶς,
1634 1362 2080 1467 μαρτυρήσει
2128 1362 2368 1466 λέγων
2406 1365 2446 1444 5
2496 1358 2736 1469 σοφὸς
2771 1360 3031 1442 Ἰωάν-

629 1520 752 1586 νης
812 1497 854 1535 “
892 1493 1141 1568 Ταῦτα
1200 1487 1276 1569 δὲ
1331 1485 1525 1569 εἶπεν
1571 1487 1893 1572 Ἡσαΐας
1959 1487 2070 1568 ὅτι
2125 1483 2260 1568 εἶδε
2317 1487 2450 1587 τὴν
2506 1485 2731 1594 δόξαν
2781 1486 3036 1567 αὑτοῦ*

628 1623 671 1658 “
708 1612 825 1691 καὶ
882 1612 1207 1711 ἐλάλησε
1262 1617 1427 1716 περὶ
1482 1613 1772 1692 αὑτοῦ.”
1840 1611 2068 1693 διάτοι
2119 1619 2333 1692 τοῦτο
2384 1612 2502 1691 καὶ
2552 1611 2592 1689 5
2643 1609 3041 1694 θεσπέσιος
3078 1642 3159 1683 ιο

632 1741 934 1821 Παῦλος
983 1736 1129 1816 ἀπό
1178 1769 1258 1816 τε
1307 1744 1436 1816 τοῦ
1485 1735 1937 1838 συνεδρεύειν
1981 1734 2200 1816 αὑτὸν
2232 1736 2337 1843 τῷ
2373 1740 2545 1843 Θεῷ
2590 1737 2707 1815 καὶ
2759 1736 3036 1837 Πατρὶ,

564 1870 609 1935 b
632 1862 749 1938 καὶ
788 1857 933 1939 ἀπὸ
985 1867 1112 1940 τοῦ
1159 1864 1560 1959 κεκλῆσθαι
1609 1858 1795 1940 κατὰ
1846 1860 2077 1967 φύσιν
2115 1858 2317 1957 Υὶὸν,
2357 1863 2455 1945 εἶς
2504 1854 3043 1963 ἀκριβεστάτην

632 1980 1013 2088 ἐρχόμενος
1085 1992 1216 2064 τοῦ
1288 1984 1694 2089 μυστηρίου
1767 1983 2210 2090 κατάληψιν,
2271 1985 2392 2064 καὶ
2464 1987 2593 2082 τῆς
2666 1984 2773 2064 ἐπ’
2842 1982 3043 2089 αὐτῷ

295 2121 479 2175 Eeb-¹-
495 2134 543 2187 ε·
631 2108 928 2210 θεωρίας
980 2107 1379 2211 συλλέγων
1433 2106 1566 2208 τὴν
1621 2115 1902 2211 γνῶσιν
1949 2118 1993 2156 “
2019 2108 2183 2188 Τι’νι
2237 2105 2383 2211 γὰρ
2437 2104 2598 2188 εἶπέ
2644 2112 2836 2213 φησι
2889 2110 3043 2186 τῶν

583 2240 675 2279 ‘⁶‘
713 2228 1052 2333 ἀγγέλων
1113 2232 1300 2314 ποτέ
1367 2230 1544 2316 Υἱός
1617 2267 1759 2330 μου
1831 2228 1900 2310 εἶ
1967 2230 2069 2312 σύ
2087 2232 2130 2260 ”
2199 2233 2241 2311 5
2310 2229 2498 2316 Θεὸς
2564 2229 2842 2332 δηλαδὴ
2917 2232 3040 2309 καὶ
3076 2261 3153 2322 15

634 2351 920 2458 Πατὴρ,
962 2366 1008 2403 “
1033 2354 1175 2458 ἐγὼ
1230 2355 1554 2460 σήμερον
1600 2354 1994 2458 γεγέννηκά
2048 2389 2136 2434 σε
2158 2356 2231 2453 ;”
2290 2357 2366 2436 ε’ν
2415 2353 2562 2458 γὰρ
2617 2356 2720 2464 τῷ
2775 2353 3043 2455 Γεγέν-

636 2512 838 2578 νηκα,
875 2477 959 2558 τὸ
996 2480 1219 2586 φύσει
1257 2476 1448 2559 Θεὸν
1485 2477 1832 2585 ὑπάρχειν
1867 2482 1944 2560 ἐκ
1984 2484 2176 2560 Θεοῦ
2213 2476 2341 2560 τὸν
2376 2478 2558 2560 Υὶὸν
2592 2478 3038 2581 σημαίνεται.

298 2618 479 2681 Ib·13·
637 2605 755 2682 καὶ
817 2601 1043 2683 πάλιν
1102 2614 1148 2651 “
1182 2604 1347 2684 Τίνι
1409 2603 1485 2684 δὲ
1550 2601 1743 2685 εἶπέν
1801 2639 1980 2686 ποτε
2041 2611 2185 2685 τῶν
2246 2602 2588 2706 ἀγγέλων
2647 2600 2900 2684 Κάθου
2960 2604 3043 2683 ἐκ

637 2738 680 2775 “
720 2728 975 2834 δεξιῶν
1010 2762 1150 2827 μου
1175 2729 1243 2826 ;”
1285 2730 1402 2809 καὶ
1440 2728 1523 2808 οὐ
1560 2726 1794 2828 δήπου
1828 2727 1920 2809 τὰ
1952 2736 2247 2809 τοιαῦτα
2283 2729 2545 2830 λέγων,
2574 2726 2619 2830 ἢ
2658 2731 2756 2812 ὡς
2792 2724 3042 2806 ἄδικόν

633 2886 704 2933 τι
749 2856 927 2957 δρᾶν
960 2850 1258 2934 εἰωθότα
1295 2859 1737 2933 καταιτιᾶται
1772 2850 1901 2933 τὸν
1938 2851 2130 2933 Θεὸν
2166 2855 2280 2933 καὶ
2321 2850 2634 2956 Πατέρα,
2672 2850 2718 2952 ἢ
2765 2855 2863 2934 ὡς
2906 2849 3041 2951 τὴν
3071 2889 3154 2932 20

575 3006 612 3050 ο
632 2982 778 3056 τῶν
831 2976 1171 3080 ἀγγέλων
1225 2974 1661 3080 ἀτιμάζοντα
1721 2977 1970 3084 φύσιν,
2027 2976 2146 3056 ὅτε
2205 2983 2354 3061 τοῖς
2413 2976 2760 3079 δευτέροις
2816 2973 3042 3076 αὐτὴν

631 3100 817 3203 ἔγνω
853 3108 1067 3199 τιμᾶν
1103 3099 1306 3204 παρὰ
1339 3100 1468 3181 τὸν
1495 3098 1706 3181 Υὶόν·
1765 3101 1844 3181 τί
1871 3099 2016 3205 γὰρ
2052 3097 2141 3200 δὴ
2177 3097 2262 3181 τὸ
2300 3099 2721 3199 διακωλύον,
2759 3103 2907 3202 ἐρεῖ
2933 3133 3044 3183 τις

630 3223 872 3328 τυχὸν,
901 3225 1186 3329 ἐπείπερ
1224 3224 1383 3303 ἐστὶ
1419 3226 1687 3309 δίκαιος
1725 3227 1842 3304 καὶ
1878 3222 2152 3327 ἀγαθὸς
2187 3226 2228 3305 5
2267 3223 2455 3310 Θεός
2490 3256 2567 3306 τε
2604 3228 2723 3305 καὶ
2757 3220 3040 3327 Πατὴρ,

633 3345 985 3450 σύνεδρον
1022 3348 1250 3455 ἑαυτῷ
1286 3350 1404 3427 καὶ
1439 3346 1572 3448 τὴν
1607 3354 1756 3428 τῶν
1793 3346 2131 3451 ἀγγέλων
2165 3353 2529 3431 ποιεῖσθαι
2564 3347 2816 3456 φύσιν,
2845 3346 3041 3450 εἴπερ

633 3471 835 3550 ἐστὶν
872 3469 1052 3551 ὅλον
1086 3473 1163 3555 ἐν
1198 3478 1518 3573 γενητοῖς
1569 3472 1610 3551 5
1649 3469 1827 3556 Υἱὸς
1877 3478 1995 3552 καὶ
2046 3471 2395 3577 ὁμογενὴς
2445 3473 2684 3559 αὐτοῖς
2725 3470 2911 3553 κατά
2954 3504 3040 3574 γε
3072 3508 3103 3548 2
3111 3503 3154 3565 5

633 3593 763 3675 τὸν
813 3602 942 3675 τοῦ
997 3599 1436 3695 πεποιῆσθαι
1491 3594 1741 3697 λόγον,
1789 3593 1924 3676 κάν
1976 3597 2356 3702 ὑπεροχαῖς
2406 3630 2599 3678 τισιν
2643 3595 2911 3701 ἑτέραις
2955 3592 3040 3676 τὸ

634 3715 796 3799 ἐνὸν
869 3719 1108 3804 αὑτοῖς
1181 3725 1576 3825 πλεονεκτῇ
1652 3718 1936 3823 με’τρον,
2011 3718 2262 3824 ὥσπερ
2336 3722 2463 3800 οὖν
2535 3721 2722 3821 ἡμᾶς
2794 3723 3041 3801 ἐκεῖνοι

634 3841 880 3948 τυχόν.
982 3845 1153 3923 ἀλλ’
1220 3845 1348 3924 οὑκ
1412 3843 1657 3930 ἄδικος
1720 3844 1761 3923 5
1821 3841 2007 3929 Θεὸς
2070 3846 2187 3925 καὶ
2249 3840 2530 3948 Πατὴρ,
2592 3845 2632 3923 5
2701 3851 2849 3929 τοῖς
2911 3843 3043 3943 μὲν

569 3977 614 4042 d
636 3964 976 4068 ἀγγέλοις
1023 3964 1474 4071 παρεστάναι
1527 3966 1860 4066 κελεύων,
1897 3969 2013 4048 καὶ
2066 3975 2279 4049 τοῦτο
2334 3966 2569 4053 διδοὺς
2620 3973 2711 4074 τῇ
2761 3969 3042 4048 ἐκείνων

637 4089 860 4198 φύσει
896 4088 982 4171 τὸ
1019 4091 1306 4199 ἀξίωμα
1341 4090 1693 4195 σύνεδρον
1727 4089 1911 4196 ἔχων
1944 4090 2072 4173 τὸν
2109 4091 2288 4172 ἴδιον
2325 4090 2529 4191 Υἱὸν,
2568 4092 2852 4195 ἐπείπερ
2896 4088 3040 4173 οἶδε
3069 4119 3153 4176 30

634 4214 822 4297 κατὰ
858 4215 1089 4321 φύσιν
1125 4213 1302 4296 ὄντα
1338 4214 1548 4315 Θεὸν,
1588 4218 1706 4297 καὶ
1760 4217 1888 4297 οὑκ
1939 4214 2332 4321 ἀλλότριον
2367 4220 2495 4317 τῆς
2538 4217 2787 4301 οὐσίας
2823 4217 3042 4298 αὑτοῦ

291 1479 537 1529 Infraxii.

709 4428 763 4482 9.
798 4409 881 4466 ὅτι
910 4410 976 4468 Β.
1002 4409 1087 4467 ὅτε
1114 4410 1220 4468 Ed.
1454 4423 1538 4480 15.
1574 4410 1709 4466 ποτέ
1729 4414 2073 4482 assumptum
2097 4429 2163 4467 ex
2191 4411 2256 4466 Β.
2490 4426 2576 4466 22.
2615 4410 2679 4481 δὴ
2703 4418 3039 4482 assumptum

634 4504 797 4633 eEde.
1177 4521 1259 4580 25.
1298 4505 1425 4563 ὅλον
1448 4507 1504 4563 ἐν
1528 4506 1691 4564 edidi.
1717 4496 1871 4564 ὁλονεν
1898 4507 1962 4562 Β.
1986 4504 2122 4565 ὅλως
2146 4507 2202 4564 ἔν
2228 4505 2411 4565 Holst.
2435 4506 2560 4565 ὅλος
2584 4508 2641 4564 ἐν
2666 4507 2770 4563 Ed.
2793 4527 2884 4580 γρ.
2909 4505 3042 4566 ὅλως

727 4617 743 4633 .
767 4594 878 4651 mg.
