3238 5158
270 314 406 380 viii.
437 337 540 385 21.
633 318 747 383 IN
810 318 877 383 S.
926 316 1437 383 JOANNEM.
1529 316 1721 381 LIB.
1757 317 1838 380 V.
1930 317 2137 382 CAP.
2185 317 2318 383 111.
2642 321 2682 382 '7

271 479 402 560 τὸν
436 480 712 561 ἄνωθεν
748 482 1015 582 ἥκοντα
1062 481 1164 581 μὴ
1214 480 1809 587 παραδεξάμενοι,
1850 486 2004 564 πῶς
2051 480 2141 560 ἂν
2180 466 2304 561 καὶ
2353 478 2684 561 δύναιντο

274 611 831 684 κατακολουθεῖν
872 604 1055 706 πρὸς
1107 603 1201 683 τὰ
1255 604 1403 684 ἄνω
1458 604 1868 706 βαδίζοντις
1929 608 2151 702 διπλῆ
2207 638 2313 687 τις
2370 604 2496 683 οὖν
2542 604 2685 706 ἄρα

272 729 434 806 ἐστὶ
482 736 629 813 τοῖς
665 731 1097 809 ἀπειθοῦσιν
1133 727 1177 826 ἡ
1217 724 1545 823 κόλασις,
1582 730 1700 806 καὶ
1752 726 1881 806 οὐκ
1931 728 2005 806 ἐν
2043 727 2308 810 ἁπλοῖς
2355 761 2508 806 τισι
2556 732 2683 827 τῆς

273 848 527 951 ζημίας
592 853 633 931 5
696 850 942 952 λόγος.
1040 849 1260 952 ὅνπερ
1314 848 1458 952 γὰρ
1514 848 1786 952 τρόπον
1841 856 1989 932 τοῖς
2054 850 2427 957 ἀρ’ῥωστίᾳ
2483 885 2682 953 περι-

207 996 245 1056 5
274 983 590 1055 πεσοῦσι
641 979 1018 1079 σωματικῇ
1073 980 1469 1073 τληπαθεῖν
1518 969 1799 1074 ἀνάγκη
1855 971 2119 1053 λοιπὸν
2168 976 2286 1053 καὶ
2341 973 2435 1053 τὰ
2489 972 2683 1054 δεινὰ

273 1105 404 1177 τοῦ
455 1097 734 1182 πάθους
779 1095 1160 1204 ὑποφέρειν
1207 1095 1621 1198 ἀλγήματα,
1669 1099 1787 1176 καὶ
1840 1094 2024 1198 πρὸς
2078 1096 2308 1204 τούτῳ
2363 1100 2482 1177 καὶ
2536 1105 2684 1178 τῶν

272 1224 402 1320 τῆς
442 1221 678 1323 ὑγείας
713 1226 1130 1324 στερεῖσθαι
1179 1227 1451 1298 καλῶν·
1522 1221 1749 1304 οὕτως
1798 1216 2013 1318 οἶμαι,
2053 1222 2170 1309 καὶ
2223 1221 2357 1324 οὐχ
2405 1222 2679 1324 ἑτέρως,

274 1341 442 1429 τοὺς
479 1340 925 1444 ἐληλακότας
974 1349 1070 1426 εἷς
1122 1339 1317 1449 ᾅδου,
1358 1346 1473 1422 καὶ
1526 1343 1727 1442 δίκην
1762 1344 1908 1424 ἐκεῖ
1949 1342 2479 1445 πραττομένους
2526 1353 2681 1430 ταῖς
2704 1376 2740 1420 e

274 1469 654 1570 ἁμαρτίαις
709 1466 1115 1571 ὶσόμετρον,
1176 1468 1293 1546 καὶ
1357 1464 1488 1567 τὴν
1543 1469 1621 1546 ἐκ
1685 1471 1812 1566 τῆς
1877 1465 2250 1551 κολάσεως
2316 1467 2682 1568 ὑπομένειν

173 1622 249 1662 10
275 1590 691 1698 συμφορὰν,
731 1594 850 1670 καὶ
898 1595 1025 1690 τῆς
1073 1597 1219 1669 τῶν
1257 1591 1483 1691 ἁγίων
1519 1592 1813 1675 ἐλπίδος
1860 1592 2285 1694 ζημιοῦσθαι
2320 1590 2453 1691 τὴν
2489 1590 2676 1673 ἀπό-

275 1726 567 1795 λαυσιν.
643 1713 910 1817 ἄριστα
961 1714 1199 1793 τοίνυν
1243 1716 1283 1794 5
1335 1714 1601 1816 Κύριος
1648 1715 1851 1813 ἡμῶν
1886 1716 2173 1814 Ἰησοῦς
2227 1715 2268 1793 5
2322 1712 2676 1817 Χριστὸς,

275 1840 412 1943 οὐχ
465 1839 577 1917 ὅτι
625 1845 781 1923 ταῖς
830 1840 1100 1917 ἑαυτῶν
1150 1838 1525 1940 ἁμαρτίαις
1570 1840 2175 1918 ἐναποθανοῦνται
2225 1836 2470 1937 μόνον,
2508 1839 2678 1918 ἀλλ

276 1997 388 2042 οτι
421 1963 537 2041 καὶ
573 1959 757 2063 πρὸς
792 1959 920 2045 τὰς
964 1996 1113 2040 ανω
1162 1960 1385 2060 μονὰς
1432 1962 1559 2040 οὐκ
1615 1961 2120 2062 ἀναβήσονταί
2164 1968 2377 2066 φησι·
2446 1964 2683 2067 διπλῷ

273 2084 420 2188 γὰρ
458 2081 708 2188 ὥσπερ
745 2082 998 2167 αὐτοὺς
1033 2083 1449 2184 καταδήσας
1486 2085 1813 2192 σχοινίῳ,
1847 2088 1976 2184 τῆς
2014 2084 2315 2184 ἐνούσης
2352 2087 2673 2180 δυσβου-

167 2233 248 2293 15
276 2208 443 2293 λίας
478 2208 796 2314 ἐξέλκειν
822 2208 1194 2309 ἐπείγεται.
1242 2205 1698 2311 πανταχόθεν
1724 2206 2118 2311 ἀνασώζων
2144 2204 2227 2287 τὸ
2266 2205 2678 2299 ἀπολωλὸς,

274 2333 396 2411 καὶ
448 2335 922 2431 καταδεσμῶν
966 2329 1051 2411 τὸ
1102 2331 1723 2433 συντετριμμένον,
1761 2334 1878 2410 καὶ
1928 2335 2252 2432 ἀνορθῶν
2288 2330 2371 2411 τὸ
2423 2333 2678 2436 κατεῤ-

272 2455 655 2559 ῥαγμένον·
722 2463 954 2535 ταῦτα
1001 2453 1147 2558 γὰρ
1202 2452 1292 2554 ἦν
1340 2452 1676 2554 ποιμένος
1731 2458 2027 2558 ἀγαθοῦ,
2079 2458 2196 2534 καὶ
2251 2452 2384 2555 τὴν
2432 2452 2684 2561 ψυχὴν

275 2577 454 2683 ὑπερ
491 2585 618 2681 τῆς
658 2587 801 2659 τῶν
833 2578 1225 2683 προβάτων
1264 2581 1626 2680 σωτηρίας
1664 2575 2211 2664 ἀντιδιδόντος“
2178 2578 2495 2677 ετοίμως·
2535 2587 2681 2664 τοῖς
2706 2620 2742 2659 a
2798 2604 3023 2661 501Δ.

274 2702 408 2801 μὲν
458 2706 677 2784 αὐτοῦ
727 2710 1080 2804 μαθηταις
1138 2703 1621 2804 ἐπηγγείλατο
1678 2702 1913 2804 λέγων
1951 2713 1996 2750 “
2026 2702 2520 2805 Πορεύσομαι,
2564 2707 2682 2782 καὶ
2773 2705 2943 2828 Εξζ
2963 2784 3009 2833 ³·

165 2863 249 2905 πο
276 2839 324 2876 “
360 2828 720 2927 ἑτοιμάσω
780 2828 1003 2908 τόπον
1059 2830 1243 2925 ὑμῖν,
1299 2828 1419 2906 καὶ
1475 2825 1704 2906 πάλιν
1758 2826 1916 2932 ἥξω
1972 2829 2089 2905 καὶ
2145 2829 2682 2932 παραλήψομαι

275 2963 324 3002 “
363 2955 542 3052 ὑμᾶς
596 2953 746 3051 μετ’
803 2953 1169 3049 ἐμαυτοῦ,”
1222 2949 1547 3048 βάσιμον
1603 2949 1901 3029 ἔσεσθαι
1965 2947 2231 3033 δεικνὺς
2290 2954 2407 3029 καὶ
2465 2946 2682 3029 αὐτὸν

276 3083 426 3160 τοῖς
485 3076 715 3177 ἁγίοις
772 3075 899 3155 τὸν
959 3073 1283 3179 οὐρανὸν,
1340 3078 1458 3153 καὶ
1520 3071 1654 3156 τὰς
1719 3072 1869 3152 ἅνω
1929 3071 2155 3172 μονάς
2211 3072 2685 3177 ηὐτρεπίσθαι

276 3198 643 3280 διδάσκων
678 3207 829 3283 τοῖς
877 3202 1263 3301 ἀγαπῶσιν
1299 3194 1538 3276 αὐτόν·
1603 3204 1753 3280 τοῖς
1803 3194 2034 3298 γεμὴν
2071 3199 2382 3277 ἀπειθεῖν
2426 3194 2678 3293 ἑλομέ-

278 3357 427 3408 νοις
483 3324 697 3429 αὐτῷ,
749 3325 1030 3406 δικαίως
1085 3356 1164 3401 τε
1220 3323 1337 3400 καὶ
1394 3321 1800 3423 ἀναγκαίως
1857 3324 2108 3426 φησὶν,
2162 3319 2274 3400 ὅτι
2329 3319 2492 3400 ’ὅπου
2550 3317 2686 3423 ἐγὼ

168 3470 247 3529 25
277 3442 536 3549 ὑπάγω
573 3451 762 3552 ὑμεῖς
801 3451 870 3526 οὐ
905 3441 1175 3526 δύναισθε
1213 3442 1431 3525 ἐλθεῖν.
1509 3445 1614 3529 τίς
1651 3443 1797 3548 γὰρ
1834 3444 1922 3523 ἂν
1961 3444 2151 3528 ὅλως
2189 3441 2685 3543 ἀκολουθήσαι

275 3570 454 3651 ποτὲ
508 3576 611 3678 τῷ
664 3570 994 3676 παναγίῳ
1039 3574 1345 3676 Χριστῷ
1401 3566 1527 3648 τὸν
1573 3567 1692 3648 διὰ
1745 3569 2059 3652 πίστεως
2112 3569 2241 3648 οὐκ
2294 3565 2687 3669 ἀγαπήσας

277 3692 779 3796 καθαρισμόνς
847 3691 891 3794 ἢ
948 3691 1132 3773 κατὰ
1185 3693 1346 3772 τίνα
1400 3691 1671 3795 τρόπον
1721 3693 1762 3770 5
1812 3691 2360 3791 μεμολυσμένος
2410 3690 2530 3787 ἔτι,
2570 3693 2685 3770 καὶ
2711 3707 2754 3771 b

280 3818 408 3898 τὸν
464 3821 542 3898 ἐκ
594 3824 742 3898 τῶν
797 3817 992 3898 ἰδίων
1046 3821 1301 3898 παθῶν
1356 3818 1485 3897 οὐκ
1541 3814 2130 3919 ἀποτριψάμενος
2187 3814 2437 3920 ῥύπον,
2495 3848 2681 3895 συν·

281 3942 485 4022 ἔσται
522 3945 627 4051 τῷ
664 3939 1158 4049 φιλανθρώπῳ
1197 3938 1546 4045 Δεσπότῃ
1575 3973 1597 4037 ;
1662 3950 1704 3987 “
1733 3938 1866 4023 Τίς
1911 3939 2237 4019 κοινωνία
2280 3941 2469 4044 φωτὶ
2504 3937 2687 4040 πρὸς
2781 3937 2940 4067 23⁰³·
2959 3936 3025 3984 vi.

173 4096 254 4154 30
283 4076 330 4115 ‘⁶
364 4063 691 4162 σκότος,”
733 4061 917 4145 κατὰ
951 4062 1086 4164 τὴν
1123 4073 1253 4145 τοῦ
1293 4063 1599 4144 Παύλου
1637 4062 1937 4169 φωνήν;
2000 4058 2194 4161 οἶμαι
2245 4059 2388 4165 γάρ
2443 4062 2687 4164 ἁγίους

357 4352 407 4389 2.
458 4332 879 4405 κατακολουθεῖν]
914 4341 970 4398 4
1000 4338 1072 4407 τῷ
1114 4334 1449 4389 Holstenius.
1488 4333 1590 4388 Ed.
1622 4334 1803 4389 invitis
1839 4333 1901 4388 Β.
1905 4351 1954 4388 a.
2096 4332 2163 4386 τὰ
2194 4349 2244 4387 a.
2274 4331 2372 4388 Ht.
2401 4331 2503 4387 Ed.
2533 4335 2594 4387 τὸ
2623 4333 2686 4389 Β.

282 4405 335 4461 6.
375 4407 508 4487 πρὸς
530 4403 721 4480 τούτῳ]
748 4406 977 4476 πρὸσεπι
948 4403 1131 4530 affro
1155 4405 1376 4475 προσέτι
1392 4404 1489 4476 (?)]
1519 4408 1674 4458 τοῦτο
1700 4404 1767 4459 Β.
1792 4406 1922 4474 πρὸς
1954 4403 2040 4458 ἐπὶ
2076 4401 2242 4492 τούτῳ
2273 4403 2368 4458 Ht.
2396 4403 2541 4459 unde
2570 4422 2688 4459 eor-

285 4477 419 4530 rexit
445 4476 591 4530 Aub.
1054 4485 1076 4529 t
1117 4485 1458 4546 assumptum
1484 4493 1550 4529 ex
1582 4473 1645 4529 Β.
1886 4491 1972 4529 21.
2010 4472 2206 4530 δεικνὺς
2230 4474 2312 4529 καὶ
2342 4473 2404 4528 Β.
2432 4474 2690 4530 δείκνυσιν

287 4546 384 4601 Ht.
414 4544 518 4601 Ed.
