3238 5158
212 346 375 413 xvii.
408 349 506 425 16,
543 363 638 431 17.
706 348 821 414 IN
882 349 947 415 S.
997 349 1506 415 JOANNEM.
1600 350 1789 415 LIB.
1839 349 1959 415 XI.
2053 350 2257 415 CAP.
2293 351 2412 415 IX.
2508 352 2633 416 713

212 511 583 612 κουργίαις
629 511 1245 617 ὡτοχειμάζὲσθαι,
1281 516 1577 616 προσίοι
1614 548 1693 593 τε
1733 513 1906 616 ὑπὲρ
1945 514 2166 614 ἡμῶν,
2206 515 2390 595 κατά
2425 551 2505 618 γε
2544 514 2630 596 τὸ
2657 546 2692 587 c

208 635 493 734 πρέπον
525 636 618 740 τῇ
664 636 988 743 μεσιτείᾳ
1041 641 1318 742 σχῆμα,
1357 640 1475 716 καὶ
1521 643 1953 744 συγχορηγῇ
2002 642 2106 745 τῷ
2158 641 2311 746 ἰδίῳ
2367 638 2616 742 γεννή-

209 789 375 858 τορι
410 762 558 842 τοῖς
595 758 822 864 ἀξίοις
870 758 961 840 τὰ
1011 759 1275 862 ἀγαθά·
1355 760 1617 861 πρέποι
1657 760 1800 864 γὰρ
1854 759 1947 841 ἂν
1984 764 2101 840 καὶ
2149 771 2361 843 τοῦτο
2409 765 2625 870 αὐτῷ,

210 885 387 986 Θεῷ
431 880 614 961 κατὰ
671 882 901 989 φύσιν
947 880 1363 988 ὑπάρχοντι.
1440 882 1694 988 ἔχουσι
1748 888 2012 983 τοίνυν,
2064 890 2324 991 φησὶν,
2382 891 2448 966 οἱ
2500 886 2628 967 τὸν

140 1027 179 1087 5
207 1004 360 1085 σὸν
391 1002 452 1084 ὦ
488 1009 714 1113 Πάτερ
762 1008 848 1088 δι’
909 1010 1082 1107 ἐμοῦ
1136 1007 1508 1115 δεξάμενοι
1565 1008 1799 1111 λόγον
1835 1005 1966 1108 τὴν
2008 1008 2188 1109 ἐμὴν
2241 1012 2318 1090 ἐν
2353 1013 2627 1094 ἑαυτοῖς

207 1126 775 1224 διαλάμπουσαν
822 1127 1079 1230 εἰκόνα,
1125 1131 1559 1235 σύμμορφοί
1607 1166 1687 1212 τε
1732 1137 1836 1239 τῷ
1889 1136 2007 1241 σῷ
2062 1135 2343 1242 γνησίῳ
2400 1131 2621 1236 γεγό-

209 1286 432 1333 νασιν
467 1258 645 1359 Υὶῷ,
702 1253 886 1334 κατὰ
940 1256 1250 1355 μίμησιν
1286 1253 1420 1354 τὴν
1465 1255 1686 1335 αὐτοῦ
1737 1260 1866 1355 τῆς
1922 1260 2273 1355 κωμικῆς
2331 1257 2621 1361 φαυλό-

206 1410 428 1477 τητος
464 1376 593 1457 τὸν
630 1377 966 1458 κλύδωνα
1006 1376 1507 1480 παραθέοντες,
1542 1376 1928 1480 ἀλλότριοί
1966 1412 2042 1458 τε
2090 1381 2208 1457 καὶ
2260 1379 2451 1486 ξένοι
2498 1384 2626 1478 τῆς

207 1502 291 1579 ἐν
347 1503 529 1608 τῷδε
602 1507 706 1609 τῷ
776 1503 917 1611 βίῳ
984 1503 1411 1610 φιληδονίας
1479 1537 1557 1583 τε
1618 1505 1736 1581 καὶ
1796 1501 2090 1601 ἁπάσης
2147 1499 2626 1605 αἶσχρότητος

103 1658 179 1698 ιο
209 1624 810 1725 ἁναδεδειγμένοι.
894 1623 1010 1705 διὰ
1063 1633 1276 1705 τοῦτο
1336 1627 1596 1734 τήρησον
1652 1623 1894 1712 αὐτ-οὖς
1948 1626 2010 1706 ἐν
2070 1633 2145 1741 τῇ
2195 1624 2474 1734 ἀληθείᾳ
2532 1631 2627 1731 τῇ

206 1753 342 1855 σῇ·
419 1747 699 1854 φυσικὴ
742 1748 876 1849 μὲν
913 1748 1058 1853 γὰρ
1093 1750 1168 1828 ἐν
1206 1754 1511 1857 Χριστῷ
1563 1752 1683 1828 καὶ
1739 1748 1917 1854 ὑπὲρ
1953 1746 2183 1852 λόγον
2221 1749 2265 1848 ἡ
2305 1747 2611 1849 καθαρό-
2649 1760 2692 1822 d

206 1906 366 1971 της.
448 1871 635 1957 Θεὸς
670 1870 817 1977 γάρ
852 1876 1053 1954 ἐστιν
1089 1870 1452 1971 ἀληθινὸς,
1491 1873 1805 1979 ἁμαρτίᾳ
1852 1872 1984 1970 μὲν
2038 1872 2459 1953 ὑποπίπτειν
2496 1872 2625 1950 οὐκ

209 1993 419 2080 εἰδὼς
473 1992 521 2095 ἢ
567 2001 684 2076 καὶ
739 1994 1183 2101 ἀνεχόμενος,
1230 1995 1431 2098 πηγὴ
1489 1996 1565 2076 δὲ
1621 2004 1915 2095 μᾶλλον
1970 1995 2315 2099 ὑπάρχων
2370 1997 2625 2096 ἀρετ-ἦς

210 2119 513 2218 ἁπάσης
559 2124 675 2199 καὶ
721 2125 847 2219 τῆς
891 2123 967 2200 ἐν
1002 2121 1344 2229 ἁγιασμῷ
1397 2119 1778 2220 νοουμένης
1818 2119 2348 2222 λαμπρότητος.
2426 2116 2621 2226 δρῴη

106 2272 129 2311 ¹
145 2268 182 2329 5
213 2241 368 2348 γὰρ
405 2240 496 2323 ἂν
532 2245 772 2346 ἕτερον
810 2243 1013 2325 οὐδὲν
1048 2245 1093 2343 ἡ
1132 2246 1285 2324 θεία
1311 2278 1390 2323 τε
1427 2250 1543 2324 καὶ
1579 2252 1725 2325 τῶν
1752 2243 1949 2325 ὅλων
1974 2252 2346 2346 κρατοῦσα
2376 2244 2623 2349 φύσις,

210 2374 274 2449 εἰ
346 2366 447 2468 μὴ
508 2366 684 2470 ὅπερ
736 2366 829 2448 ἂν
878 2370 1060 2474 αὐτῇ
1109 2367 1369 2470 πρέποι
1429 2403 1505 2448 τε
1566 2368 1748 2448 κατὰ
1808 2367 2152 2468 ἀλήθειαν
2212 2372 2327 2448 καὶ
2390 2375 2623 2448 νοοῖτο

207 2490 521 2596 προσόν.
626 2495 703 2573 ἐν
760 2490 839 2573 δὲ
904 2498 1053 2577 τοῖς
1121 2494 1347 2595 ἁγίοις
1410 2498 1784 2592 μαθηταῖς,
1860 2491 2087 2594 ἤγουν
2162 2490 2396 2571 ἅπασι
2471 2499 2621 2574 τοῖς

204 2617 684 2698 πιστεύουσιν
749 2624 848 2701 εἲς
907 2616 1144 2715 αὐτὸν,
1180 2619 1312 2721 οὐχ
1373 2615 1623 2717 ἑτέρως
1675 2614 2069 2723 ἐνυπάρξαι
2125 2615 2209 2697 τὸ
2266 2614 2611 2717 καθαρὸν,
2646 2661 2680 2703 e

207 2740 441 2843 ἤγουν
494 2739 580 2821 τὸ
638 2742 888 2841 μηκέτι
925 2748 1072 2825 τοῖς
1130 2748 1500 2838 κοσμικοῖς
1557 2740 2060 2846 ἀναφύρεσθαι
2118 2746 2378 2837 κακοῖς,
2416 2745 2475 2819 εἰ
2516 2737 2618 2838 μὴ

107 2902 183 2942 20
208 2863 334 2945 διὰ
387 2869 515 2964 τῆς
573 2865 848 2946 ἄνωθεν
903 2865 1420 2965 ἀμνησικακίας
1468 2899 1546 2946 τε
1594 2866 1712 2944 καὶ
1761 2865 2073 2968 χάριτος,
2122 2860 2442 2944 ἐκποδὼν
2488 2861 2620 2959 μὲν

208 2989 532 3089 τιθείσης
585 2995 732 3069 τῶν
785 2987 923 3088 ἤδη
979 2987 1618 3091 προεπταισμένων
1674 2985 1802 3067 τὸν
1851 2985 2260 3086 μολυσμὸν,
2317 2989 2434 3065 καὶ
2489 2995 2617 3067 τοῦ

205 3108 772 3215 παρελάσαντος
807 3113 974 3206 βίου
1009 3110 1102 3191 τὰ
1154 3109 1594 3215 ἐγκλήματα,
1635 3110 2179 3215 εἶσκομιζῦύσης
2216 3108 2290 3190 δὲ
2325 3116 2618 3208 μᾶλλον

206 3238 341 3333 τῆς
391 3237 467 3314 ε’ν
520 3237 862 3343 ἁγιασμῷ
913 3234 1093 3339 ζωῆς
1142 3232 1274 3334 τὴν
1331 3234 1830 3337 λαμπρότητα,
1867 3233 2067 3334 πλὴν
2121 3234 2249 3313 οὐκ
2305 3233 2611 3312 ἀταλαί-

205 3394 460 3463 πωρον
507 3360 821 3465 ἐχούσης
868 3358 1002 3459 τὴν
1050 3361 1127 3439 ἐν
1178 3359 1555 3457 ταυτότητι
1594 3358 1962 3459 διαμονήν·
2036 3356 2437 3464 σοφώτατα
2473 3355 2616 3457 γάρ

107 3524 181 3585 25
206 3518 336 3585 μοι
384 3482 713 3588 φαίνεται
762 3485 878 3563 καὶ
923 3485 962 3562 ὁ
1005 3488 1303 3568 Παῦλος
1350 3482 1568 3563 εἰπών
1618 3491 1662 3528 “
1686 3479 1923 3562 ‘'ssav-e
1960 3481 1999 3559 ὃ
2038 3486 2267 3560 δοκῶν
2321 3479 2615 3560 ἑστάναι

209 3619 256 3658 “
294 3606 628 3703 βλεπέτω
686 3605 789 3707 μὴ
855 3607 1113 3713 πεσῃ.”
1191 3608 1299 3686 ἀεὶ
1355 3604 1500 3710 γὰρ
1557 3607 1635 3686 ἐν
1694 3604 1912 3713 σάλῳ
1971 3605 2064 3685 τὰ
2133 3604 2436 3707 ἡμέτερα
2499 3607 2614 3683 καὶ

194 3732 562 3815 ’ποικίλως
618 3736 920 3811 δονεῖται
975 3731 1067 3809 τὰ
1112 3731 1273 3810 καθ’
1327 3731 1532 3831 ἡμᾶς,
1568 3728 2083 3828 ἁκαταλήκτως
2124 3736 2253 3809 τοῦ
2296 3735 2613 3829 πονηροῦ
2639 3767 2675 3805 a

207 3853 689 3959 πειράζοντος,
727 3852 1334 3957 προσεδρεύοντός
1370 3888 1445 3935 τε
1484 3852 1599 3934 διὰ
1633 3852 1902 3936 παντὸς
1941 3856 2058 3932 καὶ
2093 3853 2612 3934 δυσκατόπτοις

210 3984 666 4081 κακουργιῶν
701 3978 1052 4079 εὑρήμασι
1103 3987 1603 4059 κατασπιλοῦν
1653 3978 2044 4075 ἐθέλοντος,
2083 3977 2278 4078 εἴπερ
2315 3974 2405 4056 ἂν
2444 3977 2606 4054 δύν-

1821 4099 1843 4129 ἱ

112 4145 186 4201 30
210 4137 392 4199 αιτο,
430 4105 546 4182 καὶ
583 4100 749 4186 τοὺς
784 4101 922 4201 ἤδη
959 4102 1545 4203 xeanappoeſtrvovs·
1626 4101 1718 4181 τὰ
1752 4134 1899 4205 γαρ
1939 4111 1983 4148 “
2010 4100 2363 4205 βρώματα
2396 4100 2611 4178 αὑτοῦ

212 4238 259 4277 “
293 4224 655 4323 immi?
711 4225 893 4305 κατὰ
936 4224 1068 4324 τὴν
1103 4233 1231 4304 τοῦ
1265 4223 1647 4331 προφήτου
1683 4223 1958 4332 φωνήν.
2033 4221 2611 4325 ἐπιμαρτυρήσας

212 4352 453 4433 τοίνυν
487 4358 634 4433 τοῖς
689 4352 941 4429 ἑαυτοῦ
997 4351 1348 4448 μαθηταῖς
1401 4345 1532 4447 τὴν
1578 4347 1718 4454 ἔξω
1758 4346 2040 4447 κόσμου
2077 4346 2278 4449 ζωὴν,
2318 4379 2431 4424 και
2486 4347 2611 4440 τῆς

213 4474 669 4559 οὖσιώδους
637 4481 888 4554 εαυτοῦ
916 4471 1402 4574 καθαρότητος
1429 4467 1560 4569 τὴν
1589 4470 1772 4552 κατὰ
1795 4474 2102 4570 μίμησιν
2121 4470 2613 4571 συμμορφίαν,

302 4616 444 4661 vor..
482 4616 553 4661 11.
1366 4615 1409 4673 4
1439 4612 1478 4654 Y

2714 3512 2734 3546 1
2765 3499 2880 3547 Cor.

2709 3579 2758 3613 x.
2781 3576 2857 3613 ια.

2712 3752 2850 3807 984
2868 3751 2951 3804 A.

2704 4118 2839 4167 Hah.
2865 4119 2897 4167 i.
