3238 5158
200 327 326 393 viii.
351 346 455 416 35.
581 334 696 399 IN
756 337 823 400 S.
872 337 1387 404 JOANNEM.
1478 339 1671 405 LIB.
1703 341 1787 405 V.
1877 339 2080 405 CAP.
2112 341 2196 404 V.
2502 341 2587 404 67

200 494 566 600 ἄχρηστόν
599 534 679 580 τε
715 505 832 583 καὶ
865 505 1313 603 ἀτιμῶτατον
1349 514 1608 591 σκεῦος
1644 502 2167 611 ἐξωσθήσεται·
2219 502 2588 608 εἶσδεχθή-
2614 528 2651 570 0

197 653 400 700 σεται
445 623 520 703 δὲ
567 628 684 704 καὶ
726 629 802 706 ἐν
839 629 1018 733 αὐτῇ
1053 634 1369 728 διαμενεῖ
1395 635 1539 713 πᾶς
1576 630 1617 708 ὃ
1654 636 1862 723 βιοῦν
1898 630 2127 731 ὀρθῶς
2163 627 2584 729 ἀγαπήσας,

195 744 268 820 ἐν
303 748 474 831 υἱοῖς
508 783 586 830 τε
624 749 742 830 διὰ
777 761 991 832 τοῦτο
1025 752 1641 855 κατατεταγμένος
1680 759 1895 832 Θεοῦ.
1980 750 2164 837 εἰκὸς
2213 752 2289 833 δὲ
2339 752 2450 832 ὅτι
2498 752 2591 832 τὰ

195 878 483 949 τοιαῦτα
538 875 777 976 λέγων
831 876 872 955 ὁ
934 875 1200 976 Κύριος
1255 881 1372 956 καὶ
1428 877 1917 956 ὑπαινίττεταί
1963 911 2117 961 πως
2172 877 2430 973 αὐτοῖς,
2479 875 2590 956 ὅτι

132 1000 168 1062 5
194 988 325 1090 τὴν
360 992 479 1073 διὰ
512 997 828 1083 πίστεως
862 1000 1273 1103 ἐλευθερίαν
1307 1001 1389 1080 οὐ
1431 1000 1992 1103 προσηκάμενοι,
2027 999 2317 1084 πάντως
2362 1000 2591 1100 δήπου
2690 1044 2701 1057 ·

191 1118 306 1194 καὶ
342 1122 472 1216 τῆς
508 1124 695 1223 ἱερᾶς
732 1156 810 1202 τε
849 1127 966 1203 καὶ
1005 1125 1195 1207 θείας
1245 1125 1472 1222 αὐλῆς
1516 1123 2041 1232 ἐξοιχήσονται,
2079 1125 2427 1220 τουτέστι,
2463 1128 2593 1223 τῆς

192 1237 659 1341 Ἐκκλησίας,
698 1244 884 1325 κατὰ
933 1245 1016 1327 τὸ
1069 1250 1153 1327 δι’
1196 1247 1350 1332 ἑνός
1404 1282 1547 1328 που
1602 1254 1749 1328 τῶν
1789 1254 2187 1352 προφητῶν
2230 1246 2593 1350 εἰρημένον

192 1373 234 1409 “
269 1362 410 1444 Ἐκ
463 1377 591 1449 τοῦ
647 1369 842 1450 οἴκου
896 1406 1038 1468 μου
1098 1373 1390 1466 ἐκβαλῶ
1448 1371 1775 1455 αὐτούς.”
1853 1370 1963 1450 ὅτι
2020 1368 2167 1473 γὰρ
2220 1376 2317 1454 εἶς
2368 1371 2591 1473 πέρας
2683 1371 2811 1500 ξω·
2833 1372 2901 1421 ⁵¹·

189 1488 429 1574 αὐτοῖς
480 1489 565 1571 τὸ
613 1493 1228 1600 προαναφωνηθὲν
1280 1496 1687 1594 ἐκβέβηκεν,
1726 1493 1905 1594 αὑτὴ
1952 1501 2097 1574 τῶν
2143 1493 2590 1596 πραγμάτων
2614 1501 2660 1567 (1

95 1610 233 1710 ¹⁰⁷5
290 1614 520 1719 φύσις
574 1617 1143 1721 διαμαρτύρεται·
1211 1630 1254 1665 “
1289 1619 1786 1721 Ἐγκατελίπη
1836 1614 1969 1716 μὲν
2004 1614 2149 1720 γὰρ
2185 1617 2228 1716 ἦ
2269 1616 2591 1721 θυγάτηρ
2681 1637 2814 1687 En.
2829 1639 2877 1688 8.

188 1744 232 1783 ‘⁴
269 1735 465 1817 Σιὼν
519 1743 615 1823 ὡς
670 1740 905 1841 σκηνὴ
962 1745 1039 1821 ἐν
1087 1745 1484 1842 ἀμπελῶνι,
1535 1749 1653 1823 καὶ
1709 1746 1805 1826 ὡς
1859 1738 2464 1847 ὀπωροφυλάκιον
2516 1744 2593 1821 ἐν

189 1869 233 1905 “
267 1860 744 1972 σικυηράτῳ,”
786 1864 976 1946 καθὰ
1032 1866 1461 1970 γέγραπται·
1541 1866 1870 1947 πέπτωκε
1930 1861 2008 1944 δὲ
2063 1868 2180 1945 καὶ
2236 1863 2591 1967 καθηρέθη

187 1993 564 2072 παντελῶς
617 1990 658 2068 ὁ
710 1988 897 2086 ναὸς,
936 1992 1054 2069 καὶ
1102 1991 1301 2070 αὐτοὶ
1345 1988 1478 2088 μὲν
1515 1990 1658 2097 ἔξω
1696 1986 2088 2092 γεγόνασιν
2129 1995 2198 2069 οὐ
2234 1990 2593 2088 μείναντες

189 2109 250 2188 ἓν
285 2113 483 2218 αὐτῷ
534 2120 624 2198 εἰς
669 2112 773 2194 τὶν
810 2111 1038 2210 alim,
1077 2100 1435 2213 ἀντανέβη
1486 2113 1561 2192 δὲ
1613 2112 1864 2217 ὥσπερ
1915 2115 2032 2192 καὶ
2081 2111 2592 2217 ἀντεγήγερται

94 2251 161 2309 ι5
189 2233 305 2313 διὰ
342 2233 677 2339 Χριστὸν
714 2238 759 2335 ἡ
804 2237 893 2343 ἐξ
935 2239 1160 2316 ε’θνῶν
1195 2237 1626 2337 Ἐκκλησία,
1662 2238 1738 2317 ἐν
1774 2239 1955 2341 αὐτῇ
2004 2271 2078 2316 τε
2131 2237 2427 2336 μένουσι
2475 2234 2591 2315 διὰ

186 2357 459 2443 παντὸς
524 2363 590 2438 οἱ
654 2359 836 2463 πρὸς
896 2359 1029 2460 τὴν
1093 2363 1290 2440 θείαν
1357 2363 1722 2441 υἱοθεσίαν
1787 2362 2210 2461 κεκλημένοι
2274 2357 2392 2440 διὰ
2463 2363 2594 2458 τῆς

186 2484 530 2569 πίστεως·
611 2483 1059 2565 πεπαύσεται
1121 2483 1270 2589 γὰρ
1334 2487 1686 2585 οὐδαμῶς,
1743 2486 1914 2565 ἀλλ’
1974 2483 2134 2564 οὐδὲ
2200 2481 2592 2592 καταλήξει

184 2607 363 2687 ποτὲ
438 2612 567 2708 τῆς
627 2610 1074 2710 Ἐκκλησίας
1143 2607 1228 2690 τὸ
1302 2609 1666 2716 καύχημα·
1748 2615 1821 2689 αἱ
1883 2608 2030 2713 γὰρ
2092 2614 2238 2688 τῶν
2301 2608 2589 2688 δικαίων
2614 2639 2650 2682 e

184 2735 426 2837 ψυχαὶ
485 2739 631 2813 τῶν
690 2735 1019 2837 ἐπιγείων
1078 2735 1536 2836 ἀπαίρουσαι,
1593 2730 1777 2836 πρὸς
1834 2732 1966 2832 τὴν
2026 2732 2176 2812 ἅνω
2239 2732 2585 2834 μεθορμί-

89 2877 163 2918 20
187 2855 430 2958 ζονται
482 2856 704 2937 πόλιν
753 2857 888 2957 τὴν
931 2856 1350 2962 ἐπουράνιον
1385 2855 1876 2959 Ἰερουσαλὴμ
1930 2855 2063 2957 τὴν
2110 2861 2256 2935 τῶν
2296 2888 2585 2957 πρωτο-

186 2978 421 3060 τόκων
464 2981 882 3083 ἐκκλησίαν,
917 2993 960 3031 “
988 2982 1040 3082 ἥ
1088 3016 1194 3064 τις
1247 2983 1406 3060 ἐστὶ
1461 2979 1701 3083 μήτηρ
1755 2978 2002 3079 ἡμῶν”
2045 2976 2228 3058 κατὰ
2279 2976 2413 3077 τὴν
2464 2985 2593 3058 τοῦ
2681 2973 2795 3090 ᾖξ’*
2822 2974 2891 3026 iv.

189 3105 503 3185 Παύλου
539 3103 811 3212 φωνήν.

295 3224 600 3328 Ἐπειδὴ
651 3230 736 3308 δέ
775 3264 933 3313 πως
978 3233 1096 3310 καὶ
1142 3226 1272 3309 τὸν
1323 3231 1487 3331 περὶ
1534 3232 1665 3329 τῆς
1716 3230 2042 3314 δουλείας
2085 3225 2595 3331 βασανίζοντες·

187 3351 453 3454 λόγον,
525 3355 640 3432 καὶ
714 3350 832 3431 διὰ
904 3350 1177 3437 παντὸς
1247 3351 1521 3453 τρόπου
1580 3351 1715 3452 τὴν
1779 3350 2120 3453 ἀλήθειαν
2184 3356 2596 3456 ἶχνηλατεῖν

90 3492 160 3552 25
187 3475 632 3582 γλιχόμενοι,
657 3479 772 3556 καὶ
812 3474 1029 3557 αὐτον
1062 3478 1138 3556 ἐν
1176 3476 1464 3559 δούλοις
1502 3477 2063 3577 κατωνομάσθαι
2098 3510 2225 3556 τον
2250 3473 2596 3577 Ἀβραὰμ

185 3599 588 3704 ειρήκαμεν,
626 3600 784 3680 οὐδὲ
821 3636 905 3681 το
943 3601 1164 3680 αὑτοῦ
1193 3597 1597 3703 πρόσωπον
1635 3600 1776 3707 εξω
1823 3599 2131 3684 τιθέντες
2172 3604 2300 3699 τῆς
2336 3600 2412 3678 ἐν
2448 3604 2594 3682 τοῖς

185 3722 610 3827 θεωρήμασι
668 3729 1083 3827 περιβολῆς,
1143 3721 1261 3802 διὰ
1320 3757 1404 3802 το
1467 3724 1934 3827 γενικώτερον
2000 3727 2328 3827 εἰρῆσθαι
2393 3721 2594 3822 παρὰ

487 3857 520 3874 Α

184 3852 521 3952 Χριστου
582 3858 628 3895 “
661 3852 823 3932 Πᾶς
886 3849 928 3926 ὃ
994 3854 1220 3927 ποιῶν
1282 3844 1415 3947 τὴν
1480 3847 1836 3948 ἁμαρτίαν
1900 3844 2158 3931 δοῦλός
2231 3849 2390 3925 ἐστι
2462 3849 2589 3944 τῆς
2612 3889 2648 3929 a
2701 3873 2925 3927 541A.

188 3973 694 4078 “ἁμαρτιάς·”
773 3969 944 4079 φέρε
1001 3969 1089 4071 δὴ
1145 3969 1374 4051 πάλιν
1430 3976 1579 4055 τοῖς
1634 3971 1904 4050 εαυτῶν
1958 3970 2288 4069 επόμενοι
2342 3967 2592 4072 λόγοις
2680 3949 2789 4063 32¹1?
2790 3964 2888 4077 ’ᾖ

262 4175 313 4214 2.
353 4157 441 4231 δὲ]
470 4159 543 4217 εἷς
573 4159 667 4229 τὴν
689 4158 792 4213 ἄνω
826 4157 987 4228 μονὴν
1015 4175 1045 4213 e
1072 4156 1191 4214 Cat.
1221 4158 1374 4213 Harl.
1401 4156 1609 4211 addidit
1636 4156 1779 4211 Aub.
1806 4156 1878 4212 εἷς
1911 4156 2003 4211 τὰς
2034 4155 2137 4209 ἅνω
2166 4157 2325 4224 μονάς
2353 4173 2403 4208 8.
2477 4154 2592 4209 Ab·

187 4228 399 4285 breviat
422 4239 603 4283 autem
630 4229 875 4284 Niketas.
1113 4246 1165 4300 3.
1204 4227 1643 4299 κατατεταγμένος
1669 4227 1732 4280 Β.
1737 4244 1785 4281 8.
1811 4229 2138 4315 καταλελεγμ
2139 4225 2252 4281 ε’νος
2280 4224 2461 4279 Holst.
2489 4224 2593 4278 Ed.

189 4301 277 4425 n.)-
280 4299 915 4461 ἐξσῖἷαῇἷῖπωοιῖεξὲξῐ
928 4298 1140 4458 ΙΙΙ-ἣξει
1165 4301 1733 4441 εγκατελείτὶῗοὶιῖαῗιῐ
1732 4296 2152 4439 ηεξῗατῗλῗιωθη
2132 4294 2597 4422 ’ἴετίιὲνοῌὲίῑῗὲε

188 4439 391 4496 Αιιὶ).“ν
366 4462 446 4496 ισ.
476 4443 559 4511 (-
585 4439 739 4510 ἴσως)
768 4440 1192 4512 ε’γκαταλειπεται
1218 4440 1320 4495 Ed.
1348 4457 1459 4510 mg.
1797 4455 1819 4491 1
1833 4454 1879 4491 1.
1917 4439 2047 4491 Σιὼν
2101 4437 2422 4508 ἱερουσαλῆμ
2446 4436 2597 4491 imam

188 4510 844 4639 ,[ηῖεῖιῖιοῖἓῑὲξῗοᾶῗ.
852 4509 1418 4637 Βεὼῖῗέἓῧᾋῗώ
1627 4521 1708 4579 ¹⁵
1744 4530 1962 4579 '‘⁰⁰²⁸'‘
1987 4525 2034 4563 ³
2240 4523 2325 4578 ²³
2363 4506 2481 4575 “¹²²
2505 4507 2597 4558 ’ὼ

1353 4683 1470 4728 1<2
