<?xml version="1.0" encoding="UTF-8"?>
<!DOCTYPE html PUBLIC "-//W3C//DTD XHTML 1.0 Transitional//EN"
    "http://www.w3.org/TR/xhtml1/DTD/xhtml1-transitional.dtd">
<html xmlns="http://www.w3.org/1999/xhtml" xml:lang="en" lang="en">
 <head>
  <title>
</title>
<meta http-equiv="Content-Type" content="text/html;charset=utf-8" />
  <meta name='ocr-system' content='tesseract 3.04.00' />
  <meta name='ocr-capabilities' content='ocr_page ocr_carea ocr_par ocr_line ocrx_word'/>
</head>
<body>
  <div class='ocr_page' id='page_1' title='image "./sanctipatrisnos03pusegoog_0417.png"; bbox 0 0 3238 5158; ppageno 0'>
   <div class='ocr_carea' id='block_1_1' title="bbox 236 307 2638 397">
    <p class='ocr_par' dir='ltr' id='par_1_1' title="bbox 236 307 2638 397">
     <span class='ocr_line' id='line_1_1' title="bbox 236 307 2638 397; baseline 0.003 -24"><span class='ocrx_word' id='word_1_1' title='bbox 236 307 369 373; x_wconf 76' lang='lat' dir='ltr'><strong>xiv.</strong></span> <span class='ocrx_word' id='word_1_2' title='bbox 397 328 547 397; x_wconf 81' lang='lat'><strong><em>2,3.</em></strong></span> <span class='ocrx_word' id='word_1_3' title='bbox 809 310 918 377; x_wconf 87' lang='lat' dir='ltr'>IN</span> <span class='ocrx_word' id='word_1_4' title='bbox 979 311 1047 377; x_wconf 79' lang='lat' dir='ltr'>s,</span> <span class='ocrx_word' id='word_1_5' title='bbox 1095 311 1612 378; x_wconf 84' lang='lat' dir='ltr'><strong>JoANNEM.</strong></span> <span class='ocrx_word' id='word_1_6' title='bbox 1705 312 2074 380; x_wconf 79' lang='lat' dir='ltr'>LIB.1x.</span> <span class='ocrx_word' id='word_1_7' title='bbox 2511 315 2638 379; x_wconf 84' lang='lat'>405</span> 
     </span>
    </p>
   </div>
   <div class='ocr_carea' id='block_1_2' title="bbox 117 473 2992 4309">
    <p class='ocr_par' dir='ltr' id='par_1_2' title="bbox 117 473 2992 4309">
     <span class='ocr_line' id='line_1_2' title="bbox 240 473 2944 629; baseline 0.003 -74"><span class='ocrx_word' id='word_1_8' title='bbox 240 473 606 557; x_wconf 77' lang='grc' dir='ltr'>διδάσκων</span> <span class='ocrx_word' id='word_1_9' title='bbox 642 476 973 629; x_wconf 68' lang='grc' dir='ltr'>φησὶν,”</span> <span class='ocrx_word' id='word_1_10' title='bbox 933 512 1045 559; x_wconf 87' lang='grc' dir='ltr'>οτι</span> <span class='ocrx_word' id='word_1_11' title='bbox 1080 488 1125 526; x_wconf 92' lang='lat'>“</span> <span class='ocrx_word' id='word_1_12' title='bbox 1153 481 1271 559; x_wconf 81' lang='grc' dir='ltr'>καὶ</span> <span class='ocrx_word' id='word_1_13' title='bbox 1313 477 1736 584; x_wconf 80' lang='grc' dir='ltr'>συνήγειρεν</span> <span class='ocrx_word' id='word_1_14' title='bbox 1772 481 1957 580; x_wconf 75' lang='grc' dir='ltr'>ἡμᾶς</span> <span class='ocrx_word' id='word_1_15' title='bbox 2004 481 2122 560; x_wconf 78' lang='grc' dir='ltr'>καὶ</span> <span class='ocrx_word' id='word_1_16' title='bbox 2171 477 2644 561; x_wconf 77' lang='grc' dir='ltr'>συνεκάθισεν</span> <span class='ocrx_word' id='word_1_17' title='bbox 2734 497 2867 614; x_wconf 74' lang='lat' dir='ltr'><strong>Eph.</strong></span> <span class='ocrx_word' id='word_1_18' title='bbox 2890 496 2944 549; x_wconf 74' lang='lat'>¹1·</span> 
     </span>
     <span class='ocr_line' id='line_1_3' title="bbox 263 561 2784 712; baseline 0.002 -33.116"><span class='ocrx_word' id='word_1_19' title='bbox 263 601 397 680; x_wconf 66' lang='grc' dir='ltr'>6ἐν</span> <span class='ocrx_word' id='word_1_20' title='bbox 439 607 613 686; x_wconf 91' lang='grc' dir='ltr'>τοῖς</span> <span class='ocrx_word' id='word_1_21' title='bbox 642 602 1083 707; x_wconf 77' lang='grc' dir='ltr'>ἐπουρανίοις</span> <span class='ocrx_word' id='word_1_22' title='bbox 1138 604 1215 682; x_wconf 94' lang='grc' dir='ltr'>ἐν</span> <span class='ocrx_word' id='word_1_23' title='bbox 1259 604 1639 712; x_wconf 49' lang='lat' dir='ltr'>xpm-rep?</span> <span class='ocrx_word' id='word_1_24' title='bbox 1716 602 1896 684; x_wconf 86' lang='grc' dir='ltr'>’ίδιον</span> <span class='ocrx_word' id='word_1_25' title='bbox 1949 601 2082 705; x_wconf 79' lang='grc' dir='ltr'>μὲν</span> <span class='ocrx_word' id='word_1_26' title='bbox 2137 602 2282 709; x_wconf 76' lang='grc' dir='ltr'>γὰρ</span> <span class='ocrx_word' id='word_1_27' title='bbox 2337 606 2433 689; x_wconf 83' lang='grc' dir='ltr'>ὦς</span> <span class='ocrx_word' id='word_1_28' title='bbox 2488 609 2645 712; x_wconf 76' lang='grc' dir='ltr'>’Υὶῷ</span> <span class='ocrx_word' id='word_1_29' title='bbox 2734 561 2784 614; x_wconf 87' lang='lat'>6.</span> 
     </span>
     <span class='ocr_line' id='line_1_4' title="bbox 236 723 2982 836; baseline -0 -31"><span class='ocrx_word' id='word_1_30' title='bbox 236 723 425 805; x_wconf 79' lang='grc' dir='ltr'>κατὰ</span> <span class='ocrx_word' id='word_1_31' title='bbox 462 725 767 833; x_wconf 70' lang='grc' dir='ltr'>φύσιν“</span> <span class='ocrx_word' id='word_1_32' title='bbox 731 723 1035 833; x_wconf 84' lang='grc' dir='ltr'>υπάρχει</span> <span class='ocrx_word' id='word_1_33' title='bbox 1071 731 1379 835; x_wconf 87' lang='grc' dir='ltr'>Χριστῷ</span> <span class='ocrx_word' id='word_1_34' title='bbox 1413 762 1498 808; x_wconf 88' lang='grc' dir='ltr'>το</span> <span class='ocrx_word' id='word_1_35' title='bbox 1548 731 1678 828; x_wconf 85' lang='grc' dir='ltr'>τῆς</span> <span class='ocrx_word' id='word_1_36' title='bbox 1724 729 2134 832; x_wconf 89' lang='grc' dir='ltr'>συνεδρείας</span> <span class='ocrx_word' id='word_1_37' title='bbox 2176 728 2488 836; x_wconf 80' lang='grc' dir='ltr'>ἀξίωμα,</span> <span class='ocrx_word' id='word_1_38' title='bbox 2528 730 2643 808; x_wconf 77' lang='grc' dir='ltr'>καὶ</span> <span class='ocrx_word' id='word_1_39' title='bbox 2666 764 2705 806; x_wconf 76' lang='grc' dir='ltr'>ιι</span> <span class='ocrx_word' id='word_1_40' title='bbox 2752 751 2883 808; x_wconf 80' lang='grc'>’165</span> <span class='ocrx_word' id='word_1_41' title='bbox 2901 749 2982 806; x_wconf 79' lang='grc' dir='ltr'>Δ.</span> 
     </span>
     <span class='ocr_line' id='line_1_5' title="bbox 236 847 2647 961; baseline 0 -29"><span class='ocrx_word' id='word_1_42' title='bbox 236 847 373 951; x_wconf 77' lang='grc' dir='ltr'>τὴν</span> <span class='ocrx_word' id='word_1_43' title='bbox 418 861 546 932; x_wconf 87' lang='grc' dir='ltr'>τοῦ</span> <span class='ocrx_word' id='word_1_44' title='bbox 594 855 1116 954; x_wconf 86' lang='grc' dir='ltr'>συγκαθῆσθαι</span> <span class='ocrx_word' id='word_1_45' title='bbox 1166 852 1392 960; x_wconf 80' lang='grc' dir='ltr'>δόξαν</span> <span class='ocrx_word' id='word_1_46' title='bbox 1435 853 1631 961; x_wconf 75' lang='grc' dir='ltr'>αὐτῷ</span> <span class='ocrx_word' id='word_1_47' title='bbox 1679 886 1757 932; x_wconf 89' lang='grc' dir='ltr'>τε</span> <span class='ocrx_word' id='word_1_48' title='bbox 1810 850 2231 956; x_wconf 77' lang='grc' dir='ltr'>πρεπόντως</span> <span class='ocrx_word' id='word_1_49' title='bbox 2282 856 2398 933; x_wconf 77' lang='grc' dir='ltr'>καὶ</span> <span class='ocrx_word' id='word_1_50' title='bbox 2449 851 2647 961; x_wconf 78' lang='grc' dir='ltr'>μόνῳ</span> 
     </span>
     <span class='ocr_line' id='line_1_6' title="bbox 167 973 2645 1083; baseline 0 -28"><span class='ocrx_word' id='word_1_51' title='bbox 167 1004 208 1065; x_wconf 85' lang='grc'><strong>5</strong></span> <span class='ocrx_word' id='word_1_52' title='bbox 239 976 536 1075; x_wconf 80' lang='grc' dir='ltr'>ἀληθῶς</span> <span class='ocrx_word' id='word_1_53' title='bbox 570 979 993 1057; x_wconf 89' lang='grc' dir='ltr'>ἀνακεῖσθαι</span> <span class='ocrx_word' id='word_1_54' title='bbox 1032 974 1398 1083; x_wconf 88' lang='grc' dir='ltr'>φήσομεν.</span> <span class='ocrx_word' id='word_1_55' title='bbox 1476 974 1561 1057; x_wconf 80' lang='grc' dir='ltr'>τὸ</span> <span class='ocrx_word' id='word_1_56' title='bbox 1609 973 1685 1056; x_wconf 80' lang='grc' dir='ltr'>δὲ</span> <span class='ocrx_word' id='word_1_57' title='bbox 1736 974 1927 1062; x_wconf 81' lang='grc' dir='ltr'>ὅλως</span> <span class='ocrx_word' id='word_1_58' title='bbox 1974 979 2140 1058; x_wconf 85' lang='grc' dir='ltr'>καθ’</span> <span class='ocrx_word' id='word_1_59' title='bbox 2179 977 2367 1078; x_wconf 81' lang='grc' dir='ltr'>ἡμᾶς</span> <span class='ocrx_word' id='word_1_60' title='bbox 2409 974 2645 1080; x_wconf 80' lang='grc' dir='ltr'>ὑπάρ-</span> 
     </span>
     <span class='ocr_line' id='line_1_7' title="bbox 236 1097 2652 1208; baseline 0.001 -30"><span class='ocrx_word' id='word_1_61' title='bbox 236 1133 395 1206; x_wconf 84' lang='grc' dir='ltr'>χειν</span> <span class='ocrx_word' id='word_1_62' title='bbox 448 1097 577 1180; x_wconf 78' lang='grc' dir='ltr'>τὸν</span> <span class='ocrx_word' id='word_1_63' title='bbox 632 1099 1154 1205; x_wconf 83' lang='grc' dir='ltr'>συνεδρεύοντα</span> <span class='ocrx_word' id='word_1_64' title='bbox 1208 1098 1391 1181; x_wconf 83' lang='grc' dir='ltr'>καθὸ</span> <span class='ocrx_word' id='word_1_65' title='bbox 1455 1100 1777 1208; x_wconf 80' lang='grc' dir='ltr'>πέφηνεν</span> <span class='ocrx_word' id='word_1_66' title='bbox 1831 1100 2212 1206; x_wconf 77' lang='grc' dir='ltr'>ἅνθρωπος</span> <span class='ocrx_word' id='word_1_67' title='bbox 2274 1099 2460 1201; x_wconf 79' lang='grc' dir='ltr'>μετὰ</span> <span class='ocrx_word' id='word_1_68' title='bbox 2521 1109 2652 1181; x_wconf 91' lang='grc' dir='ltr'>τοῦ</span> 
     </span>
     <span class='ocr_line' id='line_1_8' title="bbox 240 1221 2652 1329; baseline 0.002 -25"><span class='ocrx_word' id='word_1_69' title='bbox 240 1230 565 1305; x_wconf 85' lang='grc' dir='ltr'>νοεῖσθαι</span> <span class='ocrx_word' id='word_1_70' title='bbox 616 1227 733 1305; x_wconf 79' lang='grc' dir='ltr'>καὶ</span> <span class='ocrx_word' id='word_1_71' title='bbox 784 1221 977 1306; x_wconf 62' lang='lat' dir='ltr'>esav</span> <span class='ocrx_word' id='word_1_72' title='bbox 1024 1227 1103 1305; x_wconf 87' lang='grc' dir='ltr'>ἐκ</span> <span class='ocrx_word' id='word_1_73' title='bbox 1150 1229 1368 1324; x_wconf 83' lang='grc' dir='ltr'>Θεοῦ,</span> <span class='ocrx_word' id='word_1_74' title='bbox 1412 1223 1874 1329; x_wconf 80' lang='grc' dir='ltr'>παραπέμπει</span> <span class='ocrx_word' id='word_1_75' title='bbox 1927 1259 2084 1310; x_wconf 88' lang='grc' dir='ltr'>πως</span> <span class='ocrx_word' id='word_1_76' title='bbox 2138 1229 2257 1306; x_wconf 84' lang='grc' dir='ltr'>καὶ</span> <span class='ocrx_word' id='word_1_77' title='bbox 2311 1230 2411 1310; x_wconf 83' lang='grc' dir='ltr'>εἶς</span> <span class='ocrx_word' id='word_1_78' title='bbox 2464 1225 2652 1326; x_wconf 76' lang='grc' dir='ltr'>ἡμᾶς</span> 
     </span>
     <span class='ocr_line' id='line_1_9' title="bbox 237 1345 2641 1457; baseline 0 -30"><span class='ocrx_word' id='word_1_79' title='bbox 237 1348 376 1449; x_wconf 78' lang='grc' dir='ltr'>τὴν</span> <span class='ocrx_word' id='word_1_80' title='bbox 409 1351 487 1429; x_wconf 90' lang='grc' dir='ltr'>ἐκ</span> <span class='ocrx_word' id='word_1_81' title='bbox 524 1356 650 1430; x_wconf 91' lang='grc' dir='ltr'>τοῦ</span> <span class='ocrx_word' id='word_1_82' title='bbox 684 1348 1095 1456; x_wconf 79' lang='grc' dir='ltr'>ἀξιώματος</span> <span class='ocrx_word' id='word_1_83' title='bbox 1128 1348 1367 1453; x_wconf 83' lang='grc' dir='ltr'>χάριν.</span> <span class='ocrx_word' id='word_1_84' title='bbox 1447 1353 1507 1428; x_wconf 81' lang='grc' dir='ltr'>εἶ</span> <span class='ocrx_word' id='word_1_85' title='bbox 1542 1345 1689 1451; x_wconf 78' lang='grc' dir='ltr'>γὰρ</span> <span class='ocrx_word' id='word_1_86' title='bbox 1725 1351 1844 1428; x_wconf 85' lang='grc' dir='ltr'>καὶ</span> <span class='ocrx_word' id='word_1_87' title='bbox 1878 1345 1980 1450; x_wconf 84' lang='grc' dir='ltr'>μὴ</span> <span class='ocrx_word' id='word_1_88' title='bbox 2022 1349 2216 1457; x_wconf 72' lang='grc' dir='ltr'>αὐτῷ</span> <span class='ocrx_word' id='word_1_89' title='bbox 2258 1348 2641 1453; x_wconf 83' lang='grc' dir='ltr'>συνεδρεύ-</span> 
     </span>
     <span class='ocr_line' id='line_1_10' title="bbox 240 1470 2651 1583; baseline 0 -30"><span class='ocrx_word' id='word_1_90' title='bbox 240 1507 474 1574; x_wconf 90' lang='grc' dir='ltr'>σομεν</span> <span class='ocrx_word' id='word_1_91' title='bbox 526 1479 631 1583; x_wconf 74' lang='grc' dir='ltr'>τῷ</span> <span class='ocrx_word' id='word_1_92' title='bbox 695 1473 959 1577; x_wconf 88' lang='grc' dir='ltr'>Πατρί·</span> <span class='ocrx_word' id='word_1_93' title='bbox 1047 1480 1207 1558; x_wconf 79' lang='grc' dir='ltr'>πῶς</span> <span class='ocrx_word' id='word_1_94' title='bbox 1271 1471 1417 1577; x_wconf 80' lang='grc' dir='ltr'>γὰρ</span> <span class='ocrx_word' id='word_1_95' title='bbox 1483 1470 1568 1553; x_wconf 83' lang='grc' dir='ltr'>τὸ</span> <span class='ocrx_word' id='word_1_96' title='bbox 1634 1476 1902 1553; x_wconf 87' lang='grc' dir='ltr'>δοῦλον</span> <span class='ocrx_word' id='word_1_97' title='bbox 1959 1479 2058 1558; x_wconf 81' lang='grc' dir='ltr'>εἰς</span> <span class='ocrx_word' id='word_1_98' title='bbox 2121 1471 2252 1573; x_wconf 85' lang='grc' dir='ltr'>τὴν</span> <span class='ocrx_word' id='word_1_99' title='bbox 2320 1473 2494 1573; x_wconf 80' lang='grc' dir='ltr'>ἴσην</span> <span class='ocrx_word' id='word_1_100' title='bbox 2546 1478 2651 1581; x_wconf 77' lang='grc' dir='ltr'>τῷ</span> 
     </span>
     <span class='ocr_line' id='line_1_11' title="bbox 121 1593 2649 1704; baseline -0.002 -24"><span class='ocrx_word' id='word_1_101' title='bbox 121 1638 213 1680; x_wconf 86' lang='lat'>10</span> <span class='ocrx_word' id='word_1_102' title='bbox 242 1595 566 1704; x_wconf 82' lang='grc' dir='ltr'>δεσπότῃ</span> <span class='ocrx_word' id='word_1_103' title='bbox 622 1597 833 1699; x_wconf 86' lang='grc' dir='ltr'>τιμὴν</span> <span class='ocrx_word' id='word_1_104' title='bbox 886 1597 1065 1679; x_wconf 82' lang='grc' dir='ltr'>ἀνίοι</span> <span class='ocrx_word' id='word_1_105' title='bbox 1123 1599 1354 1679; x_wconf 76' lang='grc' dir='ltr'>ποτέ·</span> <span class='ocrx_word' id='word_1_106' title='bbox 1334 1659 1356 1696; x_wconf 96' lang='grc'>,</span> <span class='ocrx_word' id='word_1_107' title='bbox 1440 1598 1614 1676; x_wconf 85' lang='grc' dir='ltr'>ἀλλ’</span> <span class='ocrx_word' id='word_1_108' title='bbox 1668 1597 1797 1677; x_wconf 77' lang='grc' dir='ltr'>οὖν</span> <span class='ocrx_word' id='word_1_109' title='bbox 1850 1631 1956 1699; x_wconf 89' lang='grc' dir='ltr'>γε,</span> <span class='ocrx_word' id='word_1_110' title='bbox 2007 1594 2141 1697; x_wconf 84' lang='grc' dir='ltr'>τὴν</span> <span class='ocrx_word' id='word_1_111' title='bbox 2197 1598 2314 1678; x_wconf 82' lang='grc' dir='ltr'>ἐπὶ</span> <span class='ocrx_word' id='word_1_112' title='bbox 2369 1593 2649 1701; x_wconf 87' lang='grc' dir='ltr'>θρόνων</span> 
     </span>
     <span class='ocr_line' id='line_1_12' title="bbox 242 1718 2992 1851; baseline -0.001 -50"><span class='ocrx_word' id='word_1_113' title='bbox 242 1720 536 1802; x_wconf 82' lang='grc' dir='ltr'>κάθισιν</span> <span class='ocrx_word' id='word_1_114' title='bbox 593 1728 742 1806; x_wconf 89' lang='grc' dir='ltr'>τοῖς</span> <span class='ocrx_word' id='word_1_115' title='bbox 806 1721 1038 1825; x_wconf 83' lang='grc' dir='ltr'>ἁγίοις</span> <span class='ocrx_word' id='word_1_116' title='bbox 1101 1720 1585 1825; x_wconf 82' lang='grc' dir='ltr'>ἐπηγγείλατο</span> <span class='ocrx_word' id='word_1_117' title='bbox 1650 1725 2023 1820; x_wconf 75' lang='grc' dir='ltr'>μαθηταῖς.</span> <span class='ocrx_word' id='word_1_118' title='bbox 2102 1731 2145 1768; x_wconf 87' lang='grc'><strong>“</strong></span> <span class='ocrx_word' id='word_1_119' title='bbox 2168 1718 2412 1801; x_wconf 74' lang='lat' dir='ltr'><em>‘&#39;Orav</em></span> <span class='ocrx_word' id='word_1_120' title='bbox 2472 1718 2644 1825; x_wconf 78' lang='grc' dir='ltr'>γὰρ,</span> <span class='ocrx_word' id='word_1_121' title='bbox 2672 1742 2717 1808; x_wconf 86' lang='lat' dir='ltr'>b</span> <span class='ocrx_word' id='word_1_122' title='bbox 2739 1731 2992 1851; x_wconf 55' lang='lat' dir='ltr'>{fflgh</span> 
     </span>
     <span class='ocr_line' id='line_1_13' title="bbox 243 1843 2651 1953; baseline -0 -27"><span class='ocrx_word' id='word_1_123' title='bbox 243 1857 289 1894; x_wconf 80' lang='lat'>‘⁶</span> <span class='ocrx_word' id='word_1_124' title='bbox 321 1849 575 1953; x_wconf 78' lang='grc' dir='ltr'>φησὶν,</span> <span class='ocrx_word' id='word_1_125' title='bbox 637 1847 678 1926; x_wconf 95' lang='lat'>5</span> <span class='ocrx_word' id='word_1_126' title='bbox 744 1845 893 1931; x_wconf 80' lang='grc' dir='ltr'>υἱὸς</span> <span class='ocrx_word' id='word_1_127' title='bbox 953 1853 1083 1928; x_wconf 93' lang='grc' dir='ltr'>τοῦ</span> <span class='ocrx_word' id='word_1_128' title='bbox 1147 1845 1533 1950; x_wconf 76' lang='grc' dir='ltr'>ἀνθρώπου</span> <span class='ocrx_word' id='word_1_129' title='bbox 1597 1846 1867 1950; x_wconf 82' lang='grc' dir='ltr'>καθίσῃ</span> <span class='ocrx_word' id='word_1_130' title='bbox 1924 1847 2040 1926; x_wconf 93' lang='grc' dir='ltr'>ἐπι</span> <span class='ocrx_word' id='word_1_131' title='bbox 2104 1844 2366 1949; x_wconf 89' lang='grc' dir='ltr'>θρόνου</span> <span class='ocrx_word' id='word_1_132' title='bbox 2430 1843 2651 1951; x_wconf 82' lang='grc' dir='ltr'>δόξης</span> 
     </span>
     <span class='ocr_line' id='line_1_14' title="bbox 240 1967 2653 2073; baseline 0.001 -23"><span class='ocrx_word' id='word_1_133' title='bbox 240 1982 286 2020; x_wconf 86' lang='grc'><strong>“</strong></span> <span class='ocrx_word' id='word_1_134' title='bbox 324 1972 567 2071; x_wconf 84' lang='grc' dir='ltr'>αὐτοῦ,</span> <span class='ocrx_word' id='word_1_135' title='bbox 603 1974 722 2052; x_wconf 81' lang='grc' dir='ltr'>καὶ</span> <span class='ocrx_word' id='word_1_136' title='bbox 772 1972 968 2071; x_wconf 80' lang='grc' dir='ltr'>ὑμεῖς</span> <span class='ocrx_word' id='word_1_137' title='bbox 1017 1970 1409 2052; x_wconf 89' lang='grc' dir='ltr'>καθίσεσθε</span> <span class='ocrx_word' id='word_1_138' title='bbox 1455 1972 1570 2051; x_wconf 83' lang='grc' dir='ltr'>ἐπὶ</span> <span class='ocrx_word' id='word_1_139' title='bbox 1623 1968 1900 2051; x_wconf 78' lang='grc' dir='ltr'>δώδεκα</span> <span class='ocrx_word' id='word_1_140' title='bbox 1948 1967 2245 2073; x_wconf 79' lang='grc' dir='ltr'>θρόνους</span> <span class='ocrx_word' id='word_1_141' title='bbox 2295 1969 2653 2073; x_wconf 76' lang='grc' dir='ltr'>κρίνοντες</span> 
     </span>
     <span class='ocr_line' id='line_1_15' title="bbox 239 2091 2645 2202; baseline -0.001 -25.894"><span class='ocrx_word' id='word_1_142' title='bbox 239 2093 452 2179; x_wconf 67' lang='lat' dir='ltr'>“v-215·</span> <span class='ocrx_word' id='word_1_143' title='bbox 518 2093 794 2177; x_wconf 88' lang='grc' dir='ltr'>δωδεκα</span> <span class='ocrx_word' id='word_1_144' title='bbox 860 2092 1104 2202; x_wconf 88' lang='grc' dir='ltr'>φυλας</span> <span class='ocrx_word' id='word_1_145' title='bbox 1167 2102 1295 2175; x_wconf 90' lang='grc' dir='ltr'>τοῦ</span> <span class='ocrx_word' id='word_1_146' title='bbox 1351 2091 1730 2199; x_wconf 86' lang='grc' dir='ltr'>Ἰσραήλ.”</span> <span class='ocrx_word' id='word_1_147' title='bbox 1818 2095 2073 2174; x_wconf 82' lang='grc' dir='ltr'>οὐκοῦν</span> <span class='ocrx_word' id='word_1_148' title='bbox 2133 2091 2645 2200; x_wconf 88' lang='grc' dir='ltr'>ἀνοιχήσομαι,</span> 
     </span>
     <span class='ocr_line' id='line_1_16' title="bbox 120 2216 2650 2327; baseline -0.001 -27"><span class='ocrx_word' id='word_1_149' title='bbox 120 2248 210 2312; x_wconf 83' lang='lat'>15</span> <span class='ocrx_word' id='word_1_150' title='bbox 240 2223 493 2327; x_wconf 82' lang='grc' dir='ltr'>φησὶν,</span> <span class='ocrx_word' id='word_1_151' title='bbox 531 2221 615 2299; x_wconf 82' lang='grc' dir='ltr'>οὐ</span> <span class='ocrx_word' id='word_1_152' title='bbox 650 2217 878 2320; x_wconf 77' lang='grc' dir='ltr'>μονὰς</span> <span class='ocrx_word' id='word_1_153' title='bbox 911 2220 1077 2319; x_wconf 80' lang='grc' dir='ltr'>ὑμῖν</span> <span class='ocrx_word' id='word_1_154' title='bbox 1113 2216 1546 2318; x_wconf 81' lang='grc' dir='ltr'>ἑτοιμάσων·</span> <span class='ocrx_word' id='word_1_155' title='bbox 1613 2221 1758 2298; x_wconf 79' lang='grc' dir='ltr'>εἰσὶ</span> <span class='ocrx_word' id='word_1_156' title='bbox 1809 2251 1956 2322; x_wconf 90' lang='grc' dir='ltr'>γαρ</span> <span class='ocrx_word' id='word_1_157' title='bbox 2005 2218 2144 2319; x_wconf 80' lang='grc' dir='ltr'>ἤδη</span> <span class='ocrx_word' id='word_1_158' title='bbox 2193 2220 2492 2316; x_wconf 80' lang='grc' dir='ltr'>πολλαὶ,</span> <span class='ocrx_word' id='word_1_159' title='bbox 2531 2251 2650 2299; x_wconf 93' lang='grc' dir='ltr'>και</span> 
     </span>
     <span class='ocr_line' id='line_1_17' title="bbox 236 2339 2647 2449; baseline -0.001 -25"><span class='ocrx_word' id='word_1_160' title='bbox 236 2342 322 2424; x_wconf 80' lang='grc' dir='ltr'>τὸ</span> <span class='ocrx_word' id='word_1_161' title='bbox 366 2346 1062 2444; x_wconf 88' lang='grc' dir='ltr'>ἐπικαινοτομεῖσθαι</span> <span class='ocrx_word' id='word_1_162' title='bbox 1110 2349 1202 2449; x_wconf 83' lang='grc' dir='ltr'>τῇ</span> <span class='ocrx_word' id='word_1_163' title='bbox 1252 2343 1478 2422; x_wconf 87' lang='grc' dir='ltr'>κτίσει</span> <span class='ocrx_word' id='word_1_164' title='bbox 1519 2342 1879 2446; x_wconf 88' lang='grc' dir='ltr'>περιττόν·</span> <span class='ocrx_word' id='word_1_165' title='bbox 1943 2343 2533 2447; x_wconf 88' lang='grc' dir='ltr'>προευτρεπίσων</span> <span class='ocrx_word' id='word_1_166' title='bbox 2567 2339 2647 2421; x_wconf 81' lang='grc' dir='ltr'>δὲ</span> 
     </span>
     <span class='ocr_line' id='line_1_18' title="bbox 234 2458 2648 2574; baseline -0.001 -26"><span class='ocrx_word' id='word_1_167' title='bbox 234 2458 464 2548; x_wconf 85' lang='grc' dir='ltr'>τόπον</span> <span class='ocrx_word' id='word_1_168' title='bbox 519 2470 684 2568; x_wconf 82' lang='grc' dir='ltr'>ὑμῖν</span> <span class='ocrx_word' id='word_1_169' title='bbox 739 2475 872 2548; x_wconf 91' lang='grc' dir='ltr'>τοῦ</span> <span class='ocrx_word' id='word_1_170' title='bbox 926 2463 1103 2547; x_wconf 82' lang='grc' dir='ltr'>εἶναι</span> <span class='ocrx_word' id='word_1_171' title='bbox 1156 2465 1516 2547; x_wconf 80' lang='grc' dir='ltr'>δύνασθαι</span> <span class='ocrx_word' id='word_1_172' title='bbox 1574 2464 1834 2548; x_wconf 80' lang='grc' dir='ltr'>λοιπὸν</span> <span class='ocrx_word' id='word_1_173' title='bbox 1888 2466 2164 2574; x_wconf 75' lang='grc' dir='ltr'>ἀναμὶξ</span> <span class='ocrx_word' id='word_1_174' title='bbox 2211 2474 2361 2552; x_wconf 89' lang='grc' dir='ltr'>τοῖς</span> <span class='ocrx_word' id='word_1_175' title='bbox 2418 2466 2648 2569; x_wconf 79' lang='grc' dir='ltr'>ἁγίοις</span> 
     </span>
     <span class='ocr_line' id='line_1_19' title="bbox 236 2589 2647 2695; baseline 0 -25"><span class='ocrx_word' id='word_1_176' title='bbox 236 2591 582 2695; x_wconf 80' lang='grc' dir='ltr'>ἀγγέλοις</span> <span class='ocrx_word' id='word_1_177' title='bbox 634 2592 799 2677; x_wconf 83' lang='grc' dir='ltr'>τοὺς</span> <span class='ocrx_word' id='word_1_178' title='bbox 852 2591 1065 2676; x_wconf 78' lang='grc' dir='ltr'>ὄντας</span> <span class='ocrx_word' id='word_1_179' title='bbox 1119 2594 1236 2672; x_wconf 85' lang='grc' dir='ltr'>ἐπὶ</span> <span class='ocrx_word' id='word_1_180' title='bbox 1289 2595 1418 2693; x_wconf 80' lang='grc' dir='ltr'>τῆς</span> <span class='ocrx_word' id='word_1_181' title='bbox 1464 2595 1619 2694; x_wconf 77' lang='grc' dir='ltr'>γῆς,</span> <span class='ocrx_word' id='word_1_182' title='bbox 1658 2591 1776 2671; x_wconf 81' lang='grc' dir='ltr'>διὰ</span> <span class='ocrx_word' id='word_1_183' title='bbox 1824 2589 1959 2691; x_wconf 81' lang='grc' dir='ltr'>τὴν</span> <span class='ocrx_word' id='word_1_184' title='bbox 2003 2590 2647 2691; x_wconf 85' lang='grc' dir='ltr'>μεσολαβήσασαν</span> 
     </span>
     <span class='ocr_line' id='line_1_20' title="bbox 237 2714 2644 2821; baseline 0 -26"><span class='ocrx_word' id='word_1_185' title='bbox 237 2717 613 2819; x_wconf 81' lang='grc' dir='ltr'>ἁμαρτίαν·</span> <span class='ocrx_word' id='word_1_186' title='bbox 691 2718 774 2796; x_wconf 81' lang='grc' dir='ltr'>οὐ</span> <span class='ocrx_word' id='word_1_187' title='bbox 807 2714 953 2820; x_wconf 80' lang='grc' dir='ltr'>γὰρ</span> <span class='ocrx_word' id='word_1_188' title='bbox 989 2714 1083 2798; x_wconf 86' lang='grc' dir='ltr'>ἀν</span> <span class='ocrx_word' id='word_1_189' title='bbox 1116 2717 1377 2821; x_wconf 85' lang='grc' dir='ltr'>ἐμίχθη</span> <span class='ocrx_word' id='word_1_190' title='bbox 1411 2723 1561 2800; x_wconf 87' lang='grc' dir='ltr'>τοῖς</span> <span class='ocrx_word' id='word_1_191' title='bbox 1594 2716 1781 2796; x_wconf 77' lang='grc' dir='ltr'>οὕτω</span> <span class='ocrx_word' id='word_1_192' title='bbox 1817 2714 2167 2814; x_wconf 84' lang='grc' dir='ltr'>βεβήλοις</span> <span class='ocrx_word' id='word_1_193' title='bbox 2204 2716 2247 2814; x_wconf 84' lang='grc' dir='ltr'><strong><em>ἡ</em></strong></span> <span class='ocrx_word' id='word_1_194' title='bbox 2286 2717 2460 2818; x_wconf 86' lang='grc' dir='ltr'>ἀγία</span> <span class='ocrx_word' id='word_1_195' title='bbox 2496 2721 2644 2795; x_wconf 80' lang='grc' dir='ltr'>τῶν</span> 
     </span>
     <span class='ocr_line' id='line_1_21' title="bbox 119 2839 2700 2948; baseline 0.002 -30"><span class='ocrx_word' id='word_1_196' title='bbox 119 2878 210 2918; x_wconf 82' lang='lat'>20</span> <span class='ocrx_word' id='word_1_197' title='bbox 239 2839 391 2920; x_wconf 80' lang='grc' dir='ltr'>ἀνω</span> <span class='ocrx_word' id='word_1_198' title='bbox 441 2840 752 2940; x_wconf 83' lang='grc' dir='ltr'>πληθύς·</span> <span class='ocrx_word' id='word_1_199' title='bbox 813 2840 1284 2944; x_wconf 77' lang='grc' dir='ltr'>κατορθώσας</span> <span class='ocrx_word' id='word_1_200' title='bbox 1337 2844 1414 2920; x_wconf 80' lang='grc' dir='ltr'>δὲ</span> <span class='ocrx_word' id='word_1_201' title='bbox 1459 2849 1697 2938; x_wconf 87' lang='grc' dir='ltr'>τοῦτο,</span> <span class='ocrx_word' id='word_1_202' title='bbox 1733 2844 1850 2921; x_wconf 84' lang='grc' dir='ltr'>καὶ</span> <span class='ocrx_word' id='word_1_203' title='bbox 1900 2839 2249 2948; x_wconf 78' lang='grc' dir='ltr'>συνάψας</span> <span class='ocrx_word' id='word_1_204' title='bbox 2296 2846 2446 2924; x_wconf 89' lang='grc' dir='ltr'>τοῖς</span> <span class='ocrx_word' id='word_1_205' title='bbox 2492 2839 2640 2920; x_wconf 78' lang='grc' dir='ltr'>ἀνω</span> <span class='ocrx_word' id='word_1_206' title='bbox 2663 2878 2700 2922; x_wconf 82' lang='grc' dir='ltr'>ο</span> 
     </span>
     <span class='ocr_line' id='line_1_22' title="bbox 238 2960 2638 3065; baseline -0.001 -20"><span class='ocrx_word' id='word_1_207' title='bbox 238 2962 369 3045; x_wconf 80' lang='grc' dir='ltr'>τὸν</span> <span class='ocrx_word' id='word_1_208' title='bbox 400 2960 619 3061; x_wconf 85' lang='grc' dir='ltr'>κάτω,</span> <span class='ocrx_word' id='word_1_209' title='bbox 653 2961 881 3044; x_wconf 85' lang='grc' dir='ltr'>τόπον</span> <span class='ocrx_word' id='word_1_210' title='bbox 917 2962 993 3042; x_wconf 78' lang='grc' dir='ltr'>δὲ</span> <span class='ocrx_word' id='word_1_211' title='bbox 1030 2961 1197 3048; x_wconf 78' lang='grc' dir='ltr'>δοὺς</span> <span class='ocrx_word' id='word_1_212' title='bbox 1231 2961 1491 3044; x_wconf 81' lang='grc' dir='ltr'>ἀνόδου</span> <span class='ocrx_word' id='word_1_213' title='bbox 1526 2967 1655 3065; x_wconf 84' lang='grc' dir='ltr'>τῆς</span> <span class='ocrx_word' id='word_1_214' title='bbox 1692 2969 1788 3048; x_wconf 78' lang='grc' dir='ltr'>εἷς</span> <span class='ocrx_word' id='word_1_215' title='bbox 1822 2962 1956 3064; x_wconf 83' lang='grc' dir='ltr'>τὴν</span> <span class='ocrx_word' id='word_1_216' title='bbox 1992 2965 2140 3044; x_wconf 80' lang='grc' dir='ltr'>ἀνω</span> <span class='ocrx_word' id='word_1_217' title='bbox 2187 2961 2408 3044; x_wconf 86' lang='grc' dir='ltr'>πόλιν</span> <span class='ocrx_word' id='word_1_218' title='bbox 2446 2964 2638 3062; x_wconf 82' lang='grc' dir='ltr'>ὑμῖν,</span> 
     </span>
     <span class='ocr_line' id='line_1_23' title="bbox 238 3085 2646 3241; baseline -0.001 -71"><span class='ocrx_word' id='word_1_219' title='bbox 238 3087 463 3170; x_wconf 69' lang='grc' dir='ltr'>πάλιν</span> <span class='ocrx_word' id='word_1_220' title='bbox 484 3085 822 3194; x_wconf 84' lang='grc' dir='ltr'>ἐπανήξω</span> <span class='ocrx_word' id='word_1_221' title='bbox 855 3085 1040 3167; x_wconf 80' lang='grc' dir='ltr'>κατὰ</span> <span class='ocrx_word' id='word_1_222' title='bbox 1074 3121 1203 3167; x_wconf 92' lang='grc' dir='ltr'>τον</span> <span class='ocrx_word' id='word_1_223' title='bbox 1222 3092 1351 3188; x_wconf 87' lang='grc' dir='ltr'>τῆς</span> <span class='ocrx_word' id='word_1_224' title='bbox 1357 3088 1951 3241; x_wconf 86' lang='grc' dir='ltr'>παλιγγενεσίας</span> <span class='ocrx_word' id='word_1_225' title='bbox 1987 3121 2233 3190; x_wconf 89' lang='grc' dir='ltr'>καιρον</span> <span class='ocrx_word' id='word_1_226' title='bbox 2261 3123 2380 3168; x_wconf 73' lang='grc' dir='ltr'>και</span> <span class='ocrx_word' id='word_1_227' title='bbox 2410 3121 2646 3192; x_wconf 76' lang='grc' dir='ltr'>παρα-</span> 
     </span>
     <span class='ocr_line' id='line_1_24' title="bbox 235 3206 2640 3321; baseline -0.001 -28"><span class='ocrx_word' id='word_1_228' title='bbox 235 3206 648 3321; x_wconf 67' lang='grc' dir='ltr'>λήψομαι</span> <span class='ocrx_word' id='word_1_229' title='bbox 616 3213 799 3317; x_wconf 74' lang='grc' dir='ltr'>υμῖις</span> <span class='ocrx_word' id='word_1_230' title='bbox 835 3208 999 3311; x_wconf 83' lang='grc' dir='ltr'>μεθ’</span> <span class='ocrx_word' id='word_1_231' title='bbox 1036 3211 1311 3308; x_wconf 91' lang='grc' dir='ltr'>εαυτοῦ,</span> <span class='ocrx_word' id='word_1_232' title='bbox 1343 3210 1456 3293; x_wconf 73' lang='grc' dir='ltr'>ἵνα.</span> <span class='ocrx_word' id='word_1_233' title='bbox 1496 3211 1661 3293; x_wconf 74' lang='grc' dir='ltr'>’ὅπου</span> <span class='ocrx_word' id='word_1_234' title='bbox 1715 3219 1849 3318; x_wconf 77' lang='grc' dir='ltr'>εἰμι</span> <span class='ocrx_word' id='word_1_235' title='bbox 1903 3210 2040 3315; x_wconf 77' lang='grc' dir='ltr'>ἐγω</span> <span class='ocrx_word' id='word_1_236' title='bbox 2093 3245 2215 3293; x_wconf 77' lang='grc' dir='ltr'>και</span> <span class='ocrx_word' id='word_1_237' title='bbox 2267 3216 2455 3317; x_wconf 76' lang='grc' dir='ltr'>ὑμεῖς</span> <span class='ocrx_word' id='word_1_238' title='bbox 2505 3245 2640 3305; x_wconf 71' lang='lat' dir='ltr'>nn.</span> 
     </span>
     <span class='ocr_line' id='line_1_25' title="bbox 238 3335 2657 3443; baseline -0.001 -25"><span class='ocrx_word' id='word_1_239' title='bbox 238 3372 281 3418; x_wconf 94' lang='grc' dir='ltr'>ο</span> <span class='ocrx_word' id='word_1_240' title='bbox 336 3339 454 3416; x_wconf 80' lang='grc' dir='ltr'>καὶ</span> <span class='ocrx_word' id='word_1_241' title='bbox 510 3339 749 3420; x_wconf 84' lang='grc' dir='ltr'>συνεὶς</span> <span class='ocrx_word' id='word_1_242' title='bbox 803 3336 844 3414; x_wconf 96' lang='lat'>5</span> <span class='ocrx_word' id='word_1_243' title='bbox 903 3341 1207 3420; x_wconf 85' lang='grc' dir='ltr'>Παῦλος</span> <span class='ocrx_word' id='word_1_244' title='bbox 1261 3337 1336 3415; x_wconf 89' lang='grc' dir='ltr'>ἐν</span> <span class='ocrx_word' id='word_1_245' title='bbox 1390 3337 1676 3419; x_wconf 77' lang='grc' dir='ltr'>οἰκείαις</span> <span class='ocrx_word' id='word_1_246' title='bbox 1731 3339 2151 3420; x_wconf 85' lang='grc' dir='ltr'>ἐπιστολαῖς</span> <span class='ocrx_word' id='word_1_247' title='bbox 2207 3337 2392 3417; x_wconf 81' lang='grc' dir='ltr'>οὕτω</span> <span class='ocrx_word' id='word_1_248' title='bbox 2455 3335 2657 3443; x_wconf 85' lang='grc' dir='ltr'>φησί</span> 
     </span>
     <span class='ocr_line' id='line_1_26' title="bbox 117 3457 2986 3596; baseline 0.001 -61"><span class='ocrx_word' id='word_1_249' title='bbox 117 3487 207 3551; x_wconf 80' lang='lat'>25</span> <span class='ocrx_word' id='word_1_250' title='bbox 238 3470 285 3508; x_wconf 92' lang='lat'>“</span> <span class='ocrx_word' id='word_1_251' title='bbox 321 3466 562 3541; x_wconf 90' lang='grc' dir='ltr'>Τοῦτο</span> <span class='ocrx_word' id='word_1_252' title='bbox 615 3457 759 3562; x_wconf 83' lang='grc' dir='ltr'>γὰρ</span> <span class='ocrx_word' id='word_1_253' title='bbox 817 3460 981 3558; x_wconf 84' lang='grc' dir='ltr'>ὑμῖν</span> <span class='ocrx_word' id='word_1_254' title='bbox 1037 3458 1349 3560; x_wconf 83' lang='grc' dir='ltr'>λε’γομεν</span> <span class='ocrx_word' id='word_1_255' title='bbox 1406 3461 1481 3538; x_wconf 86' lang='grc' dir='ltr'>ἐν</span> <span class='ocrx_word' id='word_1_256' title='bbox 1536 3458 1742 3566; x_wconf 73' lang='grc' dir='ltr'>λόγῳ</span> <span class='ocrx_word' id='word_1_257' title='bbox 1803 3459 2094 3565; x_wconf 90' lang='grc' dir='ltr'>Κυρίου,</span> <span class='ocrx_word' id='word_1_258' title='bbox 2152 3458 2263 3540; x_wconf 81' lang='grc' dir='ltr'>ὅτι</span> <span class='ocrx_word' id='word_1_259' title='bbox 2321 3460 2519 3559; x_wconf 87' lang='grc' dir='ltr'>ἡμεῖς</span> <span class='ocrx_word' id='word_1_260' title='bbox 2581 3493 2649 3539; x_wconf 94' lang='grc' dir='ltr'>οι</span> <span class='ocrx_word' id='word_1_261' title='bbox 2733 3464 2986 3596; x_wconf 47' lang='grc' dir='ltr'>ἔνᾟέἶξῖ.</span> 
     </span>
     <span class='ocr_line' id='line_1_27' title="bbox 236 3581 2648 3688; baseline 0 -25"><span class='ocrx_word' id='word_1_262' title='bbox 236 3594 283 3631; x_wconf 83' lang='grc'><strong>“</strong></span> <span class='ocrx_word' id='word_1_263' title='bbox 323 3582 577 3685; x_wconf 76' lang='grc' dir='ltr'>ζῶντες</span> <span class='ocrx_word' id='word_1_264' title='bbox 634 3618 702 3664; x_wconf 94' lang='grc' dir='ltr'>οι</span> <span class='ocrx_word' id='word_1_265' title='bbox 753 3581 1331 3686; x_wconf 86' lang='grc' dir='ltr'>περιλειπόμενοι</span> <span class='ocrx_word' id='word_1_266' title='bbox 1381 3587 1481 3666; x_wconf 81' lang='grc' dir='ltr'>εἷς</span> <span class='ocrx_word' id='word_1_267' title='bbox 1534 3581 1670 3682; x_wconf 85' lang='grc' dir='ltr'>τὴν</span> <span class='ocrx_word' id='word_1_268' title='bbox 1726 3582 2136 3688; x_wconf 87' lang='grc' dir='ltr'>παρουσίαν</span> <span class='ocrx_word' id='word_1_269' title='bbox 2186 3590 2317 3664; x_wconf 93' lang='grc' dir='ltr'>τοῦ</span> <span class='ocrx_word' id='word_1_270' title='bbox 2378 3582 2648 3687; x_wconf 88' lang='grc' dir='ltr'>Κυρίου</span> 
     </span>
     <span class='ocr_line' id='line_1_28' title="bbox 237 3702 2650 3814; baseline -0 -27"><span class='ocrx_word' id='word_1_271' title='bbox 237 3716 283 3754; x_wconf 91' lang='lat'>“</span> <span class='ocrx_word' id='word_1_272' title='bbox 318 3708 404 3787; x_wconf 80' lang='grc' dir='ltr'>οὐ</span> <span class='ocrx_word' id='word_1_273' title='bbox 437 3705 540 3808; x_wconf 86' lang='grc' dir='ltr'>μὴ</span> <span class='ocrx_word' id='word_1_274' title='bbox 579 3705 986 3814; x_wconf 80' lang='grc' dir='ltr'>φθάσωμεν</span> <span class='ocrx_word' id='word_1_275' title='bbox 1020 3702 1187 3792; x_wconf 82' lang='grc' dir='ltr'>τοῦς</span> <span class='ocrx_word' id='word_1_276' title='bbox 1236 3706 1724 3808; x_wconf 82' lang='grc' dir='ltr'>κοιμηθέντας,</span> <span class='ocrx_word' id='word_1_277' title='bbox 1764 3707 1874 3788; x_wconf 84' lang='grc' dir='ltr'>ὅτι</span> <span class='ocrx_word' id='word_1_278' title='bbox 1911 3707 2127 3791; x_wconf 78' lang='grc' dir='ltr'>αὐτὸς</span> <span class='ocrx_word' id='word_1_279' title='bbox 2172 3709 2213 3787; x_wconf 94' lang='lat'>5</span> <span class='ocrx_word' id='word_1_280' title='bbox 2256 3707 2525 3812; x_wconf 84' lang='grc' dir='ltr'>Κύριος</span> <span class='ocrx_word' id='word_1_281' title='bbox 2572 3708 2650 3787; x_wconf 86' lang='grc' dir='ltr'>ἐν</span> 
     </span>
     <span class='ocr_line' id='line_1_29' title="bbox 239 3828 2718 3937; baseline 0.002 -27"><span class='ocrx_word' id='word_1_282' title='bbox 239 3841 284 3879; x_wconf 86' lang='lat'>“</span> <span class='ocrx_word' id='word_1_283' title='bbox 319 3829 776 3929; x_wconf 85' lang='grc' dir='ltr'>κελεύσματι,</span> <span class='ocrx_word' id='word_1_284' title='bbox 822 3833 900 3911; x_wconf 88' lang='grc' dir='ltr'>ἐν</span> <span class='ocrx_word' id='word_1_285' title='bbox 949 3832 1161 3937; x_wconf 81' lang='grc' dir='ltr'>φωνῇ</span> <span class='ocrx_word' id='word_1_286' title='bbox 1217 3828 1690 3936; x_wconf 81' lang='grc' dir='ltr'>ἀρχαγγέλου</span> <span class='ocrx_word' id='word_1_287' title='bbox 1745 3835 1861 3912; x_wconf 78' lang='grc' dir='ltr'>καὶ</span> <span class='ocrx_word' id='word_1_288' title='bbox 1918 3833 1995 3912; x_wconf 88' lang='grc' dir='ltr'>ἐν</span> <span class='ocrx_word' id='word_1_289' title='bbox 2038 3830 2409 3934; x_wconf 81' lang='grc' dir='ltr'>σάλπιγγι</span> <span class='ocrx_word' id='word_1_290' title='bbox 2456 3836 2649 3912; x_wconf 82' lang='grc' dir='ltr'>Θεοῦ</span> <span class='ocrx_word' id='word_1_291' title='bbox 2672 3847 2718 3914; x_wconf 82' lang='lat' dir='ltr'><strong>d</strong></span> 
     </span>
     <span class='ocr_line' id='line_1_30' title="bbox 241 3953 2644 4062; baseline 0 -29"><span class='ocrx_word' id='word_1_292' title='bbox 241 3963 286 4000; x_wconf 71' lang='lat'>‘⁶</span> <span class='ocrx_word' id='word_1_293' title='bbox 321 3953 814 4054; x_wconf 85' lang='grc' dir='ltr'>καταβήσεται</span> <span class='ocrx_word' id='word_1_294' title='bbox 867 3953 992 4035; x_wconf 87' lang='grc' dir='ltr'>ἀπ’</span> <span class='ocrx_word' id='word_1_295' title='bbox 1032 3955 1364 4058; x_wconf 83' lang='grc' dir='ltr'>οὐρανοῦ,</span> <span class='ocrx_word' id='word_1_296' title='bbox 1406 3958 1523 4036; x_wconf 80' lang='grc' dir='ltr'>καὶ</span> <span class='ocrx_word' id='word_1_297' title='bbox 1579 3958 1648 4035; x_wconf 85' lang='grc' dir='ltr'>οὶ</span> <span class='ocrx_word' id='word_1_298' title='bbox 1705 3957 1937 4058; x_wconf 85' lang='grc' dir='ltr'>νεκροὶ</span> <span class='ocrx_word' id='word_1_299' title='bbox 1993 3957 2068 4035; x_wconf 87' lang='grc' dir='ltr'>ἐν</span> <span class='ocrx_word' id='word_1_300' title='bbox 2104 3961 2413 4062; x_wconf 75' lang='grc' dir='ltr'>Χριστῷ</span> <span class='ocrx_word' id='word_1_301' title='bbox 2461 3957 2644 4035; x_wconf 91' lang='grc' dir='ltr'>ἀνα-</span> 
     </span>
     <span class='ocr_line' id='line_1_31' title="bbox 122 4073 2641 4182; baseline 0.001 -26"><span class='ocrx_word' id='word_1_302' title='bbox 122 4106 213 4168; x_wconf 81' lang='lat'>30</span> <span class='ocrx_word' id='word_1_303' title='bbox 242 4086 287 4124; x_wconf 75' lang='lat'>‘⁴</span> <span class='ocrx_word' id='word_1_304' title='bbox 324 4073 729 4177; x_wconf 79' lang='grc' dir='ltr'>στήσονται</span> <span class='ocrx_word' id='word_1_305' title='bbox 781 4084 1092 4182; x_wconf 78' lang='grc' dir='ltr'>πρῶτον,</span> <span class='ocrx_word' id='word_1_306' title='bbox 1130 4078 1375 4158; x_wconf 79' lang='grc' dir='ltr'>ἔπειτα</span> <span class='ocrx_word' id='word_1_307' title='bbox 1429 4079 1631 4179; x_wconf 89' lang='grc' dir='ltr'>ἡμεῖς</span> <span class='ocrx_word' id='word_1_308' title='bbox 1687 4083 1753 4159; x_wconf 80' lang='grc' dir='ltr'>οἱ</span> <span class='ocrx_word' id='word_1_309' title='bbox 1809 4078 2063 4181; x_wconf 75' lang='grc' dir='ltr'>ζῶντες</span> <span class='ocrx_word' id='word_1_310' title='bbox 2118 4084 2185 4159; x_wconf 84' lang='grc' dir='ltr'>οὶ</span> <span class='ocrx_word' id='word_1_311' title='bbox 2238 4075 2641 4182; x_wconf 88' lang='grc' dir='ltr'>περιλειπό-</span> 
     </span>
     <span class='ocr_line' id='line_1_32' title="bbox 242 4200 2648 4309; baseline 0.003 -28"><span class='ocrx_word' id='word_1_312' title='bbox 242 4209 286 4247; x_wconf 84' lang='grc'><strong>“</strong></span> <span class='ocrx_word' id='word_1_313' title='bbox 322 4234 525 4300; x_wconf 89' lang='grc' dir='ltr'>μενοι</span> <span class='ocrx_word' id='word_1_314' title='bbox 595 4200 747 4302; x_wconf 79' lang='grc' dir='ltr'>ἅμα</span> <span class='ocrx_word' id='word_1_315' title='bbox 816 4200 959 4283; x_wconf 80' lang='grc' dir='ltr'>σῦν</span> <span class='ocrx_word' id='word_1_316' title='bbox 1023 4203 1263 4287; x_wconf 79' lang='grc' dir='ltr'>αὐτοῖς</span> <span class='ocrx_word' id='word_1_317' title='bbox 1336 4202 1917 4306; x_wconf 83' lang='grc' dir='ltr'>ἁρπαγησόμεθα</span> <span class='ocrx_word' id='word_1_318' title='bbox 1985 4205 2062 4282; x_wconf 93' lang='grc' dir='ltr'>ἐν</span> <span class='ocrx_word' id='word_1_319' title='bbox 2135 4200 2475 4309; x_wconf 76' lang='grc' dir='ltr'>νεφέλαις</span> <span class='ocrx_word' id='word_1_320' title='bbox 2550 4208 2648 4288; x_wconf 71' lang='grc' dir='ltr'>εἷς</span> 
     </span>
    </p>
   </div>
   <div class='ocr_carea' id='block_1_3' title="bbox 321 4419 2649 4547">
    <p class='ocr_par' dir='ltr' id='par_1_3' title="bbox 321 4419 2649 4547">
     <span class='ocr_line' id='line_1_33' title="bbox 321 4419 2649 4547; baseline 0 -72"><span class='ocrx_word' id='word_1_321' title='bbox 321 4438 431 4513; x_wconf 49' lang='lat'>12.</span> <span class='ocrx_word' id='word_1_322' title='bbox 443 4419 773 4547; x_wconf 67' lang='grc' dir='ltr'>καθήσεσθε2</span> <span class='ocrx_word' id='word_1_323' title='bbox 765 4421 832 4479; x_wconf 78' lang='grc' dir='ltr'>Ε.</span> <span class='ocrx_word' id='word_1_324' title='bbox 940 4423 1141 4494; x_wconf 72' lang='grc' dir='ltr'>θρόνων</span> <span class='ocrx_word' id='word_1_325' title='bbox 1165 4423 1229 4479; x_wconf 83' lang='grc' dir='ltr'>Ε.</span> <span class='ocrx_word' id='word_1_326' title='bbox 1475 4422 1557 4479; x_wconf 85' lang='lat'>16.</span> <span class='ocrx_word' id='word_1_327' title='bbox 1593 4421 1679 4497; x_wconf 69' lang='grc' dir='ltr'>δι’]</span> <span class='ocrx_word' id='word_1_328' title='bbox 1706 4424 1790 4479; x_wconf 73' lang='grc' dir='ltr'>καὶ</span> <span class='ocrx_word' id='word_1_329' title='bbox 1815 4424 1881 4479; x_wconf 83' lang='grc' dir='ltr'><strong>Ε.</strong></span> <span class='ocrx_word' id='word_1_330' title='bbox 2124 4439 2210 4478; x_wconf 85' lang='lat'>21.</span> <span class='ocrx_word' id='word_1_331' title='bbox 2246 4423 2338 4477; x_wconf 75' lang='grc' dir='ltr'>τὸν</span> <span class='ocrx_word' id='word_1_332' title='bbox 2361 4421 2427 4478; x_wconf 79' lang='grc' dir='ltr'>Ε.</span> <span class='ocrx_word' id='word_1_333' title='bbox 2451 4423 2517 4476; x_wconf 76' lang='grc' dir='ltr'>τὰ</span> <span class='ocrx_word' id='word_1_334' title='bbox 2542 4421 2649 4478; x_wconf 81' lang='lat' dir='ltr'>Ed.</span> 
     </span>
    </p>
   </div>
   <div class='ocr_carea' id='block_1_4' title="bbox 244 4490 2649 4636">
    <p class='ocr_par' dir='ltr' id='par_1_4' title="bbox 244 4490 2649 4636">
     <span class='ocr_line' id='line_1_34' title="bbox 244 4490 2649 4636; baseline 0 -89"><span class='ocrx_word' id='word_1_335' title='bbox 244 4509 335 4636; x_wconf 53' lang='grc' dir='ltr'><strong>ἐξ.</strong></span> <span class='ocrx_word' id='word_1_336' title='bbox 370 4491 550 4620; x_wconf 48' lang='lat' dir='ltr'><strong>ZrEFi·</strong></span> <span class='ocrx_word' id='word_1_337' title='bbox 575 4507 810 4619; x_wconf 60' lang='grc' dir='ltr'>πὸΕπᾶις</span> <span class='ocrx_word' id='word_1_338' title='bbox 776 4490 1484 4566; x_wconf 75' lang='grc' dir='ltr'>4.Παῦλος]-Ι-ὀρθόςΕ.</span> <span class='ocrx_word' id='word_1_339' title='bbox 1709 4508 1797 4565; x_wconf 79' lang='lat'>27.</span> <span class='ocrx_word' id='word_1_340' title='bbox 1832 4494 2215 4566; x_wconf 70' lang='grc' dir='ltr'>φθάσομσνΕ.</span> <span class='ocrx_word' id='word_1_341' title='bbox 2238 4491 2649 4565; x_wconf 74' lang='grc' dir='ltr'>φθάσομοΕᾱ.</span> 
     </span>
    </p>
   </div>
  </div>
 </body>
</html>
