3238 5158
187 336 316 401 xiv.
348 351 450 419 27.
747 336 861 402 IN
922 337 992 403 S.
1039 336 1549 403 JOANNEM.
1643 335 1836 403 LIB.
1884 337 1968 404 X.
2009 335 2014 340 ’
2474 338 2607 403 509

189 502 292 585 ἔτι
312 497 317 504 ’
341 500 674 606 μάλιστα
724 503 1176 614 φιλαιτάτων
1221 502 1574 605 ἀδόκητον
1611 503 1983 603 ὑπομένειν
2018 500 2325 609 ζημίαν,
2389 503 2599 586 καθί-

187 663 420 729 στησι
473 629 714 711 τοίνυν
755 627 1033 715 αὐτοὺς
1061 629 1264 736 λύπῃ
1314 633 1430 709 καὶ
1488 628 1706 737 φόβῳ
1763 628 2348 733 τεταραγμένους.
2421 625 2605 732 πρό-

188 758 423 861 φασις
457 752 590 853 μὲν
625 752 771 858 γὰρ
808 757 925 835 καὶ
959 754 1116 859 ῥίζα
1168 753 1425 852 λύπης,
1462 750 1547 834 τὸ
1584 752 1885 854 μέλλειν
1922 754 2160 833 αὐτῶν
2192 755 2606 860 ἀποφοιτᾶν

186 878 308 956 καὶ
365 879 923 983 ἀνακομίζεσθαι
983 874 1167 982 πρὸς
1196 874 1217 886 ’
1233 875 1363 959 τὸν
1424 878 1742 981 Πατέρα,
1801 876 2211 977 δικαιοτάτη
2278 910 2435 960 πως
2492 873 2604 977 ἦν,
2630 909 2668 954 ο

117 1021 159 1084 6
188 1002 494 1096 ἐποιεῖτο
550 1001 627 1082 δὲ
680 1002 952 1106 μητέρα
1006 1001 1140 1102 τὴν
1190 1002 1515 1109 ὑποψίαν
1565 1008 1697 1082 τοῦ
1749 999 1989 1082 πάντα
2042 1000 2451 1098 πείσεσθαι,
2488 1002 2607 1080 καὶ

186 1125 360 1205 λίαν
396 1125 716 1226 ἑτοίμως,
754 1127 840 1206 οὑ
890 1125 1401 1229 συμπαρόντος
1438 1126 1562 1225 ἔτι,
1597 1124 1782 1206 κατά
1835 1160 1921 1228 γε
1972 1122 2106 1227 τὴν
2140 1126 2427 1232 ἐμφανῆ
2477 1132 2608 1204 τοῦ

189 1249 535 1350 σώματος
609 1249 811 1357 ὄψιν,
873 1258 1006 1331 τοῦ
1080 1249 1457 1353 διασώζειν
1520 1248 1927 1355 ἰσχύοντος.
2037 1255 2193 1333 πῶς
2259 1249 2334 1330 δὲ
2398 1247 2604 1328 καθί-

189 1407 488 1474 στησιν,
525 1371 572 1474 ἢ
627 1374 789 1454 τίνα
842 1372 1117 1478 τρόπον
1158 1378 1396 1459 αὐτοῖς
1452 1372 1536 1454 τὸ
1592 1376 1672 1454 ἐκ
1730 1377 1856 1474 τῆς
1910 1373 2243 1473 εὐθυμίας
2299 1369 2609 1479 φαιδρὸν

190 1495 658 1600 εἰσοικίζέται,
699 1503 816 1580 καὶ
859 1496 1042 1604 πρὸς
1092 1499 1288 1580 θείαν
1323 1500 1526 1582 αὖθις
1579 1497 1913 1601 γαλήνην
1951 1500 1991 1578 ὃ
2041 1506 2207 1581 νοῦς
2254 1493 2602 1578 κατευνά-
2678 1535 2686 1549 ·

81 1658 175 1731 10⁸
194 1620 434 1725 ζεται
500 1617 774 1728 δίδωμι,
815 1626 1071 1730 φησιν,
1110 1628 1261 1731 ὗμιν
1307 1626 1526 1730 εἰρήνην
1571 1657 1690 1704 και
1738 1627 1995 1730 ἀφίημι
2045 1626 2195 1727 ὑμῖν
2243 1621 2463 1727 εἰρήνην
2499 1617 2608 1714 τῆν

196 1745 374 1847 ἐμήν.
485 1745 748 1848 εἴρηκα,
827 1751 1039 1854 φησὶ,
1113 1744 1562 1844 πλειστάκις,
1636 1750 1735 1831 ὡς
1802 1746 2003 1826 “οὐκ
2076 1742 2350 1853 ἀφήσω
2424 1745 2608 1843 ὑμας
2697 1751 2910 1868 ἓξξῗᾶ

198 1868 715 1975 “ὀρφανούς·”
777 1871 947 1951 ἀλλ’
1006 1869 1168 1952 οὑδε
1223 1870 1430 1971 μόνοι
1486 1867 1619 1970 τὴν
1675 1873 1817 1973 γῆν
1862 1867 2190 1969 οἰκήσετε
2244 1876 2374 1948 τοῦ
2426 1873 2608 1966 βοη-

195 1992 594 2077 θοῦντος”
547 2028 791 2098 ερημοι
841 1997 960 2076 καὶ
1004 1995 1286 2097 γυμνοί·
1350 1994 1755 2094 συνέσομαι
1803 1993 1948 2097 γὰρ
1996 1991 2221 2074 πάλιν
2261 1993 2451 2091 ὑμῖν,
2490 1990 2608 2071 καὶ
2635 2007 2680 2073 (1

194 2115 406 2197 ἀπὼν
441 2123 548 2229 τῷ
600 2120 891 2218 σώματι
934 2122 1311 2226 ἀνατειχιῶ
1344 2117 1574 2200 πάλιν
1604 2124 1762 2202 ταῖς
1813 2118 2211 2218 εὑμενείαις,
2249 2120 2347 2200 ὡς
2384 2112 2604 2213 Θεὸς,

89 2269 170 2329 15
197 2239 349 2322 ἅνω
414 2240 736 2342 θήσομαι
801 2242 1116 2348 θορύβου
1169 2242 1468 2340 παντὸς,
1529 2242 1899 2346 περιέσται
1955 2240 2033 2322 δὲ
2088 2244 2216 2342 τῆς
2272 2241 2610 2342 ὑμετέρας

196 2364 580 2461 εὐτολμίας
627 2366 878 2450 οὐδείς·
939 2373 1082 2450 πᾶς
1136 2364 1283 2470 γὰρ
1337 2367 1678 2467 ἀτονήσει
1733 2366 1989 2473 φόβος,
2037 2368 2156 2447 καὶ
2203 2364 2433 2446 δειλία
2478 2362 2612 2461 μὲν

198 2485 523 2568 ἐκποδὼν
578 2487 976 2596 οἰχήσεται,
1032 2491 1188 2571 θεία
1245 2489 1335 2569 δέ
1380 2525 1490 2575 τις
1546 2493 1625 2570 ἐν
1685 2491 1850 2590 ὑμῖν
1906 2491 2243 2570 ἀνατελεῖ
2291 2486 2608 2588 δύναμις,

199 2612 642 2719 σχολάζοντι
715 2619 816 2722 νῷ
887 2620 1003 2696 καὶ
1079 2615 1511 2723 γαληνιῶσῃ
1586 2617 1844 2724 καρδίᾳ
1929 2614 2344 2723 ξεναγοῦσα
2424 2611 2608 2764 πρὸς

203 2736 678 2845 ἀποκάλυψιν
711 2746 857 2820 τῶν
893 2739 1069 2844 ὑπὲρ
1117 2740 1570 2844 ἀνθρώπινον
1604 2747 1793 2822 νοῦν.
1870 2748 1999 2821 νῦν
2045 2738 2122 2820 δὲ
2162 2734 2406 2843 δίδωμι
2456 2742 2607 2843 ὑμῖν

91 2900 174 2941 20
206 2862 444 2966 εἰρήνην,
483 2864 616 2968 οὐχ
666 2865 942 2961 ἁπλῶς,
979 2866 1149 2945 ἀλλ’
1189 2867 1407 2974 εἰρήνην
1444 2902 1553 2960 την
1597 2866 1773 2970 ἐμήν.
1863 2870 2077 2944 τοῦτο
2132 2862 2209 2943 δε
2262 2859 2353 2961 ἦν
2396 2864 2667 2966 έναρ-ο

202 2989 351 3086 γῶς
405 2985 708 3067 οὐδέν’
662 3021 901 3090 ετερον
952 2993 1189 3087 εἰπεῖν,
1244 2985 1292 3089 ἢ
1350 2988 1460 3069 ὅτι
1513 2986 1912 3138 χορηγήσω
1968 2985 2055 3068 τὸ
2111 2992 2430 3084 Πνεῦμα,
2488 2989 2608 3066 καὶ

199 3141 604 3210 συνεσομαι
641 3110 728 3193 δι’
766 3114 1074 3213 εμαυτοῦ
1110 3121 1255 3197 τοῖς
1292 3113 1698 3219 δεχομενοις
1734 3110 1930 3193 αὑτό.

285 3230 464 3314 Ὅτι
499 3235 645 3340 γὰρ
680 3235 726 3336 ἡ
760 3234 1001 3340 εἰρήνη
1027 3242 1358 3340 Χριστοῦ
1394 3236 1480 3318 τὸ
1511 3236 1814 3337 Πνεῦμά
1848 3239 2048 3316 ἐστιν
2071 3235 2309 3332 αὑτοῦ,
2330 3241 2608 3338 μακροῦ

195 3356 330 3456 μὲν
357 3354 553 3458 οἶμαι
588 3359 689 3461 μὴ
727 3363 1011 3442 δεῖσθαι
1047 3358 1277 3464 λόγου
1312 3362 1495 3464 πρὸς
1530 3358 2042 3468 πληροφορίαν
2069 3362 2185 3440 καὶ
2214 3354 2601 3465 ἀπόδειξιν.

92 3513 170 3576 25
198 3481 399 3582 πλὴν
425 3486 648 3566 ἐκεῖνο
683 3482 910 3591 φάναι
947 3489 1096 3565 δεῖν
1133 3482 1631 3584 ὑπολαμβάνω
1660 3490 1752 3566 Εἰ
1793 3483 1934 3588 γὰρ
1972 3483 2185 3569 αὐτός
2222 3483 2494 3582 ἐστινὴ
2531 3483 2609 3561 ἐν

198 3613 348 3692 τοῖς
384 3611 710 3712 οὐρανοῖς
746 3607 988 3713 εἰρήνη
1024 3611 1142 3689 καὶ
1178 3612 1293 3690 ἐπὶ
1329 3613 1456 3708 τῆς
1494 3612 1650 3712 γῆς,
1686 3614 1843 3695 πῶς
1892 3609 2022 3689 οὐκ
2072 3605 2164 3687 ἂν
2198 3607 2304 3708 εἴη
2347 3604 2610 3687 λοιπὸν

199 3735 423 3813 παντί
453 3767 557 3840 τῳ
595 3732 833 3838 σαφὲς
870 3732 1002 3831 ὅτι,
1040 3730 1365 3836 καθάπερ
1401 3732 1798 3835 εἰρήκαμεν,
1835 3733 1883 3834 ἡ
1920 3731 2160 3835 εἰρήνη
2197 3731 2285 3831 δὴ
2321 3728 2610 3814 πάντως

201 3859 366 3936 ἐστὶ
400 3891 486 3938 το
526 3862 829 3955 Πνεῦμα
864 3858 1136 3937 αὑτοῦ·
1116 3918 1138 3955 ,
1202 3860 1321 3937 καὶ
1358 3865 1537 3960 γοῦν
1574 3859 1613 3937 ὁ
1655 3858 2044 3941 θεσπέσιος
2083 3861 2379 3941 Παῦλος
2424 3853 2608 3958 πρός

201 4013 399 4063 τινας
454 3979 596 4085 εφη
633 3990 678 4028 “
705 3984 854 4061 Καὶ
907 3982 954 4081 ἡ
1010 3978 1249 4084 εἰρήνη
1307 3989 1438 4062 τοῦ
1495 3986 1692 4062 Θεοῦ
1751 3982 1794 4081 ἡ
1859 3980 2305 4131 ὑπερέχουσα
2364 3979 2607 4060 πάντα
2630 4009 2665 4049 ει
2695 3992 2942 4119 gfff·

95 4136 175 4193 30
203 4113 248 4151 “
286 4111 458 4183 νοῦν
490 4102 891 4209 φρουρήσει
924 4104 1054 4188 τὰς
1087 4105 1458 4208 καρδίας’
1421 4111 1621 4198 υμῶν
1657 4141 1794 4186 και
1825 4103 1918 4184 τὰ
1966 4103 2289 4204 νοήματα
2334 4105 2556 4201 ὑμῶν.
2560 4101 2601 4128 ”
2700 4144 2745 4198 ⁷·
2869 4085 2903 4118 v

205 4225 435 4307 καίτοι
506 4231 662 4311 πῶς
735 4228 819 4306 οὑ
890 4227 1162 4309 δίκαιον
1220 4232 1500 4328 ἐννοεῖν,
1567 4232 1667 4313 ὡς
1730 4231 1814 4308 οὐ
1875 4230 2035 4332 περὶ
2100 4229 2406 4328 ταυτησὶ
2477 4229 2606 4325 τῆς

204 4349 487 4456 εἰρήνης
533 4354 662 4450 τῆς
709 4352 786 4430 ἑν
835 4355 939 4462 τῷ
987 4357 1202 4463 κοινῷ
1252 4351 1633 4453 νοουμένης
1683 4350 1888 4460 λόγῳ
1937 4386 2014 4432 τε
2067 4354 2185 4432 καὶ
2231 4349 2606 4455 πράγματι

495 4598 543 4635 1.
580 4579 822 4651 ὑπομένει
848 4580 913 4636 E.
1377 4600 1465 4654 30.
1502 4582 1795 4655 φρουρήσει
1825 4581 1887 4636 Ε.
1914 4580 2192 4654 φρουρῆσῃ
2219 4579 2323 4636 Ed.
