3238 5158
576 336 704 399 134
1183 335 1263 400 B.
1311 335 1730 402 CYRILLI
1788 334 2370 401 ALEXANDR.
2792 335 2881 398 ix.
2913 351 2971 397 1.

572 505 718 580 τῶν
772 498 1157 603 εἶρημένων
1211 505 1311 584 εἷς
1365 500 1687 600 δύναμιν,
1739 503 1858 580 καὶ
1911 501 2016 585 τίς
2072 502 2113 580 ὁ
2167 507 2398 580 ταῦτα
2450 497 2686 601 λέγων
2740 499 2968 594 ἐστὶν,

575 623 743 702 ἀλλ’
807 629 906 709 εἶς
968 624 1231 724 μανίαν
1292 623 1768 728 ἀλογωτάτην
1833 626 1953 704 καὶ
2017 627 2465 728 θηριοπρεπῆ
2527 618 2974 727 παραλόγως

572 747 983 847 ἐκνεύοντες,
1020 746 1235 834 λίθοις
1290 745 1509 829 αύτον
1563 751 2001 853 ἐπιχειροῦσι
2055 751 2490 856 σφενδονᾶν,
2537 780 2787 848 ωσπερ
2842 747 2974 826 οὐκ

572 869 980 975 ἀρκούντως
1018 870 1135 952 διὰ
1167 876 1464 974 πολλῆς
1489 872 1630 972 ἤδη
1663 874 2026 975 λοιδορίας
2059 870 2718 975 προσκρούσαντες,
2745 868 2974 971 ἤγουν

572 995 869 1098 μετρίαν
922 994 1012 1102 ἐξ
1063 996 1404 1080 ἀπονοίας
1461 996 1575 1103 ἐφ’
1636 998 1908 1081 ἑαυτοῖς
1970 994 2466 1099 ἐπισυρόμενοι
2528 994 2661 1095 τὴν
2715 992 2965 1096 ὀργήν.
3001 1017 3040 1079 5

576 1116 841 1222 θερμὸν
881 1118 1014 1220 μὲν
1051 1120 1179 1199 οὖν
1211 1121 1328 1200 καὶ
1365 1120 1985 1224 παραλογώτατον
2020 1118 2107 1201 τὸ
2153 1125 2299 1200 τῶν
2330 1118 2695 1200 Ἰουδαίων
2730 1116 2968 1223 ε’γχεί-

516 1284 554 1328 e
574 1270 794 1347 ρημα·
852 1240 1142 1347 πρόεισι
1193 1242 1270 1323 δὲ
1323 1245 1451 1323 οὐκ
1503 1249 1601 1328 εἷς
1650 1243 1864 1346 ἔργον
1901 1242 2229 1348 ἀκαίρως,
2266 1244 2462 1342 ἀπῆν
2496 1242 2645 1345 γὰρ
2693 1242 2797 1322 ἔτι
2841 1251 2973 1323 τοῦ

570 1372 831 1447 παθεῖν
893 1368 935 1446 ὀ
997 1365 1262 1472 καιρός.
1370 1366 1853 1472 κατακρύπτει
1915 1365 1994 1449 δὲ
2055 1366 2308 1448 ἑαυτὸν
2371 1369 2413 1447 ὁ
2475 1365 2823 1471 Χριστὸς,
2888 1366 2974 1446 οὐ

572 1491 840 1597 τοίχοις
890 1488 1342 1592 ὑποδραμὼν,
1380 1493 1514 1597 οὐχ
1564 1490 1804 1596 ἕτερόν
1845 1525 1917 1572 τι
1961 1499 2090 1572 τοῦ
2145 1492 2322 1572 ἰδίου
2369 1491 2975 1594 προστησάμενος

574 1613 937 1715 σώματος,
973 1614 1177 1696 ἀλλὰ
1226 1621 1316 1722 τῇ
1368 1614 1664 1715 δυνάμει
1716 1620 1845 1715 τῆς
1881 1614 2213 1716 θεότητος
2249 1617 2496 1721 ἀφανῆ
2532 1621 2680 1700 τοῖς
2714 1615 2967 1718 ζητοῦ-
3005 1647 3090 1690 ιο

574 1772 702 1818 σιν
736 1737 987 1820 ἑαυτον
1022 1737 1518 1839 καταστήσας.
1596 1743 1714 1819 καὶ
1764 1741 1892 1820 οὐκ
1942 1738 2263 1841 ἠρκέσθη
2312 1746 2416 1847 τῷ
2465 1746 2732 1836 λαθεῖν,
2772 1737 2976 1819 ἀλλα

576 1866 693 1941 καὶ
742 1861 1079 1969 ἕξεισιν’
1050 1898 1129 1945 εκ
1180 1865 1292 1943 τοῧ
1343 1865 1520 1972 ἱεροῦ,
1556 1863 1784 1943 τύπον
1820 1896 2071 1966 ωσπερ
2120 1861 2281 1943 τινὰ
2322 1860 2773 1966 πραγμάτων
2803 1864 2975 1962 ἡμῖν

577 1991 853 2085 νοητῶν
907 1984 1397 2139 καταγράφων
1453 2023 1530 2067 εν
1582 1986 1880 2071 τούτοις.
1983 1993 2135 2073 τοῖς
2196 2022 2327 2087 μεν
2381 2022 2524 2090 γαρ
2586 1989 2975 2089 ἀγαπῶσιν

2322 2109 2342 2137 Ι

240 2130 374 2187 587
391 2128 474 2188 Δ.
519 2145 557 2183 a
580 2107 797 2189 αὐτον
854 2109 1179 2217 ἐμφανής
1240 2112 1403 2191 ἐστι
1466 2109 1585 2192 διὰ
1655 2144 1949 2208 παντος,
2013 2108 2196 2190 κατὰ
2258 2145 2343 2191 το
2401 2121 2447 2158 “
2477 2109 2846 2215 Μακάριοι
2905 2116 2974 2191 οἱ

238 2206 488 2321 ῗὲὃῶ
576 2236 955 2338 “καθαροὶ
1011 2240 1104 2339 τῇ
1159 2232 1531 2343 xa98la‚⁰
1491 2270 1600 2316 οτι
1656 2235 1858 2315 αὐτοὶ
1911 2234 2040 2316 τὸν
2087 2232 2280 2315 Θεον
2333 2233 2704 2342 ὅψονται.”
2780 2236 2961 2315 ἀπο·
3007 2254 3088 2314 15

574 2356 803 2463 τρέχει
854 2355 926 2439 δὲ
974 2365 1121 2439 τῶν
1165 2365 1541 2465 θεομαχεῖν
1578 2358 2020 2460 εἰθισμένων,
2056 2362 2175 2439 καὶ
2223 2360 2454 2439 οὐδενὶ
2498 2365 2646 2439 τῶν
2689 2362 2964 2438 δυσσε-

571 2481 901 2576 βούντων
958 2483 1307 2591 φαίνεται,
1357 2481 1528 2563 ἀλλ’
1582 2481 1745 2563 οὐδὲ
1800 2480 1886 2563 τὸ
1941 2489 2261 2564 συνεῖναι
2317 2482 2586 2589 τρόπον
2640 2480 2801 2563 τινὰ
2854 2485 2975 2562 καὶ

575 2609 1132 2688 συνδιαιτᾶσθαι
1185 2616 1334 2693 τοῖς
1389 2607 1773 2689 διώκουσιν
1827 2605 2045 2688 αὐτὸν
2097 2616 2398 2689 ποιεῖται
2468 2610 2720 2716 φίλον,
2780 2612 2971 2689 ἀπο-

576 2736 789 2830 δημεῖ
844 2731 921 2812 δὲ
984 2740 1277 2831 μᾶλλον
1340 2734 1598 2830 αὐτῶν,
1663 2735 1780 2812 καὶ
1842 2729 2348 2831 ἀπανίσταται,
2409 2739 2664 2812 πᾶσαν
2724 2729 2976 2835 ὥσπερ

574 2857 805 2964 ἑαυτῷ
864 2855 1324 2963 συνεξὲλκων
1380 2857 1743 2957 εὐθυμίαν,
1806 2858 1924 2937 καὶ
1997 2862 2143 2937 τῶν
2200 2857 2372 2957 παρ’
2432 2857 2683 2937 ἑαυτοῦ
2756 2890 2965 2960 χαρι-
3007 2882 3093 2925 20

574 2979 879 3081 σμάτων
929 2979 1233 3083 ἐρήμους
1286 2983 1495 3087 ἀφεὶς
1548 2978 1735 3079 τοὺς,
1772 2977 1898 3087 ἀφ’
1939 2976 2040 3060 ὧν
2089 2976 2179 3059 ἂν
2226 2979 2446 3060 πάθοι
2501 2986 2756 3077 κακῶς,
2793 2979 2976 3060 ὅσον

576 3110 674 3189 εἷς
727 3104 811 3185 τὸ
869 3103 1108 3185 θέλειν
1152 3101 1371 3185 αὐτὸν
1415 3102 1763 3203 ἀδικῆσαί
1811 3111 2020 3210 φημι,
2058 3105 2174 3183 καὶ
2228 3109 2326 3189 εἷς
2380 3101 2474 3183 τὰ
2526 3110 2673 3184 τῶν
2706 3107 2975 3184 δυσσε-

507 3234 551 3299 b
575 3227 904 3325 βούντων
938 3225 1442 3333 ἐγχειρήματα,
1471 3234 1530 3307 εί
1567 3230 1685 3307 καὶ
1721 3225 1988 3325 μάταια
2021 3226 2263 3308 πάντα
2298 3225 2591 3308 δεικνύει
2627 3225 2973 3329 Χριστὸς,

578 3349 838 3459 ἀφάτῳ
894 3348 1187 3449 δυνάμει
1239 3358 1386 3433 τῶν
1441 3357 1539 3436 εἷς
1594 3348 1814 3431 αὐτὸν
1865 3350 2493 3453 πλημμελούντων
2538 3349 2622 3431 τὸ
2679 3350 2975 3432 ἀνόσιον

578 3474 943 3580 ἀφανίζων
982 3474 1277 3580 θράσος.
3010 3496 3095 3558 25

242 3676 400 3753 Κεφ.
430 3666 508 3735 θ’.
835 3664 951 3731 Καὶ
1004 3667 1316 3757 nuptis-<nv
1368 3660 1542 3733 εἶδεν
1595 3666 1947 3757 ἄνθρωπον
1999 3666 2249 3757 τυφλὸν
2301 3668 2376 3734 ὲκ
2430 3673 2717 3743 Γενετιῖο.

711 3811 1386 3917 Ἐμπαροινούντων
1458 3814 1651 3921 αὐτῷ
1723 3820 1869 3895 τῶν
1928 3814 2311 3911 Ἰουδαίων,
2384 3815 2613 3898 λίθοις
2684 3848 2763 3893 τε
2835 3814 2976 3915 ἤδη

581 3936 1101 4041 κατακοντίζειν
1174 3935 1718 4043 ἐπιχειρούντων
1790 3935 2028 4035 αὐτὸν,
2103 3936 2331 4045 ἔξεισι
2401 3937 2532 4036 μὲν
2603 3946 2732 4018 τοῦ
2803 3935 2976 4040 παρ’

521 4095 557 4138 e
582 4059 820 4145 αὐτοῖς
856 4064 1044 4165 ἱεροῦ
1078 4064 1544 4167 παραχρῆμα,
1581 4064 1700 4141 καὶ
1733 4064 1862 4161 τῆς
1894 4068 2040 4141 τῶν
2078 4059 2478 4142 διωκόντων
2512 4058 2982 4161 ἀνοσιότητος

579 4183 832 4265 ἑαυτὸν
903 4183 1266 4292 ὑπεξάγει.
1382 4186 1858 4292 παρατρέχων
1929 4184 2006 4264 δὲ
2087 4184 2215 4266 τὸν
2286 4187 2367 4267 ἔκ
2443 4184 2706 4288 γενετῆς
2773 4182 2980 4271 εὐθὺς
3011 4217 3106 4276 30

652 4380 703 4419 2.
742 4366 826 4418 καὶ
848 4362 1194 4455 θηριοπρεπῆ]
1224 4364 1306 4419 καὶ
1329 4364 1605 4436 θηριωδίαν
1628 4366 1713 4419 καὶ
1735 4364 1957 4447 θηριοπρ
2027 4365 2148 4421 Β.
2169 4364 2473 4420 emendavit
2493 4364 2674 4421 Holst.
2827 4377 2877 4434 7.
2917 4365 2985 4420 οὗ

576 4457 618 4490 π
707 4456 786 4490 ισι
810 4434 905 4489 δὲ
890 4452 1102 4490 mverso
1125 4434 1312 4490 ordine
1331 4436 1416 4506 (ut
1440 4436 1597 4505 solet)
1618 4435 1686 4490 ad
1712 4435 1940 4491 melius
1928 4445 2037 4491 mte
2077 4436 2334 4507 igeudum
2359 4453 2408 4490 a.
2498 4435 2716 4508 ακαίρως
2741 4433 2861 4490 B.a.
2879 4434 2986 4492 Ht.

578 4506 824 4576 ευκιιίρως
846 4523 876 4559 e
902 4503 1019 4562 Cat.
1049 4506 1202 4562 Harl.
1228 4505 1375 4561 Aub.
1542 4523 1626 4573 14.
1664 4506 1782 4561 ἐστι
1805 4506 1889 4560 διὰ
1911 4509 2104 4565 παντὸς
2127 4507 2231 4563 hoc
2256 4506 2445 4563 ordine
2473 4507 2587 4563 Ba.
2737 4522 2826 4562 20.
2861 4507 2987 4562 ἑαυ-

577 4575 1057 4633 τοῦ8.αὗτοῦΕά.
1273 4588 1362 4648 27.
1399 4575 2019 4650 αὔτῷιαῦτὸνΒ.Εᾶ.
