3238 5158
610 293 742 357 520
1218 290 1296 355 B.
1347 290 1771 355 CYRILLI
1833 288 2413 355 ALEXANDR.
2753 283 3014 353 xiva&

242 454 257 459 “
276 463 348 593 {2
383 479 442 579 ’ζ
614 450 884 555 λόγοις.
962 454 1389 562 ἀποδέχεται
1444 454 1576 555 μὲν
1630 454 1776 559 γὰρ
1830 452 1960 536 τὸν
1992 451 2194 552 Υιὸν,
2243 457 2342 537 ὡς
2397 450 2531 552 τὴν
2585 452 2782 559 αὐτῷ
2835 449 3011 553 πρέ·

613 613 906 659 πουσαν
969 582 1523 682 εὐγνωμοσύνην
1588 579 2143 683 διατηρήσαντα,
2198 583 2302 686 τῷ
2364 582 2584 658 εἶπεῖν
2634 579 2727 656 O
2787 570 3024 679 nam

615 706 857 814 μείζων
909 742 1041 812 μου
1101 703 1267 784 ἔστί·
1340 702 1677 807 θαυμάζω
1734 701 1909 783 δὲ’
1868 737 2076 787 οπως
2117 703 2277 783 οὐδὲ
2332 703 2555 781 ἐκεῖνο
2610 700 2795 780 κατὰ
2850 705 3024 777 νοῦν

616 828 1048 937 εἰσεδέξατο.
1122 827 1196 907 τί
1240 826 1383 930 γάρ
1430 826 1521 929 ἦν
1570 826 1762 912 οΧως
1810 863 1896 908 το
1947 830 2332 908 ἀναπεῖθον·
2373 822 2591 906 αὐτον
2643 824 3028 924 θεολογίας

618 952 964 1059 ἅψασθαι
1028 955 1200 1050 νυνὶ,
1257 951 1484 1032 καίτοι
1540 950 1626 1033 τὸ
1682 950 1930 1055 καιρὸν
1985 951 2235 1032 εἰδέναι
2289 949 2419 1032 τὸν
2471 948 2843 1052 πρέποντα
2905 948 3024 1026 καὶ
3047 970 3084 1031 5

550 1081 594 1144 b
620 1072 851 1178 λόγου
899 1078 1018 1157 καὶ
1067 1076 1494 1180 πράγματος
1551 1077 1682 1156 οὐκ
1736 1078 1811 1157 ἐν
1854 1083 1959 1185 τῷ
2014 1077 2261 1180 μηδενὶ
2317 1076 2469 1175 θείη
2519 1075 2625 1158 τίς
2672 1069 2789 1169 ἀν,
2825 1071 2897 1151 εἴ
2937 1105 3025 1172 γε

620 1201 1067 1305 σωφρονοίη.
1150 1203 1228 1281 τί
1256 1201 1383 1281 οὖν
1420 1200 1558 1281 ἔδει
1591 1205 1724 1301 τῆς
1758 1205 1983 1285 οὕτως
2032 1202 2329 1303 ἀκαίρου
2379 1198 2758 1300 θεολογίας
2807 1199 3022 1276 ἀνιω-

621 1322 857 1424 μένοις
891 1332 1040 1409 τοῖς
1075 1330 1446 1426 μαθηταῖς,
1467 1326 1755 1431 ἐπείπερ
1791 1325 2093 1426 ἔμελλεν
2128 1327 2523 1425 ἀποδημεῖν
2555 1318 2702 1403 ἀπὸ
2740 1318 3026 1420 κόσμου

621 1447 807 1553 πρὸς
860 1447 987 1530 τὸν
1026 1450 1324 1555 Πατέρα
1367 1455 1485 1531 καὶ
1531 1446 1772 1547 Θεόνς
1830 1458 2040 1532 ποῖον
2085 1447 2230 1554 γὰρ
2286 1446 2377 1529 ἂν
2428 1447 2739 1528 ἐποίσειε
2793 1480 3026 1550 παρα-

620 1574 880 1674 μυθίας
917 1573 1188 1678 τρόπον
1224 1574 1464 1659 αὐτοῖς
1503 1573 1585 1656 τὸ
1623 1582 1929 1679 πρᾶγμα
1964 1573 2186 1679 τυχόν
2214 1606 2236 1671 3
2301 1572 2466 1653 ἄνθ’
2508 1571 2676 1652 ὅτου
2724 1571 2795 1651 δ’
2840 1569 3026 1653 ὅλως
3048 1606 3103 1649 ιο

623 1701 1006 1803 μονονουχὶ
1053 1700 1172 1778 καὶ
1220 1705 1667 1779 καταιτιᾶται
1709 1698 1948 1801 λέγων
1987 1707 2067 1778 Εἰ
2106 1694 2451 1801 ἧγαπῖιτέ
2473 1731 2588 1801 με,
2626 1692 2919 1803 ἐχάρητε
2953 1692 3027 1775 ὦ

624 1820 722 1902 ’ὅτι
774 1821 1135 1929 πορεύομαι
1189 1824 1350 1931 πρὶς
1400 1820 1505 1906 τόν
1544 1822 1839 1931 Πατέρα,
1877 1823 1974 1903 ’ότι
2015 1833 2046 1906 ὃ
2089 1822 2319 1930 Πατὴρ
2358 1822 2597 1929 μείζων
2632 1856 2772 1923 μου
2808 1820 3023 1914 ἐστίν,

625 1941 766 2048 ἆρα
819 1944 986 2050 γὰρ,
1044 1946 1203 2027 εἶπέ
1247 1982 1391 2047 μοι,
1437 1950 1838 2029 διακεῖσθαι
1891 1956 2105 2028 τοῦτο
2161 1944 2347 2051 πρὸς
2405 1945 2763 2044 θυμηδίαν
2819 1945 3027 2025 ἐποίει

564 2098 602 2142 0
625 2067 792 2153 τοὺς
826 2069 1175 2170 μαθητὰς,
1212 2070 1259 2172 ἢ
1310 2076 1440 2172 τῆς
1488 2075 1675 2153 οὕτω
1727 2071 2075 2177 φιλοθέου
2119 2073 2356 2172 λύπης
2391 2068 2897 2170 ἀπήλλαττεν,
2932 2069 3030 2149 ὅτι
3201 2168 3202 2171 ¹

624 2191 791 2300 πρὶς
840 2192 945 2274 τὶν
991 2192 1278 2297 μείζονα
1324 2194 1600 2304 Πατέρα
1654 2196 2075 2300 πορεύεται;
2137 2191 2288 2276 εἶτα
2336 2200 2545 2276 ποῖον
2591 2194 2880 2272 κατίδοι
2934 2227 3032 2277 τις
3051 2228 3106 2285 15
3201 2182 3202 2185 Ἴ

625 2311 715 2396 ἂν
752 2314 881 2397 τὸν
916 2322 1044 2418 τῆς
1091 2320 1550 2423 παραμυθίας
1608 2324 1684 2401 ἐν
1726 2320 1956 2429 τούτῳ
2004 2319 2321 2423 τρόπον;
2380 2318 2605 2399 καίτοι
2654 2318 3035 2397 Φιλίππου

290 2428 471 2546 ῗξξζῗζ
625 2475 757 2540 μεν
795 2443 1129 2545 ἐρομένου
1165 2447 1280 2525 καὶ
1320 2444 1662 2547 λεγοντος
1700 2456 1745 2493 “
1776 2444 2019 2549 Κύριε,
2057 2444 2373 2552 δεῖξον“
2331 2450 2502 2544 ημῖν
2537 2477 2667 2522 τον
2704 2443 3033 2543 Πατέρα,

650 2569 825 2647 ςκοιὶ
880 2570 1086 2673 ἀρκεῖ
1128 2569 1356 2669 ἡμῖν,”
1396 2569 1560 2651 τότε
1612 2566 1700 2671 δὴ
1748 2569 1910 2652 τότε
1966 2572 2084 2650 καὶ
2137 2571 2308 2651 λίαν
2350 2568 2708 2671 εὐκαίρως,
2762 2563 2899 2647 ἅτε
2953 2565 3038 2666 δη

628 2694 746 2771 καὶ
793 2702 923 2773 τοῦ
970 2697 1098 2793 τῆς
1150 2695 1528 2796 θεολογίας
1577 2693 2045 2795 ἐνεστηκότος
2094 2702 2361 2797 καιροῦ,
2396 2727 2523 2773 τον
2563 2691 2864 2796 Πατέρα
2909 2691 3040 2792 μὲν

629 2817 705 2896 ἐν
741 2816 968 2924 ἐαυτῷ
1023 2814 1313 2916 δεικνὺς,
1351 2817 1604 2899 ἑαυτὸν
1649 2817 1727 2898 δὲ
1777 2820 1869 2899 αὖ
1913 2816 2143 2899 πάλιν
2189 2820 2266 2898 ἐν
2309 2824 2412 2924 τῷ
2453 2819 2714 2921 Πατρὶ,
2754 2820 2879 2896 καὶ
2930 2817 3042 2898 ὅτι
3065 2856 3132 2898 20

632 2940 785 3020 κατ’
844 2938 1048 3021 οὐδὲν
1101 2939 1422 3022 ἐλάττων
1477 2945 1679 3023 ἐστὶν
1733 2943 1973 3042 αὐτοῦ,
2030 2947 2122 3046 τῇ
2178 2941 2254 3022 δὲ
2308 2940 2493 3021 κατὰ
2544 2947 2694 3021 πᾶν
2750 2939 3046 3042 ἰσότητι

297 3077 378 3132 1b.
399 3092 447 3143 9·
469 3089 546 3127 ¹0·
635 3063 1046 3169 διαπρεπὴς,
1104 3067 1382 3174 ἔφασκε
1440 3077 1482 3115 “
1510 3066 1868 3175 Τοσούτῳ
1928 3065 2164 3176 χρόνῳ
2221 3067 2385 3165 μεθ’
2445 3068 2643 3165 ὑμῶν
2697 3072 2864 3165 εἶμι,
2925 3071 3049 3147 καὶ

568 3200 612 3264 d
637 3199 682 3238 ‘⁶
720 3190 848 3271 οὐκ
908 3189 1221 3294 ἔγνωκάς
1278 3226 1390 3293 με,
1449 3193 1823 3290 Φίλιππε;
1908 3193 1948 3271 ὁ
2012 3191 2340 3297 ἑωρακώς
2397 3192 2520 3290 ἐμε
2575 3190 2840 3294 ἑώρακε
2914 3192 3050 3273 τὸν

639 3323 684 3362 “
723 3313 1039 3416 Πατέρα·
1100 3316 1186 3395 οὐ
1227 3317 1585 3402 πιστεύεις
1630 3316 1740 3397 ὅτι
1790 3316 1931 3419 ἐγὼ
1983 3319 2059 3396 ἐν
2095 3321 2197 3423 τῷ
2238 3317 2476 3419 Πατρὶ
2524 3318 2641 3398 καὶ
2693 3317 2733 3394 ὁ
2776 3315 3050 3421 Πατὴρ

299 3427 464 3559 {⁵ng
483 3446 536 3480 ¹·
643 3448 686 3486 ‘⁶
720 3440 797 3517 ἐν
840 3439 1000 3536 ἐμοί
1048 3442 1295 3540 ἐστινς
1366 3441 1507 3545 ἐγὼ
1561 3447 1681 3521 καὶ
1735 3442 1777 3520 ὁ
1836 3439 2095 3545 Πατὴρ
2150 3440 2227 3520 ἕν
2273 3441 2556 3539 ἐσμεν.”
2616 3438 2822 3520 ἀλλὰ
2879 3442 3049 3522 τότε
3074 3469 3130 3527 ³5

638 3561 771 3661 μὲν
806 3564 1142 3664 εὐκαίρως
1177 3561 1302 3644 τᾶν
1338 3568 1455 3645 ἐπὶ
1502 3567 1779 3650 τούτοις
1823 3566 1991 3665 ἡμῖν
2025 3565 2430 3672 ἐξυφαίνων
2466 3564 2715 3665 λόγον,
2754 3565 3053 3651 εἰκότως

638 3685 1088 3791 ἐθαυμάζετο·
1148 3691 1299 3767 νυνὶ
1354 3687 1429 3768 δὲ
1482 3697 1693 3770 ποῖον
1736 3690 1879 3795 ἔχει
1926 3687 2010 3769 τὸ
2063 3696 2366 3792 πρᾶγμα
2419 3687 2689 3791 καιρὸν,
2732 3685 2781 3789 ἢ
2831 3697 3052 3771 ποῖον

639 3809 829 3895 ὅλως
877 3808 1270 3918 ἐπιδέξεται
1320 3811 1707 3914 λογισμὸν,
1744 3812 1791 3914 ἢ
1826 3814 2228 3912 βούλεσθαι
2262 3811 2394 3912 μὲν
2429 3811 2562 3913 τὴν
2595 3815 2674 3892 ἐν
2705 3821 2860 3897 τοῖς
2909 3850 3052 3916 μα·-

640 3939 887 4034 θηταῖς
948 3933 1378 4038 καταραΐσαι
1435 3936 1699 4038 λύπην,
1745 3936 2094 4044 φάρμακα
2150 3935 2228 4018 δὲ
2276 3933 2525 4040 ὥσπερ
2580 3939 3054 4040 παραμυθίας

642 4061 880 4143 αὐτοῖς
933 4061 1253 4159 ἐπινοεῖν,
1296 4059 1382 4142 τὸ
1436 4062 1768 4169 ἐπιτάξω
1822 4063 2115 4168 χαίρειν,
2161 4062 2257 4142 ὅτι
2313 4059 2656 4169 πορεύεται
2712 4063 2898 4169 πρὶς·-
2948 4065 3056 4144 fer
3079 4090 3130 4151 3⁰

582 4216 618 4260 e
647 4181 968 4291 Πατίρα;
1051 4178 1159 4289 ἀρ’
1220 4186 1347 4266 οὖν
1404 4188 1533 4266 οὐκ
1597 4186 1689 4267 ἂν
1755 4187 2031 4290 γένοιτο
2092 4190 2208 4267 καὶ
2267 4194 2417 4270 τοῖς
2477 4187 2649 4266 λίαν
2712 4185 3058 4288 ἀνοήτοις

712 4403 764 4457 3.
801 4408 903 4456 μου
924 4387 1112 4456 μείζων
1134 4388 1248 4445 ἐστι
1277 4389 1339 4445 Ε.
1583 4406 1665 4446 12.
1700 4413 1800 4459 μου
1824 4390 2010 4460 μείζων
2036 4390 2100 4444 Ε.
2339 4406 2421 4457 14.
2457 4387 2874 4456 ἀνήη-ἤλλαττεν
2899 4391 3058 4461 print

639 4459 854 4529 eclipsit
878 4457 944 4512 E.
984 4506 988 4510 ⁴
1161 4476 1246 4516 20.
1284 4461 1342 4515 δὲ
1370 4461 1433 4516 Ε.
1457 4460 1501 4515 δ’
1530 4461 1633 4517 Ed.
1851 4477 1937 4517 22.
1975 4461 2253 4532 διαπρεπες
2278 4460 2344 4515 Ε.
2558 4460 2644 4514 28.
2683 4460 2962 4529 &rabien-«t
2988 4460 3056 4515 B.

643 4544 729 4598 29.
767 4529 1041 4600 φάρμακον
1064 4530 1128 4585 Ε.
