3238 5158
201 338 461 427 viii.37.
585 343 700 407 IN
762 344 830 408 S.
878 344 1392 410 JOANNEM.
1481 343 1674 409 LIB.
1706 344 1791 410 V.
1881 342 2087 407 ΟΑΡ.
2119 343 2201 406 V.
2511 343 2594 405 73

201 504 700 611 ἐπιχειρήμασι
736 504 871 607 τὴν
906 510 1333 611 συγγένειαν
1374 512 1555 615 ὄρᾷ;
1617 515 1775 592 πῶς
1810 506 1951 611 γὰρ
2004 505 2093 587 ἂν
2129 509 2169 587 ὃ
2220 505 2312 586 τὰ
2365 506 2600 584 δίκαια

201 631 457 733 κρίνειν
492 630 694 716 εἰδὼς
742 632 1195 714 συνεκόλασε
1246 641 1350 741 τῷ
1395 633 1673 741 Σαμείᾳ
1722 631 1807 712 τὸ
1859 630 2043 712 κατὰ
2097 630 2341 733 σάρκα
2394 629 2599 731 γε’νος

201 754 329 833 οὐκ
395 760 829 859 ἰσοτροποῦν
894 758 1086 864 αὐτῷ
1150 756 1333 838 κατά
1397 792 1480 860 γε
1544 756 1674 837 τὸν
1729 759 1805 835 ἐν
1865 754 2269 860 φαυλότητι
2336 750 2591 854 λόγον,
2624 762 2670 828 d

204 878 432 957 καίτοι
477 885 744 987 σαφῶς
788 879 906 960 διὰ
955 890 1083 961 τοῦ
1136 880 1515 988 προφήτου
1567 881 1806 984 λε’γων
1841 878 2176 983 Ἰεζεκιήλ
2214 889 2256 926 “
2283 877 2503 982 Ψυχὴ
2554 877 2599 975 ἡ
2692 874 2906 1001 {331¹}-

139 1018 179 1079 5
208 1012 251 1049 “
288 1000 827 1107 ἁμαρτάνουσα,
866 1007 1047 1104 αὕτη
1104 1007 1629 1086 ἀποθανεῖται.”
1691 1006 1947 1084 οὐκοῦν
2001 1005 2117 1083 ἵνα
2171 1000 2273 1102 μή
2329 1036 2399 1081 τι
2451 1035 2601 1081 τοι·

209 1134 376 1206 οῦτο
435 1132 681 1227 νοῆται
738 1130 901 1232 περὶ
961 1132 1211 1225 αὐτοῦ,
1275 1130 1359 1210 τὸ
1423 1129 1631 1232 γε’νος
1689 1127 1906 1209 εἰπὼν
1962 1126 2346 1229 ἐπήνεγκεν
2401 1126 2606 1209 εὐθύς

211 1248 402 1336 Τοὺς
436 1260 820 1336 ποιοῦντας
856 1251 950 1333 τὰ
994 1253 1207 1354 ὅμοια
1257 1256 1472 1362 αὐτῷ,
1507 1256 1584 1333 ἐν
1621 1258 1724 1359 τῇ·
1747 1259 1892 1332 τῶν
1930 1252 2308 1355 δρωμένων
2342 1246 2600 1330 ταυτό-

211 1409 373 1474 τητι
428 1374 561 1475 τὴν
615 1378 1041 1479 συγγένειαν
1102 1377 1526 1480 ὁριζόμενος.
1608 1377 1781 1456 ἀλλ’
1847 1376 1964 1456 ἵνα
2029 1379 2145 1455 καὶ
2208 1372 2316 1454 ἐπ’
2375 1375 2608 1452 αὐτῶν

208 1499 469 1595 ἴδωμεν
522 1507 669 1580 τῶν
714 1498 1080 1582 Ἰουδαίων
1135 1500 1219 1581 τὸ
1279 1502 1645 1604 εἰρημένον
1699 1498 1985 1598 ἀληθὲς,
2042 1498 2602 1597 ἀναμιμνησκώ-

106 1655 186 1697 10
211 1630 398 1722 μεθα
468 1630 613 1704 τῶν
672 1625 1010 1705 Ἰωάννου
1085 1623 1352 1726 λόγων,
1415 1633 1545 1706 τοῦ
1621 1626 1831 1727 ἁγίου
1902 1626 2092 1730 φημὶ
2158 1628 2608 1703 Βαπτιστοῦ·

213 1747 443 1826 ἕωλον
478 1747 621 1850 γὰρ
657 1748 1084 1854 ἀποφαίνων
1119 1750 1357 1834 αὐτοῖς
1408 1753 1537 1849 τῆς
1581 1747 1768 1852 πρὸς
1801 1744 2147 1848 Ἀβραὰμ
2191 1744 2612 1848 συγγενείας
2638 1780 2674 1822 e

215 1868 301 1950 τὸ
367 1873 701 1979 καύχημα
756 1884 798 1919 “
840 1879 987 1953 Καὶ
1049 1873 1151 1973 μὴ
1211 1873 1479 1976 λέγετε,
1540 1876 1794 1981 φησὶν,
1855 1874 1932 1951 ἐν
1985 1873 2259 1953 ἑαυτοῖς
2321 1868 2616 1971 Πατέρα

218 2005 263 2042 “
300 1995 555 2100 ἔχομεν
589 1995 718 2076 τὸν
753 1997 1122 2100 Ἀβραάμ“
1204 1995 1503 2084 δυνατὸς
1551 1997 1698 2100 γὰρ
1747 1999 1788 2076 ὁ
1837 1994 2024 2081 Θεὸς
2073 1997 2149 2074 ἐκ
2200 2000 2346 2074 τῶν
2389 1994 2617 2072 λίθων

243 2120 573 2202 6τούτων
600 2124 866 2224 ἐγεῖραι
920 2123 1216 2224 σπέρμα
1269 2125 1373 2230 τῷ
1408 2120 1823 2225 Ἀβραάμ.”
1887 2117 2126 2219 ἐπειδὴ
2182 2117 2327 2221 γὰρ
2383 2116 2618 2219 ε’ίρητο

109 2269 192 2331 15
219 2278 403 2347 προς
458 2280 675 2326 αυτον
728 2245 929 2349 παρὰ
984 2253 1177 2326 Θεοῦ
1234 2256 1276 2294 “
1309 2252 1380 2326 Π
1386 2244 1720 2346 ληθύνων
1773 2249 2123 2344 πληθυνῶ
2179 2241 2263 2322 τὸ
2324 2242 2620 2343 σπέρμα
2710 2245 2844 2361 {¹:1ss
2861 2320 2941 2373 17·

2706 1866 2954 1947 §3Matt-h.

2706 1950 2776 1984 m.
2800 1949 2848 1999 9.

244 2378 449 2449 ‘cmv
521 2373 617 2455 ὡς
688 2368 782 2450 τὰ
854 2370 1097 2474 ἄστρα
1170 2379 1299 2450 τοῦ
1372 2368 1744 2475 οὐρανοῦ,”
1825 2375 1928 2475 τῷ
2002 2371 2259 2472 χρῆναι
2332 2364 2622 2449 πάντως

221 2496 564 2599 ἀψευδεῖν
621 2494 750 2573 τὸν
805 2493 1418 2598 ἐπαγγειλάμενον
1477 2491 2002 2597 ἐπερειδόμενος
2060 2499 2207 2572 τῶν
2258 2490 2625 2571 Ἰουδαίων

225 2620 269 2699 ὃ
318 2623 564 2719 δῆμος,
601 2616 886 2725 ἐφρόνει
932 2618 1063 2720 μὲν
1107 2620 1316 2720 μέγα,
1350 2616 1767 2722 προσεδόκα
1819 2618 1895 2699 δὲ
1945 2619 2272 2715 οὐδαμῶς
2325 2620 2452 2714 τῆς
2501 2622 2631 2694 τοῦ

223 2741 591 2846 προγόνου
627 2745 1047 2845 συγγενείας
1083 2744 1623 2824 ἀποπεσεῖσθαί
1652 2775 1853 2832 ποτε,
1895 2741 2012 2821 ἵνα
2048 2738 2134 2820 τὸ
2169 2746 2358 2820 θεῖον
2394 2737 2621 2838 ἐπάγ-
2653 2772 2691 2812 a
2732 2758 2865 2812 545
2886 2755 2966 2809 A.

109 2908 199 2950 πο
226 2875 472 2970 γελμα
524 2866 863 2971 σώζηται,
899 2868 1155 2973 φησίν.
1235 2865 1438 2946 ἀλλὰ
1493 2869 1609 2947 καὶ
1665 2865 1932 2963 ταύτην
1974 2866 2212 2947 αὐτοῖς
2268 2861 2632 2967 ἀφανίζων

227 2989 365 3089 τὴν
397 2992 678 3089 ἐλπίδα,
713 2998 975 3097 σαφῶς
1025 2988 1113 3091 δὴ
1161 2989 1364 3089 μάλα
1413 2993 1646 3097 φησὶν
1689 2992 1729 3069 ὁ
1780 2987 2125 3091 μακάριος
2176 2983 2625 3084 Βαπτιστὴς,

228 3114 532 3198 δυνατὸς
587 3127 629 3164 “
659 3117 700 3195 ὁ
758 3113 946 3201 Θεὸς
1001 3119 1077 3196 ἐκ
1133 3122 1278 3195 τῶν
1333 3116 1562 3194 λίθων
1618 3112 1891 3193 τούτων
1947 3116 2208 3215 ἐγεῖραι
2261 3111 2476 3190 τέκνα
2530 3113 2634 3216 τῷ
2721 3119 2972 3236 &Macen

229 3248 276 3284 ‘⁶
305 3233 711 3340 Ἀβραάμ.”
752 3239 1264 3339 συνδραμεῖται
1301 3233 1378 3316 δὲ
1415 3225 1691 3317 τούτοις
1729 3237 1846 3314 καὶ
1884 3234 1923 3312 ὁ
1962 3231 2305 3333 μακάριος
2336 3237 2634 3313 Παῦλος
2782 3202 2863 3252 ·9-

230 3363 364 3440 ὡδὶ
410 3360 648 3463 λέγων
685 3370 730 3407 “
758 3362 875 3439 Οὐ
920 3358 1064 3463 γὰρ
1106 3358 1371 3443 πάντες
1429 3364 1494 3438 οἱ
1548 3358 1638 3465 ἐξ
1688 3356 2020 3460 Ἰσραὴλ,
2059 3358 2254 3436 οῦτοι
2288 3352 2629 3459 Ἰσραὴλ,
2725 3353 2874 3481 {⁰3²}-
2899 3368 2971 3402 ²¹·

117 3517 199 3578 25
231 3495 278 3531 “
317 3485 474 3564 οὐδ’
510 3483 620 3564 ὅτι
657 3488 801 3565 εἶσὶ
836 3485 1132 3587 σπέρμα
1157 3481 1524 3586 Ἀβραὰμ,
1550 3480 1816 3566 πάντες
1854 3480 2131 3562 τέκνα.”
2192 3480 2638 3578 δεικνυμένου

231 3617 616 3711 τοιγαροῦν
657 3607 1113 3713 πανταχόθεν
1149 3612 1486 3709 ἀληθοῦς,
1528 3606 1640 3686 ὅτι
1695 3606 1826 3706 τὴν
1862 3609 1937 3686 ε’ν
1977 3607 2131 3705 ἤθει
2183 3608 2302 3684 καὶ
2348 3605 2639 3707 τρόποις

230 3733 663 3835 συγγένειαν
716 3730 859 3813 οἶδε
919 3730 1128 3830 Θεὸς,
1182 3731 1489 3831 μάταιον
1541 3731 1681 3832 ἤδη
1738 3731 2065 3838 φαίνεται
2122 3725 2207 3809 τδ
2260 3727 2642 3832 προγόνοις
2665 3748 2709 3812 b

231 3853 372 3955 μὲν
425 3858 762 3961 ἐπαυχεῖν
821 3856 1050 3960 ἁγίοις
1112 3864 1229 3936 καὶ
1293 3858 1615 3956 ἀγαθοῖς,
1681 3852 2322 3953 ἀπολιμπάνεσθαι
2386 3852 2461 3932 δὲ
2527 3853 2645 3931 καὶ

230 3981 645 4088 ἀφεστάναι
679 3981 966 4085 μακρὰν
1004 3985 1128 4080 τῆς
1165 3982 1446 4061 ἐκείνων
1484 3982 1763 4082 ἀρετῆς.

119 4132 203 4190 30
351 4103 499 4184 Διά
549 4139 661 4185 τοι
709 4104 922 4185 τοῦτό
974 4111 1205 4212 φησιν
1250 4104 1570 4206 εὐλόγως
1617 4102 1801 4207 πρὸς
1840 4102 2227 4185 Ἰουδαίους
2285 4101 2325 4178 ὁ
2380 4098 2644 4203 Κύριος

351 4318 559 4387 ‚plear
560 4320 724 4372 οποῦν
749 4315 816 4372 Β.
818 4334 866 4371 a.
895 4315 1078 4373 Holet.
1104 4315 1387 4404 ῖσότροπον
1411 4314 1557 4369 Aub.
1738 4331 1791 4380 4.
1839 4312 1854 4332 ‘
1829 4330 1995 4382 nom.
2023 4310 2171 4366 Aub.
2356 4324 2409 4381 5.
2448 4307 2574 4377 αὕτη
2599 4326 2649 4364 a.

234 4335 370 4458 αὐτὴ
397 4388 504 4443 Ed.
588 4391 827 4443 τοιοῦτον
849 4404 897 4441 a.
1047 4405 1130 4453 14.
1163 4385 1361 4441 τούτων
1381 4403 1491 4440 om.
1513 4384 1724 4455 Migne.
1829 4335 1959 4438 16.
1998 4384 2165 4439 καθὼς
2189 4398 2242 4436 ει.
2386 4397 2474 4435 20.
2508 4379 2654 4450 ἀφα-

237 4461 394 4529 νίζων
416 4478 467 4515 a.
494 4457 796 4531 σαφηνίζειν
820 4457 924 4513 Ed.
1147 4457 1233 4512 26.
1269 4456 1594 4526 πανταχόθεν
1616 4457 1900 4544 τοιγαροῦν
1917 4454 2132 4508 inverso
2155 4451 2344 4508 ordine
2368 4468 2417 4504 a.
2524 4449 2654 4519 ἀλη-

239 4531 358 4658 06:¹2
371 4548 438 4657 2}
462 4600 596 4656 Nik
654 4544 741 4600 27.
778 4530 874 4599 ἤδη
903 4527 967 4584 Β.
971 4546 1021 4584 a.
1042 4550 1138 4598 μιν
1159 4529 1256 4599 ἤδη
1284 4527 1381 4584 Ht.
1408 4479 1512 4582 Ed.
1750 4526 1836 4580 28.
1872 4523 2040 4596 ἁγίοις
2063 4546 2148 4578 και
2170 4522 2384 4593 ἀγαθοῖς
2408 4520 2569 4575 habet
2593 4527 2655 4574 ut

239 4619 298 4658 VI

333 4701 480 4748 VOL.
511 4701 595 4748 11..
1432 4700 1471 4743 L
