3238 5158
218 343 307 409 ix.
337 363 398 423 2,
422 364 482 431 3.
597 340 711 407 IN
777 342 847 407 S.
897 341 1393 407 JOANNEM
1483 341 1835 407 LIB.VI.
1927 343 2136 410 CAP.
2184 342 2241 409 Ῑ.
2508 344 2634 408 143

218 545 453 592 ποντα
503 509 775 614 καιρόν.
858 517 920 592 εἲ
955 510 1105 616 γὰρ
1138 511 1672 614 ἐπαγγέλλεται
1710 509 1795 592 τὸ
1841 517 2344 615 μακροθυμεῖν,
2384 512 2500 590 καὶ
2551 507 2636 591 τὸ

219 634 734 716 κατατίθεσθαι
765 637 934 716 λίαν
960 621 1275 721 εὐκόλως
1304 634 1756 738 προσάπτων
1777 637 2210 739 εὑρίσκεται,
2235 641 2365 714 τοῦ
2391 633 2481 734 δὴ
2518 636 2635 713 καὶ

217 758 432 863 χάριν
488 760 744 861 ὁρᾶται
807 760 1339 864 προστεθεικῶς
1393 770 1438 807 “
1475 757 1828 863 Ἐπᾶγων
1890 760 2243 862 ἁμαρτίας
2305 756 2635 859 πατέρων
2722 761 2932 880 gffis.

220 893 265 931 ‘⁶
301 884 419 964 ἐπὶ
454 882 670 964 τέκνα
704 883 837 969 ἕως
871 884 1118 989 τρίτης
1155 888 1274 966 καὶ
1311 884 1656 989 τετάρτης
1691 890 1942 988 γενεᾶς
1970 885 2038 981 ;”
2098 884 2297 964 τουτὶ
2347 881 2493 985 γὰρ
2542 877 2634 981 ἦν
2655 914 2694 960 ο

160 1021 195 1083 5
220 1004 461 1109 ἕτερον
493 1014 626 1087 τοῦ
662 1010 976 1111 δρῶντος
1014 1008 1241 1107 οὐδὲν,
1276 1006 1324 1110 ἢ
1359 1015 1790 1090 καταπτοεῖν
1823 1006 2200 1093 ἐθέλοντος
2242 1003 2410 1089 τοῦς
2445 1006 2635 1085 ἐκδε-

220 1131 568 1235 χομένους
630 1133 802 1235 παρ’
861 1133 1083 1213 αὐτοῦ
1154 1139 1303 1213 τῶν
1367 1130 1935 1232 διεπταισμένων
1987 1128 2123 1231 τὴν
2178 1129 2471 1239 ἄφεσιν,
2537 1131 2637 1213 ὦς

222 1254 626 1352 οὐδαμόθεν
673 1258 912 1341 αὐτοῖς
969 1255 1272 1364 ὑπάρξει
1322 1254 1408 1337 τὸ
1456 1259 1533 1337 ἐν
1583 1258 1898 1355 ἐλπίσιν,
1947 1255 2142 1359 εἴπερ
2198 1257 2424 1340 οὕτως
2478 1256 2637 1334 ἐστὶ

220 1382 671 1480 μνησίκακος
745 1383 862 1460 καὶ
932 1378 1208 1484 μακρὸς
1280 1385 1383 1465 εἷς
1450 1379 1682 1483 ὀργὴν
1745 1382 1788 1461 ὁ
1857 1382 1967 1461 ἐπ’
2037 1382 2277 1465 αὐτοῖς
2348 1376 2636 1463 εἰκότως

221 1501 744 1603 λελυπημένος.
824 1505 902 1584 τί
951 1505 1029 1586 δὲ
1082 1505 1246 1585 εἶπέ
1288 1539 1412 1605 μοι
1467 1508 1586 1585 καὶ
1637 1501 1852 1589 αὐτὸς
1898 1505 2070 1606 ἡμῖν
2114 1505 2155 1584 ὁ
2208 1501 2638 1609 ἱεροφάντης

116 1653 195 1695 10
224 1630 604 1727 Μωυσῆς·
584 1690 604 1724 ,
663 1624 775 1732 ἀρ’
807 1629 967 1735 ουχὶ
1003 1627 1320 1729 ποιήσας
1356 1630 1609 1732 ὁρᾶται
1645 1636 1954 1733 πρᾶγμα
1988 1627 2633 1732 παραλογώτατον,

219 1757 279 1832 εἶ
312 1751 979 1856 προσκεκρουκότος
1013 1762 1143 1834 τοῦ
1177 1752 1490 1858 Ἰσραὴλ
1543 1756 1662 1834 καὶ
1713 1750 2149 1856 κολάζεσθαι
2195 1749 2629 1853 με’λλοντος,

219 1874 574 1979 πρόσεισι
623 1875 754 1975 μὲν
784 1883 1259 2033 παρακαλῶν,
1298 1878 1709 1979 ἀμνηστίαν
1746 1878 1823 1959 δὲ
1870 1876 2005 1978 τὴν
2038 1875 2239 1982 παρὰ
2275 1882 2470 1959 Θεοῦ
2516 1878 2635 1956 καὶ

226 2001 785 2106 φιλανθρωπίαν
846 2007 1067 2082 αιτῶν
1130 2003 1259 2082 οὐκ
1322 2003 1662 2105 εὐκαίρως
1724 2005 1916 2109 φησὶ
1978 2036 2165 2105 προς
2223 1998 2414 2083 Θεόν
2456 1998 2635 2082 Ὅτι
2658 2036 2696 2077 a
2732 2023 2866 2080 598
2888 2021 2971 2077 Δ.

222 2126 555 2231 πέφυκας
589 2122 768 2206 εἶναι
803 2133 1124 2211 τοιοῦτος
1169 2129 1267 2212 ὡς
1316 2123 1734 2208 ἀποδιδόναι
1767 2126 2098 2230 πατέρων
2133 2125 2485 2231 ἁμαρτίας
2519 2127 2637 2207 ἐπὶ

125 2268 201 2330 15
225 2250 445 2329 τέκνα
506 2249 797 2331 τέκνων.
903 2257 1118 2331 τοῦτο
1185 2248 1335 2353 γὰρ
1405 2248 1498 2352 ἦν
1559 2250 2111 2354 παραθήγοντος
2183 2256 2478 2349 μᾶλλον
2541 2254 2639 2334 εἷς

225 2371 476 2476 ὀργὴν,
520 2370 568 2475 ἢ
623 2381 1019 2459 καλοῦντος
1072 2377 1171 2460 εἷς
1224 2370 1456 2474 ἐ’λεον,
1498 2377 1617 2454 καὶ
1664 2376 2146 2476 μνησικακίαν
2190 2374 2641 2482 ἐξαιτοῦντος

228 2502 527 2598 μᾶλλον
559 2494 607 2600 ἢ
640 2498 1166 2603 μακροθυμίαν.
1243 2499 1414 2579 ἀλλ’
1457 2493 1655 2600 οἶμαι
1691 2501 2053 2582 δυσωπεῖν
2089 2495 2313 2581 ἐδόκει
2357 2501 2476 2579 καὶ
2521 2496 2640 2578 διὰ

224 2622 506 2703 τούτων
569 2621 811 2721 αὐτὸν,
878 2625 996 2703 καὶ
1066 2626 1455 2728 μονονουχὶ
1524 2619 1710 2728 πρὸς
1783 2622 2191 2724 ὑπόμνησιν
2265 2623 2467 2728 ἄγειν
2538 2619 2639 2704 ὧν

224 2745 443 2832 αὐτὸς
485 2746 914 2855 ἐφθέγξατο,
950 2745 1067 2828 ὅτε
1115 2751 1247 2848 τῆς
1291 2744 1595 2847 ἐνούσης
1645 2748 1839 2856 αὐτῷ
1891 2746 2388 2853 χρηστότητος
2435 2751 2632 2828 ἔποι-

116 2899 201 2941 20
225 2879 376 2953 εῖτο
425 2870 559 2973 τὴν
593 2871 1019 2976 ἀνάῤῥησιν.
1100 2872 1296 2957 ὅπως
1344 2869 1490 2976 γὰρ
1539 2869 1757 2956 αὐτός
1803 2874 1963 2951 ἐστι
2013 2868 2473 2975 μακρόθυμος
2521 2872 2639 2950 καὶ

222 2996 646 3094 πολυέλεος,
684 2999 801 3077 καὶ
839 2994 952 3076 ὅτι
995 2996 1319 3102 πέφυκεν
1355 2995 1711 3098 ἁμαρτίας
1760 2997 1879 3075 καὶ
1926 2997 2223 3094 ἀνομίας
2270 2997 2631 3101 ἀφαιρεῖν,
2662 3007 2706 3073 b

222 3123 306 3203 ἐν
353 3120 633 3206 τούτοις
690 3122 768 3201 εὖ
819 3117 1029 3222 μάλα
1083 3117 1736 3224 διαγνωσθήσεται,
1780 3122 1856 3202 ἐν
1905 3117 2011 3203 οἷς
2063 3118 2394 3221 μα’-λιστα
2448 3121 2646 3199 δοκεῖ

220 3281 334 3332 τις
390 3242 569 3326 εἶναι
620 3243 899 3348 πικρός.

337 3369 528 3451 Τίνα
586 3370 827 3452 τοίνυν
879 3374 1207 3474 προσῆκε
1263 3374 1523 3472 νοῆσαι
1578 3369 1851 3477 τρόπον
1904 3369 1996 3451 τὰ
2051 3371 2384 3475 εἰρημένα
2436 3368 2637 3476 παρὰ

114 3504 195 3565 25
224 3500 446 3593 Θεοῦ,
484 3491 748 3575 λοιπὸν
799 3490 994 3593 οἶμαι
1048 3498 1346 3599 πρέπειν
1394 3501 1640 3577 εἰπεῖν.
1705 3506 1748 3545 “
1779 3494 2067 3600 Κύριος,
2103 3497 2318 3603 φησὶ,
2350 3494 2626 3601 μακρό·
2727 3508 2888 3589 2¹03!-
2923 3572 2958 3625 6

226 3629 275 3668 “
310 3626 539 3719 θυμος
603 3621 723 3699 καὶ
786 3615 1212 3718 πολυέλεος,
1274 3621 1607 3725 ἀφαιρῶν
1671 3620 1967 3720 ἀνομίας
2030 3620 2149 3700 καὶ
2212 3620 2633 3724 ἀμαρτίας’”
2727 3591 2901 3706 {fnum
2960 3609 2977 3635 ⁹

223 3739 384 3824 εἶτα
439 3742 523 3824 τὸ
578 3743 854 3824 τούτων
876 3743 1216 3842 ’κείμενον
1261 3741 1524 3850 ἐφεξῆς
1578 3746 1677 3829 ὦς
1730 3746 1807 3824 ἐν
1848 3743 2195 3848 ἐρωτήσει
2246 3744 2411 3842 μεθ’
2455 3744 2635 3824 ὑπο-

222 3871 548 3969 στιγμῆς
601 3865 1177 3971 ἀναγνωσόμεθα
1229 3878 1275 3916 “
1318 3869 1463 3948 Καὶ
1517 3872 1948 3975 καθαρισμῷ
2001 3868 2088 3946 οὑ
2141 3872 2465 3970 καθαριεῖ
2509 3864 2640 3948 τὸν
2727 3897 2810 3950 Ib.
2835 3909 2884 3962 ⁷·

222 4000 273 4041 “
308 3991 561 4099 ἔνοχον
584 3992 655 4090 ;”
713 3991 832 4072 ἵνα
884 4024 955 4072 τι
1010 4000 1336 4073 τοιοῦτον
1389 3990 1736 4099 ἐννοήσῃς
1782 3992 1880 4073 ‘O
1934 3989 2393 4096 μακρόθυμός
2446 3996 2641 4097 φησι

301 4258 353 4299 2.
390 4240 759 4299 κιπιθεισσθαι
785 4240 913 4313 (tic)
944 4242 1009 4298 Β.
1040 4242 1412 4299 κατατίθεσθαι
1447 4241 1755 4299 emendavit
1792 4243 1975 4299 Holst.
2048 4242 2209 4298 Forte
2243 4239 2641 4298 ωοτατιθασιικ·

219 4313 375 4511 ΑΜ..
489 4312 1087 4456 “0007‘5‘32312'55‘31
1091 4313 1548 4443 ᾚέἲηέἶώ
1569 4315 1662 4371 '⁶'
1681 4312 2638 4476 ssfflffiffiisszaesssszssv

343 4453 471 4510 Ὀτι
492 4471 717 4525 mump
717 4463 858 4580 trun}3
862 4473 929 4511 ex
955 4454 1025 4510 B.
1208 4470 1292 4527 15.
1327 4455 1517 4511 τέκνων
1539 4464 1882 4528 assumptum
1907 4473 1974 4511 ex
1999 4454 2067 4510 Β.
2229 4470 2320 4510 20.
2354 4454 2449 4509 ἄν’
2484 4475 2642 4545 ρησιν

482 4547 641 4652 ρησιν
663 4526 765 4588 (uic
1119 4549 1201 4584 ιον
1223 4526 1529 4583 emendavit
1555 4525 1657 4582 Ht.
1925 4542 2014 4583 21.
2046 4524 2296 4597 ἁμαρτίας
2321 4526 2406 4580 καὶ

220 4595 392 4653 hoco
579 4596 649 4652 Β.
786 4525 1818 4670 tffnm'nmtvssdmpwflussd.
