3238 5158
634 335 765 398 660
1251 331 1330 396 Β.
1375 329 1796 396 CYRILLI
1857 328 2442 393 ALEXANDR..
2809 325 2970 390 xvii.
3001 344 3052 387 1.

637 508 903 581 λοντας
957 502 1378 605 φιλοθηρεῖν
1432 497 1511 576 εὖ
1554 494 1758 595 μάλα
1813 494 1946 596 τὴν
1999 502 2145 575 τῶν
2204 492 2593 595 δογμάτων
2647 491 3046 595 ἀκρίβειαν.

640 622 867 730 Πάτερ
918 621 1157 702 τοίνυν
1195 626 1427 729 φησὶν
1464 619 1768 715 ἐλήλυθεν
1817 626 1853 715 ἦ
1898 618 2057 727 ὥρα,
2108 615 2387 727 δόξασόν
2444 655 2566 699 σου
2620 617 2728 700 τὶν
2765 617 2918 699 Tib,
2948 618 3052 695 ἵνα

641 753 761 827 καὶ
811 754 841 827 ὁ
886 748 1037 832 Υἱός
1084 782 1202 827 σου
1259 740 1511 859 δοξάσῃ
1569 781 1668 826 σε.
1755 747 1871 825 καὶ
1927 744 2109 825 ὅσον
2162 742 2294 843 μὲν
2348 743 2513 844 ἧκεν
2570 748 2668 827 εἷς
2718 740 2860 842 τὴν
2913 746 3054 819 τῶν

634 870 1020 974 εἰρημένων
1087 866 1490 969 διασκευὴν,
1566 870 1830 970 οἶηθείη
1894 867 2028 968 μὲν
2090 868 2181 948 ἄν
2240 902 2350 952 τις
2422 868 2748 950 εὐκλείας
2812 867 3052 946 ἐπιδεᾶ

635 992 1069 1074 καθεστάναι
1112 993 1332 1098 τυχὸν
1368 993 1496 1073 τὸν
1531 1001 1825 1073 τοιαῦτα
1869 993 2204 1095 λέγοντα·
2282 990 2631 1092 ἐννοήσας
2682 989 2927 1093 γεμῆν
2976 992 3052 1072 τὸ
3075 1022 3104 1080 5

634 1128 764 1199 τοῦ
805 1124 1263 1221 Μονογενοῦς
1300 1117 1608 1225 ἀξίωμα,
1648 1117 1909 1226 ῥᾳδίως
1959 1113 2048 1196 ἂν
2085 1114 2278 1216 οἶμαι
2313 1123 2461 1196 τῶν
2505 1118 2738 1199 οὕτως
2777 1118 3053 1197 ἀθλίων

633 1239 1101 1344 ἀποπηδήσαι
1151 1248 1558 1344 λογισμῶν.
1641 1242 1924 1342 ἠλίθιον
1959 1240 2105 1345 γὰρ
2141 1243 2397 1347 κομιδῇ
2446 1239 2533 1322 τὸ
2582 1240 2810 1347 δόξης
2867 1240 3055 1325 τινὸς

566 1376 611 1442 b
635 1368 913 1448 οἴεσθαι
961 1370 1199 1447 ἐπιδεᾶ
1235 1369 1353 1446 καὶ
1389 1370 1516 1465 τῆς
1553 1367 1749 1473 αὐτῷ
1794 1365 2215 1469 πρεπούσης
2250 1369 2640 1468 ἀμοιρῆσαι
2677 1370 2902 1465 τιμῆς
2935 1364 3055 1445 τὸν

300 1497 545 1623 ἓξὲξ.
634 1490 841 1590 Υὶὸν,
893 1493 1120 1572 καίτοι
1173 1494 1302 1591 τῆς
1357 1489 1576 1598 δόξης
1632 1490 1808 1571 ὄντα
1863 1490 2161 1593 Κύρων·
2250 1492 2437 1572 οὕτω
2502 1490 2649 1594 γὰρ
2709 1489 2939 1571 αὑτὸν
2989 1496 3058 1570 αἱ

300 1632 351 1680 ii·
379 1643 421 1681 ¹·
635 1613 1097 1697 θεόπνευστοι
1159 1624 1471 1695 καλοῦσι
1531 1617 1839 1722 γραφαί.
1942 1615 2194 1699 ἄλλως
2250 1649 2327 1695 τε
2385 1618 2505 1695 καὶ
2558 1615 2869 1716 ἑτέρωθί
2925 1650 3062 1696 που
3089 1653 3152 1694 10

301 1762 441 1811 Infra
636 1740 997 1843 θεωρήσαι
1033 1775 1139 1824 τις
1176 1738 1266 1820 ἂν
1303 1740 1616 1842 λέγοντα
1651 1737 1831 1844 πρὸς
1870 1737 1999 1820 τὸν
2037 1740 2331 1842 Πατερα
2367 1751 2410 1787 “
2444 1737 2697 1840 Πάτερ
2735 1738 3063 1846 δόξασόν

298 1843 400 1877 ver.
420 1838 467 1890 5·
637 1876 801 1964 “pe
848 1868 938 1969 τῇ
989 1860 1257 1971 δόξῃ
1214 1899 1261 1967 ῃ
1317 1860 1512 1969 εἶχον
1547 1862 1692 1965 πρὸ
1730 1873 1860 1945 τοῦ
1910 1862 2039 1944 τὸν
2074 1862 2353 1964 κόσμον
2389 1859 2563 1942 εἶναι
2611 1862 2943 1967 παρὰσ

635 1983 784 2068 εἶτα
853 1989 991 2068 τίνι
1058 1987 1318 2069 λοιπὸν
1383 1990 1822 2095 ἀμφίλογον,
1886 1987 1995 2073 τίς
2058 1987 2134 2068 δὲ
2196 1989 2383 2068 οὕτω
2436 2021 2570 2068 τον
2626 1996 2809 2068 νοῦν
2875 1987 3062 2069 ἀπό·

633 2124 955 2212 πληκτος
994 2115 1113 2192 καὶ
1147 2110 1395 2212 πάσης
1439 2114 1782 2212 ἀληθείας
1829 2110 2104 2218 ἐχθρὸς,
2150 2114 2246 2195 ὡς
2297 2110 2398 2211 μὴ
2434 2110 2767 2191 συνιέναι
2817 2147 2905 2192 τε
2955 2114 3068 2193 καὶ

635 2236 1092 2338 ὀμολογεῖν”
1052 2270 1164 2317 οτι
1202 2235 1420 2344 δόξης
1455 2235 1590 2336 μὲν
1626 2238 1756 2317 οὐκ
1790 2236 2165 2339 ἐστέρηται
2213 2239 2340 2335 τῆς
2379 2242 2835 2338 θεοπρεποῦς
2890 2236 3069 2317 ὅσον
3096 2268 3152 2325 15

299 2375 504 2494 {mit
576 2397 612 2441 ο
634 2365 730 2444 εἷς
767 2361 1026 2440 οἰκείαν
1062 2361 1360 2466 φύσιν
1328 2396 1370 2439 ο
1406 2360 1851 2469 Μονογενής·
1915 2359 2155 2460 ἐπειδὴ
2190 2359 2339 2441 δὲ’
2304 2357 2653 2464 υπάρχων
2689 2363 2776 2440 ἐν
2811 2368 3067 2468 μορφῇ

634 2487 749 2565 καὶ
803 2490 894 2587 τῇ
948 2484 1129 2564 κατὰ
1184 2492 1332 2565 πᾶν
1369 2483 1652 2586 ἰσότητι
1701 2493 1831 2566 τοῦ
1868 2490 2059 2565 Θεοῦ
2104 2489 2222 2564 καὶ
2262 2483 2577 2589 Πατρος,
2616 2484 2761 2591 οὐχ
2820 2487 3061 2589 ἁρπα-

632 2607 820 2712 γμὸν
879 2610 1208 2712 ἡγήσατο
1263 2645 1348 2690 το
1406 2608 1583 2690 εἶναι
1638 2611 1771 2691 ’ίσα
1826 2612 2020 2718 Θεῷ,
2068 2609 2517 2709 καταβέβηκε
2578 2607 2721 2708 μὲν
2772 2616 2879 2694 εἷς
2933 2610 3062 2710 τὴν

633 2735 794 2812 καθ
856 2734 1040 2833 ἡμᾶς
1103 2735 1555 2830 ταπείνωσιν,
1612 2734 1863 2814 ἑαυτὸν
1919 2733 1994 2815 δὲ
2048 2735 2404 2832 κεκένωκε,
2462 2769 2548 2814 το
2601 2735 3061 2843 ἀδοξότατον

632 2860 827 2937 τουτὶ
876 2857 1291 2964 πεφορεκὼς
1326 2864 1547 2958 σῶμα
1590 2859 1709 2938 καὶ
1744 2862 1873 2957 τῆς
1910 2857 2359 2963 ἀνθρωπίνης
2393 2856 2895 2962 σμικρότητος
2935 2859 3059 2959 τὴν
3085 2892 3143 2932 20

633 2982 979 3080 ὁμοίωσιν
1014 2981 1103 3086 ἐξ
1134 2981 1419 3084 ἀγάπης
1454 2981 1741 3081 ὑποδὺς,
1776 2985 1872 3067 ὦς
1908 2982 2048 3083 ἤδη
2083 2981 2438 3086 παρόντος
2475 3017 2553 3063 τε
2600 2985 2726 3063 καὶ
2765 2988 3058 3084 ἐνεστη-

633 3105 839 3190 κότος
885 3113 1014 3186 τοῦ
1058 3104 1493 3207 καθήκοντος
1542 3109 1827 3213 χρόνου,
1865 3108 2030 3187 καθ’
2073 3105 2158 3186 ὅν
2210 3107 2345 3187 ἔδει
2394 3105 2624 3188 πάλιν
2658 3108 2896 3190 αὐτὸν
2932 3109 3061 3209 τὴν

631 3239 760 3313 τοῦ
809 3231 1209 3334 μυστηρίου
1259 3231 1504 3335 χρείαν
1550 3229 2216 3334 ἀποπληρώσαντα,
2264 3230 2398 3332 τὴν
2437 3232 2756 3338 ἀρχαίαν
2809 3268 2897 3314 τε
2950 3239 3060 3314 καὶ

633 3354 946 3454 οὐσιῶδη
980 3353 1617 3460 μεταμφιέσασθαι
1657 3350 1883 3462 δόξαν,
1912 3352 2096 3452 ὅλην
2128 3355 2622 3435 ἀνασώσαντα
2655 3355 2797 3456 τὴν
2829 3365 3062 3439 οἰκου-

568 3489 610 3553 d
634 3480 875 3580 μένην,
920 3478 1413 3560 ἀνασώσαντά
1464 3513 1541 3559 τε
1596 3477 1780 3584 πρὸς
1833 3476 2019 3581 ζωὴν
2068 3482 2187 3559 καὶ
2241 3481 2692 3581 θεογνωσίαν
2750 3480 2934 3567 τοῦς
2988 3486 3061 3562 ἐν
3085 3505 3142 3563 25

636 3605 837 3708 αὐτῇ,
876 3600 1402 3704 συνευδοκητὴν
1439 3606 1557 3682 καὶ
1603 3602 2095 3703 συνεθελητὴν
2130 3602 2358 3683 πάλιν
2409 3605 2542 3682 κάν
2577 3602 2820 3711 τούτῳ
2861 3609 3053 3686 δεικ·

638 3726 760 3812 νῦς
815 3725 943 3806 τὸν
982 3726 1297 3831 Πατέρα·
1366 3725 1498 3827 τὴν
1545 3727 1729 3830 πρὸς
1783 3726 2001 3807 αὐτὸν
2054 3734 2353 3808 ποιεῖται
2407 3724 2753 3833 διάλεξιν,
2793 3733 3059 3833 χρῆναι

636 3848 724 3950 δὴ
789 3851 1078 3936 πάντως
1144 3849 1395 3932 ἑαυτὸν
1457 3851 2011 3956 ἀνακομίζεσθαι
2079 3851 2314 3954 λέγων
2379 3856 2476 3934 εἰς
2531 3848 2617 3931 τὸ
2677 3856 2815 3950 τῆς
2882 3856 3062 3937 ἰδίας

637 3974 929 4079 φύσεως
971 3975 1302 4083 ἀξίωμα·
1285 4037 1305 4071 ,
3199 4047 3200 4052 ,

737 4095 1024 4179 Ἀνεισι
1093 4098 1170 4180 δε
1235 4106 1439 4197 πῶς’,
1525 4136 1571 4200 η
1635 4101 1969 4200 δηλονότι
2026 4107 2172 4181 τῶν
2234 4104 2361 4200 τῆς
2424 4099 2765 4199 θεότητος
2825 4101 3060 4205 ἔργων
3083 4120 3140 4177 30
3199 4115 3200 4138 ³

636 4222 1123 4322 ἀποτελεστὴς
1162 4226 1275 4302 καὶ
1313 4221 1494 4320 μετὰ
1530 4221 1802 4326 σαρκὸς
1841 4220 2439 4320 ἀναδεικνύμενος,
2473 4223 2608 4327 οὐχ
2646 4225 2746 4307 ὡς
2789 4226 3057 4326 ὑπουρ-
3199 4249 3200 4252 ’

705 4519 756 4574 5.
792 4504 1097 4559 καθεστάναι
1127 4504 1187 4558 Ε.
1213 4504 1516 4561 καθιστάναι
1543 4505 1649 4561 Ed.
1960 4523 2041 4561 10.
2079 4505 2325 4577 ἐτέρωθέν
2352 4506 2414 4560 Ε.
2735 4521 2816 4561 12.
2857 4528 2962 4576 μου
2989 4504 3051 4558 Ε.

635 4589 720 4627 22.
757 4574 911 4628 αυτὸν
937 4573 1000 4627 Ε.
1025 4574 1181 4643 αὐτὴν
1210 4574 1308 4629 Ed.
1594 4592 1685 4646 30.
1722 4577 2009 4648 τῷ-ἕργῳ
2037 4576 2100 4632 Ε.
