3238 5158
44 1567 49 1604 l

44 1947 49 1986 1

44 2203 52 2238 2

48 2832 55 2865 ἱ

168 371 275 415 xv.
325 369 427 438 23.
531 351 647 415 IN
710 351 778 416 S.
824 351 1344 416 JOANNEM.
1436 351 1629 418 LIB.
1679 352 1761 417 X.
1853 354 2057 418 CAP.
2106 353 2200 417 ΙΙ.
2436 354 2554 417 601

169 518 290 595 καὶ
353 524 567 597 τοῦτο
627 516 825 601 εἰδὼς
879 519 996 598 καὶ
1054 515 1267 602 αὐτὸς
1326 519 1367 597 5
1420 517 1714 599 πάντων
1772 517 2162 618 Δεσπότης·
2219 529 2262 566 “
2285 518 2559 617 Ἐμοῖ,”
2659 523 2900 639 {tomait

172 644 436 745 φησὶν,
480 649 525 686 “
549 642 926 741 ἐκδίκησις,
979 641 1123 742 ἐγὼ
1180 642 1698 740 ἀνταποδώσω,
1736 643 1931 745 λέγει
1970 642 2304 744 Κύριος,”
2359 640 2561 722 ἀλλὰ
2689 605 2736 656 9’

168 766 290 842 καὶ
326 761 537 848 αὐτὸς
571 764 740 864 ἡμῖν
776 766 817 845 5
853 763 1195 869 μακάριος
1237 771 1557 864 Παῦλος,
1594 765 1735 847 ὑπό
1771 800 1962 849 τινος
1999 772 2145 845 τῶν
2181 764 2563 870 ἀρχιερέων

168 887 626 987 τυπτόμενος,
683 893 810 988 τῆς
865 891 978 969 ἐπὶ
1035 896 1137 997 τῷ
1199 888 1512 995 πάσχειν
1567 890 1851 994 πικρίας
1908 891 2041 995 οὐχ
2095 887 2342 992 ἑτέραν
2392 888 2564 994 ἔσχε

99 1039 138 1100 5
168 1011 644 1118 παραψυχὴν,
682 1008 729 1112 ἢ
779 1012 1046 1115 ταύτην
1101 1013 1344 1113 αὐτήν·
1424 1016 1501 1094 τί
1547 1013 1693 1117 γὰρ
1741 1014 1927 1122 ἔφη·
1907 1074 1928 1110 ,
2013 1024 2058 1061 “
2095 1012 2412 1094 Τύπτειν
2472 1046 2562 1092 σε
2655 1040 2790 1088 Acta
2811 1037 2897 1087 ss,

170 1146 217 1183 ‘⁴
255 1136 522 1235 μέλλει
579 1139 620 1217 5
670 1135 875 1236 Θεὸς,
931 1145 1123 1243 τοῖχε
1191 1138 1700 1237 κεκονιαμένε.”
1803 1138 2172 1221 ἀσθενείας
2233 1138 2358 1217 οὖν
2422 1137 2563 1240 ἄρα
2591 1149 2632 1213 d
2655 1106 2758 1233 ἕρ
2746 1119 2902 1154 ¹¹¹¹¹‘

169 1259 562 1368 φάρμακον
635 1261 1084 1362 ἀνθρωπίνης
1154 1268 1273 1340 καὶ
1361 1270 1603 1358 τοῦτο,
1697 1259 1783 1343 τὸ
1868 1259 2308 1366 κολάζεσθαί
2376 1269 2564 1369 φημι

167 1389 595 1487 προσδοκᾶν
649 1382 816 1470 τοὺς
866 1386 1130 1464 ἀδικεῖν
1177 1383 1580 1482 ἑλομένους.
1662 1386 2000 1489 κρείττων
2056 1382 2281 1486 γεμὴν
2318 1391 2436 1465 καὶ
2492 1388 2566 1464 ἐν

168 1507 489 1589 πλείονι”’
452 1510 724 1617 μέτρω
762 1512 891 1608 τῆς
927 1509 1376 1612 ἀνθρωπίνης
1412 1508 1964 1654 μικροψυχίας“
1934 1543 1973 1588 ο
2014 1507 2302 1610 Κύριος·
2344 1517 2390 1555 “
2412 1520 2567 1588 λοι-
2657 1508 2900 1637 ἔξω

100 1641 217 1711 0“
256 1599 678 1735 δοροόμενος
742 1630 886 1737 γὰρ
940 1633 1068 1712 οὐκ
1124 1633 1619 1736 ἀντελοιδόρει,
1673 1632 1987 1737 πάσχων
2042 1634 2169 1712 οὐκ
2222 1632 2563 1732 ἠπείλει,”

168 1755 360 1837 κατὰ
395 1756 480 1837 τὸ
518 1755 1031 1862 γεγραμμένον·
1084 1755 1548 1862 ραπιζόμενος
1591 1754 1685 1856 δὲ,
1722 1755 2066 1865 φορτικὸν
2103 1753 2294 1837 εἶπεν
2331 1753 2534 1836 οὐδὲν
2541 1816 2563 1853 ,

169 1883 336 1962 οὔτε
370 1878 514 1980 μὴν
561 1881 912 1982 ἠπείλησε
957 1883 1060 1992 τῷ
1093 1888 1355 1962 παῖσαι
1402 1879 1896 1982 τετολμηκότι,
1931 1877 2303 1985 πραότατα
2341 1877 2416 1959 δὲ
2452 1883 2570 1959 καὶ

169 2003 610 2113 ἀνεξικάκως
647 2010 903 2112 κομιδῇ
940 2016 984 2054 “
1008 2001 1100 2086 Εἰ
1135 2012 1386 2104 κακῶς,
1420 2007 1673 2112 φησὶν,
1711 2002 2067 2105 ἐλάλησα,
2105 2004 2571 2107 μαρτύρησον
2663 2003 2803 2083 Ῑ“ῗ“.“ἔ“

2661 2085 2801 2119 xvm.
2832 2084 2873 2128 2,
2895 2103 2908 2115 .

171 2140 217 2178 ‘⁶
256 2133 420 2231 περὶ
456 2138 585 2209 τοῦ
622 2139 863 2211 κακοῦ·
941 2136 1002 2210 εἰ
1052 2127 1129 2210 δὲ
1178 2137 1439 2228 καλῶς,
1476 2130 1553 2209 τί
1599 2163 1688 2229 με
1739 2129 2047 2233 δέρεις·”
1980 2190 2002 2227 ,
2107 2127 2387 2229 ἀληθὴς
2444 2130 2570 2208 ουν
2596 2158 2632 2202 ο
2867 2082 2890 2126 3

44 2283 139 2365 15
172 2254 325 2359 ἄρα
378 2261 525 2339 τοῖς
579 2253 1054 2363 προφήταις
1022 2290 1062 2335 ο
1100 2252 1320 2354 λόγος
1376 2264 1418 2301 “
1431 2251 1608 2334 Ὅτι
1646 2254 1752 2337 τίς
1795 2255 1871 2333 ἐν
1910 2251 2251 2358 νεφέλαις
2296 2249 2707 2353 ισωθή-Ρ
2661 2263 2890 2363 kima.

172 2390 220 2429 “
258 2413 473 2459 σεται
527 2384 630 2485 τῷ
669 2375 1019 2488 Κυρίω,
982 2413 1029 2477 η
1079 2378 1182 2463 τίς
1242 2375 1769 2480 ὁμοιωθήσεται
1819 2382 1921 2485 τῷ
1970 2377 2212 2486 Κυρίῳ
2268 2381 2343 2457 ἐν
2399 2379 2572 2459 υἱοῖς
2667 2391 2710 2442 7·

173 2515 222 2553 “
261 2509 457 2585 Θεοῦ
484 2503 556 2601 ;”

574 2757 659 2824 ‘O
715 2757 830 2836 ἐμὲ
884 2757 1091 2834 μισῶν
1148 2757 1254 2823 καὶ
1308 2757 1420 2825 τὸν
1474 2756 1739 2843 Πατέρα
1793 2775 1916 2830 μου
1969 2747 2162 2829 μισεῖ.
2605 2777 2679 2834 23

293 2929 723 3031 Ἀθεότητος
794 2929 1124 3032 ἔγκλημα
1198 2927 1543 3033 καθορίζει
1603 2933 1869 3032 σαφῶς
1930 2932 2076 3005 τῶν
2140 2922 2227 3030 ἐξ
2282 2921 2578 2999 ἀνοσίου

63 3093 145 3134 20
171 3057 473 3163 γνώμης
539 3058 656 3137 καὶ
709 3055 978 3162 φρενὸς,
1006 3052 1603 3157 ἐκκεκρουσμένης
1657 3057 1898 3151 μισεῖν
1939 3044 2156 3128 αὐτὸν
2192 3043 2571 3145 ἑλομένων.

52 3200 65 3247 ³
173 3186 304 3264 καὶ
342 3180 483 3285 γάρ
522 3183 724 3261 ἐστιν
759 3178 1051 3280 ἀληθές·
1115 3179 1198 3259 οὐ
1235 3175 1378 3282 γὰρ
1405 3176 1796 3284 ἀφέξονται
1832 3178 1959 3273 τῆς
1996 3179 2094 3256 εἶς
2127 3168 2255 3251 τὸν
2285 3167 2578 3269 Πατέρα

54 3330 63 3373 f

170 3307 682 3405 πλημμελείας
756 3306 823 3383 οἱ
882 3301 1009 3383 τὸν
1081 3301 1262 3383 Υὶὸν
1337 3299 1808 3403 ἀτιμάζοντες,
1873 3298 2097 3399 ἤγουν
2162 3294 2272 3375 ὅτι
2329 3291 2579 3395 πρέπει
2603 3331 2638 3371 a
2677 3317 2815 3372 906
2833 3315 2915 3371 A.

54 3466 63 3495 ’ν
171 3437 433 3533 μισεῖν
472 3426 874 3532 ἐγνωκότες.
960 3426 1179 3530 ὅνπερ
1215 3424 1356 3530 γὰρ
1394 3424 1665 3527 τρόπον
1701 3428 1766 3502 οἱ
1804 3420 1937 3521 τὴν
1973 3427 2099 3500 τοῦ
2141 3419 2348 3518 ἡλίου
2384 3450 2570 3519 μαρ-

172 3552 539 3658 μαρυγὴν,
571 3556 667 3637 ὡς
701 3553 806 3632 ἐπ’
842 3553 1067 3631 οὐδενὶ
1101 3556 1248 3629 τῶν
1284 3547 1687 3651 ἀναγκαίων
1712 3550 1955 3656 φαίνοι
1992 3578 2068 3624 τε
2100 3545 2216 3623 καὶ
2256 3538 2583 3693 ὑπάρχοι,

58 3710 143 3774 ²²5
173 3679 679 3781 διασύροντες,
739 3674 869 3761 τὰς
923 3678 1051 3775 τῆς
1110 3671 1562 3779 ἀχρειότητος
1613 3672 1839 3753 αἰτίας
1893 3672 2008 3750 καὶ
2064 3667 2195 3768 τὴν
2247 3667 2351 3746 ἐπ’
2405 3665 2586 3767 αὐτῇ

173 3809 452 3914 ψῆφον
488 3808 586 3887 εἶς
621 3798 837 3881 αὐτὸν
874 3800 1321 3880 ἀνατείνουσι
1354 3795 1482 3877 τὸν
1518 3796 1604 3904 ἐξ
1639 3796 1857 3896 ουπερ
1894 3797 2076 3874 ἐστι·
2151 3794 2268 3871 καὶ
2306 3789 2586 3896 ὅτωπερ

60 3954 65 3963 ’
175 3928 274 4011 ἀν
330 3935 622 4007 κακῦναι
672 3930 848 4032 δοκῇ
893 3922 1024 4024 τὴν
1061 3924 1150 4031 ἐξ
1182 3920 1454 4001 ἀνθέων
1487 3918 1711 4025 τυχὸν
1746 3918 2134 4015 εὐωδίαν,’
2098 3916 2204 3996 επ’
2244 3916 2464 3993 ἐκεῖνο
2498 3910 2587 4011 δὴ

62 4102 67 4113 =
172 4055 477 4136 πάντως
531 4049 805 4130 ἀνοίσει
853 4047 938 4128 τὸ
995 4046 1322 4150 ἔγκλημα
1370 4043 1454 4125 τὸ
1509 4043 1598 4151 ἐξ
1648 4042 1869 4145 οὗπερ
1919 4038 2012 4120 ἀν
2047 4039 2379 4120 τίκτοιτο·
2461 4034 2589 4114 τὸν

178 4171 409 4255 αὐτὸν
438 4167 634 4270 οἶμαι
670 4167 939 4272 τρόπον
981 4168 1105 4248 ἐπί
1138 4200 1212 4245 τε
1250 4172 1377 4244 τοῦ
1416 4169 1879 4265 Μονογενοῦς
1915 4163 2033 4241 καὶ
2077 4166 2205 4239 τοῦ
2264 4154 2589 4238 τεκόντος

64 4335 149 4393 30
180 4294 412 4380 αὐτὸν
432 4293 915 4395 συμβήσεται.
980 4291 1064 4371 οὐ
1089 4289 1230 4394 γὰρ
1264 4288 1465 4369 ἔστιν
1487 4290 1615 4368 οὐκ
1642 4287 1797 4366 ἔστι
1821 4279 2369 4391 καταψέγοντάς
2395 4312 2590 4361 τινας

265 4547 320 4602 7.
359 4531 444 4584 καὶ
467 4546 564 4599 pro
586 4529 648 4583 τὸ
673 4527 880 4599 Migne.
1221 4542 1304 4591 14.
1339 4521 1535 4591 ἀληθὴς
1562 4519 1628 4574 Ε.
1653 4518 1755 4588 ἄλη
1757 4517 1860 4575 θῶς
1885 4516 1987 4572 Ed.
2307 4510 2480 4565 22.01
2505 4525 2590 4561 as·

183 4610 479 4672 sumptum
504 4618 570 4653 ex
596 4599 662 4654 Ε.
984 4597 1071 4651 28.
1106 4596 1167 4649 τὸ
1192 4596 1281 4649 alt.
1310 4593 1375 4648 E.
1401 4594 1490 4646 τὸν
1517 4589 1619 4646 Ed.
1934 4604 2020 4657 ²9·
2059 4607 2116 4640 τε
2142 4584 2207 4640 Ε.
2232 4604 2295 4654 γε
2321 4579 2425 4635 Ed.

280 4702 428 4747 von.
458 4702 534 4747 11.
1362 4696 1404 4754 4
1435 4694 1479 4737 n
