3238 5158
673 342 803 404 664
1282 341 1360 404 B.
1410 339 1831 405 CYRILLI
1891 341 2474 408 ALEXANDR.
2847 341 3095 406 xvii-2.

674 507 928 586 οὐκοῦν
978 507 1263 609 ἐπείπερ
1307 508 1506 585 ἐστὶν
1552 504 1936 610 ἀρχιερεὺς,
1976 505 2156 587 καθὸ
2207 507 2526 612 πέφηνεν
2574 506 2992 608 ἅνθρωπος,
3027 511 3098 586 ἐν

675 629 912 735 ταύτῷ
948 628 1024 708 δὲ
1062 633 1180 710 καὶ
1218 629 1517 729 ἄμωμον
1556 635 1751 728 θῦμα
1784 631 2352 732 προσκεκόμικεν
2376 632 2632 711 ἑαυτὸν
2658 631 3097 733 ἀντίλυτρον

672 752 800 848 τῆς
840 749 1178 830 ἁπάντων
1217 748 1397 852 ζωῆς
1435 784 1537 857 τῳ
1503 751 1730 857 Θεῷ
1766 753 1884 829 καὶ
1910 753 2171 854 Πατρί,
2200 749 2604 855 καθάπερ’
2560 749 2916 856 απαρχῆν
2941 785 3098 831 τινα

334 873 441 988 ῗζι·
464 874 498 924 ³·
674 876 802 971 τῆς
844 871 1499 977 ἁνθρωπότητος,“
1527 874 1612 952 ἵν’
1667 875 1743 952 ἐν
1790 878 1981 954 πᾶσι
2037 874 2327 975 γε’νηται
2379 875 2830 976 πρωτεύων,”
2899 879 3002 960 ὦς
3057 878 3096 955 5

676 996 975 1081 Παῦλός
1011 1004 1225 1104 φησι·
1295 997 1757 1101 προσκομίζει
1793 996 1871 1076 δὲ
1905 995 2134 1078 πάλιν
2168 996 2253 1078 τὸ
2291 1001 2854 1101 ἀποσκιρτῆσαν
2889 1000 3096 1103 γένος
3119 1037 3146 1091 5

610 1153 646 1198 e
671 1121 787 1201 ἐπὶ
839 1124 969 1220 τῆς
1024 1124 1179 1223 γῆς,
1225 1122 1466 1221 αἵματι
1522 1117 1655 1220 μὲν
1711 1125 1814 1228 τῷ
1868 1120 2022 1228 ἰδίῳ
2078 1119 2397 1225 καθαρὸν
2451 1123 2868 1229 ἀποδείξας,
2909 1126 3088 1204 ἀνα-

668 1245 1075 1352 μορφώσας
1129 1245 1205 1325 δὲ
1265 1243 1448 1350 πρὸς
1493 1243 1877 1345 καινότητα
1931 1242 2112 1346 ζωῆς
2168 1244 2286 1324 διὰ
2339 1253 2468 1326 τοῦ
2522 1247 2783 1348 Ἀγίου
2844 1250 3084 1328 Πνεὺ-

668 1402 915 1466 ματος.
990 1367 1228 1469 ἐπειδὴ
1275 1369 1373 1468 δὲ,
1422 1368 1612 1450 καθὰ
1654 1365 2014 1452 πολλάκις
2050 1368 2445 1473 εἰρήκαμεν,
2482 1367 2725 1451 πάντα
2776 1380 3090 1452 τελεῖται

668 1492 870 1595 παρὰ
925 1491 1216 1596 Πατρός
1267 1494 1354 1574 δι’
1394 1496 1575 1573 Υἱοῦ
1610 1495 1688 1573 ἐν
1725 1490 2114 1592 Πνεύματι,
2157 1492 2555 1573 πλάττεται
2591 1499 2742 1572 τῶν
2787 1498 3092 1597 ἀγαθῶν

671 1623 769 1702 εἰς
804 1618 989 1718 ἡμᾶς
1026 1616 1159 1717 τὴν
1194 1617 1500 1718 αἴτησιν,
1538 1620 1637 1702 ὡς
1671 1616 1971 1717 μεσίτης
2019 1620 2138 1697 καὶ
2184 1616 2580 1722 ἀρχιερεὺς,
2624 1618 2870 1700 καίτοι
2919 1655 3091 1700 συν-
3117 1663 3174 1703 ιο

673 1742 891 1847 δοτὴρ
929 1744 1047 1822 καὶ
1082 1740 1547 1848 συγχορηγὸς
1585 1739 1930 1846 ὑπάρχων
1965 1746 2068 1848 τῷ
2102 1742 2257 1848 ἰδίῳ
2292 1740 2665 1845 γεννήτορι
2699 1749 2858 1821 τῶν
2887 1748 3090 1825 θείων

671 1900 748 1945 τε
811 1871 929 1947 καὶ
991 1872 1486 1966 πνευματικῶν
1550 1861 2047 1971 χαρισμάτων.
2141 1868 2398 1969 διαιρεῖ
2451 1864 2597 1968 γὰρ
2670 1867 2838 1945 κατ’
2915 1870 3093 1948 ἰδίαν

669 1989 1035 2091 βούλησίν
1095 2025 1174 2071 τε
1233 1993 1351 2072 καὶ
1426 1989 1767 2098 ἐξουσίαν
1831 1986 2093 2093 οἷσπερ
2157 1987 2248 2069 ἂν
2317 1987 2549 2068 ἐθέλοι
2623 1987 2713 2068 τὸ
2783 1995 3092 2092 Πνεῦμα

671 2113 1019 2217 Χριστός.

790 2240 938 2317 Καὶ
992 2271 1196 2319 ταυτι
1247 2237 1382 2340 μὲν
1414 2242 1491 2318 ἐν
1525 2238 1825 2323 τούτοις·
1903 2238 1980 2317 τί
2025 2236 2102 2318 δε
2154 2236 2243 2338 δὴ
2287 2237 2631 2334 βουλεται
2686 2241 2985 2339 δηλοῦν
3016 2243 3091 2321 τὸ
3117 2274 3165 2326 15

341 2384 482 2440 950
499 2383 578 2439 Δ.
616 2398 652 2439 a
679 2363 803 2461 τῆς
839 2360 1188 2463 αἰτήσεως
1224 2367 1500 2469 σχῆμα,
1538 2361 1965 2466 δοκιμαζέτω
2011 2359 2239 2443 πάλιν
2289 2363 2329 2440 5
2380 2360 2623 2464 λόγος.
2703 2371 2754 2408 “
2785 2365 3088 2468 Hah-qs

335 2460 505 2575 §32er
675 2484 935 2586 τοίνυν,
973 2489 1186 2594 φησὶ,
1236 2497 1282 2534 “
1314 2485 1638 2596 δόξασόν
1685 2521 1829 2568 σου
1884 2484 2013 2566 τὸν
2048 2483 2316 2566 Υἰὸν”’
2284 2520 2400 2565 ινα
2454 2488 2572 2565 καὶ
2627 2487 2667 2565 5
2709 2486 2906 2573 Υἱός
2961 2524 3092 2569 σου

677 2620 720 2659 “
753 2611 1038 2719 δοξάσῃ
1093 2614 1257 2693 σε.”
1332 2619 1487 2696 πῶς
1543 2613 1671 2693 οὖν
1727 2608 1774 2713 ἢ
1834 2613 1996 2692 τίνα
2047 2609 2320 2713 τρόπον
2372 2609 2546 2715 ὅπερ
2605 2612 2802 2717 ἔφην
2859 2619 3092 2696 διανυ-

673 2735 1086 2836 σθήσεταις
1167 2735 1551 2837 βούλομαι,
1605 2740 1871 2843 φησὶν,
1931 2735 2051 2816 ἵνα
2093 2733 2346 2838 ὥσπερ
2401 2730 2717 2823 δέδωκάς
2775 2773 2920 2837 μοι
2973 2738 3092 2838 τὴν

674 2862 970 2968 ἐξουσίαν
1014 2861 1252 2956 πάσης
1288 2861 1562 2970 σαρκὶς,
1599 2863 1787 2941 οὕτω
1837 2862 1955 2940 καὶ
1998 2862 2143 2940 πᾶν
2177 2861 2209 2941 ὃ
2249 2854 2550 2945 δέδωκάς
2590 2894 2719 2959 μοι
2756 2861 2904 2968 ἔχῃ
2943 2862 3092 2974 ζαν
3111 2898 3160 2938 aa

674 2985 940 3067 nidmu.
1016 2984 1323 3093 ἐδόξασε
1375 2984 1507 3085 μὲν
1561 2983 1706 3088 γὰρ
1764 2986 1804 3064 5
1859 2981 2120 3088 Πατὴρ
2173 2981 2302 3064 τᾶν
2354 2983 2534 3065 ἴδιον
2567 2982 2778 3084 Υἰὸν,
2839 2995 3092 3069 πᾶσαν

677 3111 958 3194 ὑποθεὶς
1011 3106 1145 3210 τὴν
1188 3111 1320 3218 ,ὑφ’
1383 3109 1567 3218 ἡλίῳ
1622 3115 1771 3194 τοῖς
1820 3107 2219 3213 σκήπτροις
2272 3111 2518 3206 αὑτοῦ,
2578 3110 3089 3220 ἀντεδοξᾰσθη

675 3233 754 3315 δὲ
812 3237 930 3315 καὶ
989 3232 1203 3319 αὐτὸς
1265 3235 1350 3313 δι’
1410 3234 1651 3315 αὐτοῦ.
1728 3235 1768 3313 5
1823 3232 1955 3332 μὲν
2008 3231 2152 3336 γὰρ
2216 3231 2393 3316 Υἱὸς
2448 3229 2826 3340 ἐδοξάσθη
2901 3238 3090 3341 παρὰ

672 3367 802 3440 τοῦ
878 3356 1191 3463 Πατρὸς,
1247 3361 1653 3442 πιστευθεὶς
1738 3355 1941 3461 παρὰ
2021 3356 2314 3437 πάντων
2397 3356 2509 3436 ὅτι
2572 3355 2912 3459 γέννημα
2985 3364 3089 3441 καὶ
3191 3376 3192 3381 ’

674 3482 948 3587 καρπός
1008 3486 1170 3564 ἐστι
1226 3489 1355 3562 τοῦ
1415 3478 1660 3561 πάντα
1718 3482 2100 3586 ἰσχύοντος
2156 3482 2275 3560 καὶ
2329 3483 2635 3583 ἀμογητὶ
2693 3481 2792 3561 τὰ
2857 3485 3090 3566 πάντα
3107 3516 3154 3570 :5
3191 3530 3192 3541 ³

605 3625 648 3689 b
673 3614 820 3692 τοῖς
874 3611 1003 3708 τῆς
1056 3607 1273 3688 αὐτοῦ
1326 3605 1709 3703 βασιλείας
1766 3602 2221 3690 ὑποτιθέντος
2278 3606 2536 3709 ζυγοῖς,
2578 3607 3088 3715 ἀντεδοξάσθη
3191 3628 3192 3691 3

674 3728 751 3810 δὲ
799 3730 1048 3835 ὥσπερ
1102 3729 1301 3834 παρὰ
1350 3739 1479 3810 τοῦ
1525 3731 1703 3809 ἰδίου
1751 3727 2187 3831 γεννήματος
2227 3730 2267 3808 5
2308 3727 2587 3833 Πατήρ.
2658 3731 2921 3834 ἐπειδὴ
2957 3733 3086 3837 γὰρ
3191 3742 3192 3751 ’

669 3854 912 3936 πάντα
965 3856 1222 3960 ἰσχύον
1260 3857 1603 3937 ἐπιτελεῖν
1638 3852 1949 3938 εὐκόλως
2007 3851 2342 3956 ἐγνώσθη
2397 3852 2482 3933 τὸ
2538 3853 2899 3957 γέννημα,
2949 3864 3084 3940 δια-

670 3979 940 4081 βέβηκε
992 3984 1121 4080 τῆς
1164 3981 1480 4064 εὐκλείας
1516 3979 1561 4078 ἦ
1608 3976 1815 4083 χάρις
1873 3985 1968 4063 εἰς
2024 3976 2152 4058 τὸν
2206 3974 2504 4058 τεκόντα
2558 3978 2759 4061 αὐτό.
2844 3981 3084 4083 ὥσπερ

673 4104 822 4203 οὖν,
860 4107 1071 4212 φησὶ,
1107 4102 1464 4211 ἐδόξασάς
1514 4136 1591 4183 τε
1650 4106 1768 4183 καὶ
1822 4101 2247 4209 ἐδοξάσθης,
2284 4101 2448 4186 δοὺς
2492 4107 2677 4210 αὐτῷ
2727 4102 2873 4205 τὴν
2918 4105 3084 4187 mi
3101 4130 3140 4187 3³

671 4226 966 4311 πάντων
1001 4229 1300 4337 ἐξουσίαν
1336 4233 1455 4308 καὶ
1502 4225 1903 4332 κυριότητα,
1943 4224 2127 4307 κατὰ
2169 4223 2297 4307 τὸν
2344 4225 2712 4330 εἰρημένον
2751 4230 3081 4331 δηλονότι

745 4456 796 4510 6.
834 4455 929 4522 μὲν
952 4463 1291 4525 assumptum
1315 4472 1380 4509 ex
1406 4455 1472 4510 E.
1689 4472 1743 4525 9.
1777 4450 2131 4544 πλάττεταιΓ
2133 4451 2304 4507 ‘forte
2326 4451 2631 4522 πράττει-ω’
2635 4452 2912 4511 ’adnotat
2928 4455 3074 4511 Aub-

673 4525 769 4581 sed
803 4528 1084 4653 πθὶέἷπεὲαι
1118 4533 1259 4582 recte
1294 4524 1507 4582 exhibet
1534 4525 1592 4582 F.
1631 4524 1700 4582 cf.
1725 4525 1785 4581 τὸ
1810 4526 1901 4593 τῆς
1923 4523 2176 4593 αἰτῆσεως
2208 4523 2489 4578 πλάττεται
2526 4523 2714 4593 σχῆμα
2742 4525 2894 4583 infra
2915 4528 3019 4599 958
3037 4544 3072 4578 e.

678 4614 762 4668 13·
798 4620 823 4652 f
919 4621 952 4667 n
