3238 5158
194 356 313 423 viii.
339 373 564 445 5455.
745 358 862 424 IN
920 357 991 424 S.
1037 356 1552 424 JOANNEM.
1646 356 1838 423 LIB.
1869 356 1993 423 VI.
2447 353 2569 419 125

200 531 241 568 “
273 526 385 602 καὶ
433 523 883 628 φρίττουσι,”
925 520 1110 603 κατὰ
1158 520 1243 602 τὸ
1291 519 1811 625 γεγραμμένον.
1885 517 2069 624 πρὸς
2106 517 2180 600 δὲ
2216 517 2301 599 τὸ
2348 517 2563 620 γινώ-

202 678 410 742 σκειν,
446 645 557 726 ὅτι
610 645 792 744 ἔστι,
836 650 953 726 καὶ
1007 644 1228 753 δόξας
1281 644 1466 750 ἔχειν
1509 642 1912 725 ἀκόλουθον
1953 648 2118 748 περὶ
2171 645 2389 723 αὐτοῦ
2443 638 2572 725 τὰς
2595 676 2633 720 ο

202 771 380 877 αὐτῷ
431 770 853 871 πρεπούσας
906 772 1024 850 καὶ
1079 769 1687 874 χρεωστουμένας·
1745 766 1896 849 οἷον
1930 769 2018 849 δέ
2062 769 2258 874 φημί
2291 795 2386 847 τι·
2447 762 2576 845 τὸν

203 894 363 974 ὄντα
400 893 593 974 Θεὸν
626 893 705 974 τί
744 892 877 992 μὲν
911 893 1137 977 ὅντως
1183 895 1343 972 ἐστὶ
1389 890 1572 973 κατὰ
1625 892 1875 1044 φύσιν,
1911 893 2039 972 οὐκ
2088 888 2181 970 ἀν
2223 886 2426 987 οἶμαί
2467 922 2576 971 τις

150 1040 181 1102 5
201 1016 895 1121 πολυπραγμονήσαι
966 1023 1397 1124 σωφρονῶν·
1484 1018 1710 1120 εὑρεῖν
1782 1015 1926 1120 γὰρ
2008 1008 2579 1120 ἀμήχανον·τά

202 1141 414 1244 γεμὴν
446 1139 823 1245 προσόντα
860 1142 1073 1248 αὐτῷ,
1112 1145 1232 1219 καὶ
1277 1137 1380 1238 μὴ
1424 1137 1802 1243 προσόντα
1835 1137 2077 1243 τυχὸν,
2113 1138 2434 1238 ἐπιγνοίη
2469 1168 2579 1219 τις

203 1263 285 1343 ἂν
349 1268 463 1344 καὶ
539 1262 708 1343 λίαν
780 1262 1116 1359 εὐκόλως,
1190 1269 1336 1346 τοῖς
1409 1268 1614 1364 ἱεροῖς
1690 1262 2049 1362 ὁμιλήσας
2122 1263 2571 1365 γράμμασιν.

201 1384 400 1483 ἴσμεν
449 1385 594 1489 γὰρ
650 1389 768 1466 καὶ
820 1384 1397 1484 πεπιστεύκαμεν
1446 1420 1555 1465 οτι
1611 1384 1909 1470 δυνατός
1963 1388 2182 1465 ἐστιν·
2244 1418 2454 1482 ισμεν
2505 1382 2580 1462 δὲ

203 1508 305 1589 ὅτι
355 1511 482 1590 οὐκ
538 1509 741 1590 ἔστιν
795 1504 1130 1607 ἀσθενὴς,
1175 1508 1390 1606 ἴσμεν
1446 1507 1556 1587 ὅτι
1611 1508 1885 1610 ἀγαθός
1938 1512 2159 1605 ἐστιν,
2204 1507 2421 1606 ἴσμεν
2471 1506 2583 1585 ὅτι

120 1666 183 1706 ιο
204 1633 320 1711 οὐκ
379 1632 539 1713 ἔστι
603 1631 933 1734 πονηρὸς,
989 1631 1203 1731 ἴσμεν
1259 1631 1370 1711 ὅτι
1434 1630 1698 1716 δίκαιός
1760 1634 1941 1730 ἐστι,
1997 1635 2114 1710 καὶ
2175 1627 2403 1712 πάλιν
2456 1630 2584 1709 οὐκ
2608 1642 2652 1707 d

204 1754 392 1835 ἔστιν
427 1757 690 1840 ἄδικος.
780 1755 994 1854 ἴσμεν
1033 1754 1142 1834 ὅτι
1177 1750 1400 1838 ἀίδιός
1442 1757 1622 1851 ἐστι,
1660 1755 2062 1854 διακείμεθα
2114 1756 2230 1833 καὶ
2278 1750 2577 1835 πιστεύ-

205 1911 363 1978 ομεν
414 1879 527 1959 ὅτι
583 1880 709 1958 οὐκ
766 1879 928 1958 ἔστι
982 1878 1222 1986 χρόνῳ
1277 1877 1834 1977 πεπερασμένος,
1881 1878 2084 1957 ἀλλὰ
2138 1876 2298 1958 οὐδὲ
2352 1875 2587 1979 πρόσ-

206 2035 433 2104 καιρος
487 2000 679 2081 καθὰ
737 2003 855 2080 καὶ
908 2001 1126 2100 ἡμεῖς.
1227 2003 1302 2080 ἐν
1346 1998 1623 2104 ῥήμασι
1679 2004 1797 2081 καὶ
1852 2009 2124 2108 φωναῖς
2180 1998 2589 2107 φάσκοντες

206 2123 523 2206 Ἰουδαῖοι
562 2127 801 2205 τοίνυν
829 2123 1030 2221 ὅσον,
1060 2120 1557 2225 διωμολόγουν
1589 2131 1853 2231 σαφῶς
1886 2123 2075 2204 Θεὸν
2110 2126 2377 2205 ἑαυτῶν
2412 2119 2590 2203 εἶναι

124 2275 188 2336 15
208 2244 324 2328 τὸν
359 2248 576 2346 Θεὸν,
622 2251 1041 2350 ἀγνοοῦντες
1097 2246 1313 2326 αὐτὸν
1368 2245 1570 2326 οὐδὲν
1624 2247 1860 2348 ἧττον,
1909 2249 2080 2328 ἀλλ’
2119 2248 2300 2329 ὅσον
2347 2283 2425 2329 τε
2480 2247 2589 2327 ὅτι

208 2404 278 2450 τε
329 2369 704 2479 ἄφθαρτός
758 2373 918 2450 ε’στι
973 2373 1091 2450 καὶ
1146 2369 1366 2453 ἀίδιος
1421 2370 1769 2456 συνέντας
1827 2372 1962 2477 οὐχ
2016 2372 2431 2476 εὑρήσομεν.
2531 2377 2591 2451 εἰ

209 2491 339 2597 γὰρ
401 2493 703 2601 ᾔδεσαν,
761 2495 888 2574 οὐκ
951 2490 1064 2592 ἂν,
1119 2489 1334 2595 οἶμαι,
1383 2490 1566 2596 πρὸς
1618 2503 1832 2574 τοῦτο
1896 2496 2355 2577 κατώλισθον
2408 2499 2589 2577 ἀπο-

208 2619 512 2726 πληξίας
553 2622 649 2703 ὡς
687 2616 1162 2725 τεθνήξεσθαι
1198 2622 1619 2721 προσδοκᾶν
1655 2616 1781 2699 τὸν
1808 2620 1887 2698 ἐκ
1921 2624 2050 2718 τῆς
2086 2620 2336 2705 οὐσίας
2373 2623 2588 2701 αὐτοῦ
2614 2652 2650 2696 e

210 2740 648 2844 προελθόντα
702 2739 884 2821 Υἱὸν
942 2745 1354 2844 Μονογενῆ·
1442 2740 1614 2820 ἀλλ’
1673 2741 1824 2821 οὐδ’
1885 2741 1974 2821 ἂν
2027 2745 2219 2851 αὐτῷ
2282 2742 2410 2824 τὸν
2462 2753 2591 2824 τοῦ

130 2898 195 2942 20
211 2863 546 2969 Ἃβραᾶμ
601 2868 718 2944 καὶ
770 2871 916 2945 τῶν
959 2871 1356 2971 προφητῶν
1398 2864 1884 2967 προτείνοντες
1933 2863 2242 2945 θάνατον
2278 2866 2595 2965 ἀνοήτως

214 2987 528 3093 ἔφασκον
567 2989 756 3069 Τίνα
806 2986 1117 3068 σεαυτὸν
1154 2995 1423 3084 ποιεῖς;
1485 2984 1531 3087 ἢ
1564 2985 1709 3089 γὰρ
1745 2988 1903 3091 οὐχὶ
1942 2992 2058 3067 καὶ
2106 2985 2404 3093 σφόδρα
2458 2991 2605 3092 ἐρεῖ

214 3144 310 3197 τις
368 3111 654 3196 εἰκότως
720 3115 816 3195 ὡς
872 3110 962 3211 ἦν
1018 3114 1411 3214 ἀναγκαῖον
1466 3108 1632 3195 τοὺς
1696 3109 1969 3196 εἰδότας
2030 3113 2137 3195 τίς
2191 3114 2350 3191 ἐστι
2414 3111 2600 3192 κατὰ

218 3236 431 3341 φύσιν
476 3238 517 3315 ὂ
570 3233 852 3338 Πατὴρ,
889 3243 1214 3314 τοιοῦτον
1259 3232 1435 3314 εἶναι
1489 3232 1851 3314 πιστεύειν
1899 3237 2018 3315 καὶ
2072 3233 2200 3315 τὸν
2245 3234 2333 3342 ἐξ
2381 3236 2599 3315 αὐτοῦ

214 3358 657 3460 προελθόντα
694 3357 985 3460 Λόγον,
1049 3356 1269 3459 ὅνπερ
1303 3355 1450 3459 γὰρ
1484 3354 1756 3459 τρόπον
1793 3355 1938 3437 ἀπὸ
1973 3360 2312 3460 γλυκείας
2358 3363 2598 3461 πηγῆς

138 3503 198 3564 25
217 3482 434 3581 γλυκὺ
487 3516 624 3581 μεν
674 3481 965 3566 πάντως
1017 3477 1306 3584 πρόεισι
1362 3486 1573 3577 νᾶμα,
1623 3483 1739 3560 καὶ
1794 3479 1940 3561 ἀπὸ
1994 3481 2242 3588 ξύλων
2293 3484 2597 3585 εὐγενῶν

218 3604 452 3707 εὐγενῆ
489 3603 782 3690 πάντως
820 3603 1025 3683 ἔσται
1062 3638 1179 3682 και
1216 3601 1309 3682 τὰ
1345 3601 1740 3702 τικτόμενα·
1798 3638 2022 3689 ουτως
2057 3602 2254 3703 οἶμαι
2288 3609 2432 3685 δεῖν
2467 3602 2596 3684 τὸν

218 3728 284 3807 ἐκ
335 3737 460 3808 τοῦ
519 3726 702 3808 κατὰ
757 3726 986 3834 φύσιν
1024 3731 1238 3824 Θεοῦ,
1279 3723 1470 3805 Θεὸν
1523 3722 1702 3805 εἶναι
1752 3727 2116 3807 πιστεύειν
2171 3731 2433 3828 ἀληθῆ,
2478 3761 2594 3807 και
2619 3753 2656 3794 a

218 3847 334 3929 τὸν
386 3851 473 3958 ἐξ
527 3852 756 3931 ἀιδίου
811 3883 1318 3953 γεγεννημενον
1359 3847 1675 3951 Πατρὸς,
1724 3848 1950 3929 ἀΐδιον
2006 3847 2179 3930 εἶναι
2233 3849 2416 3931 κατὰ
2469 3847 2597 3930 τὸν

220 3974 621 4077 γεννήτορα·
684 3976 1008 4078 εὔκαιρον
1043 3973 1168 4053 οὖν
1206 3972 1348 4075 ἄρα
1396 3973 1703 4052 κάνθάδε
1746 3969 1928 4076 πρὸς
1962 3973 2344 4058 Ἰουδαίους
2381 3979 2598 4054 εἰπεῖν

140 4109 203 4165 30
222 4104 261 4141 ‘⁶
282 4093 387 4178 Ἢ
452 4098 803 4200 ποιήσατε
862 4096 948 4177 τὸ
1013 4096 1302 4198 δένδρον
1356 4093 1643 4198 σαπρὸν
1694 4098 1810 4175 καὶ
1873 4095 2000 4176 τὸν
2054 4095 2328 4200 καρπὸν
2382 4099 2599 4177 αὐτοῦ

221 4227 260 4263 “
292 4219 595 4324 σαπρὸν,
624 4219 669 4322 ἢ
709 4218 1061 4320 ποιήσατε
1087 4216 1172 4299 τὸ
1199 4219 1489 4322 δένδρον
1515 4217 1744 4298 καλὸν
1772 4222 1888 4299 καὶ
1923 4216 2050 4300 τὸν
2077 4217 2355 4323 καρπὸν
2381 4220 2598 4299 αὐτοῦ

285 4460 334 4501 2.
367 4447 478 4519 ἔχει
502 4447 649 4503 Anb.
861 4466 915 4517 4.
951 4446 1006 4502 τί
1029 4446 1097 4503 B.
1121 4445 1203 4502 ὅτι
1224 4464 1273 4503 a.
1300 4445 1419 4502 Cat.
1449 4446 1608 4502 Harl.
1635 4444 1740 4501 Ed.
1835 4445 2034 4535 ὅτιμεν
1989 4446 2215 4505 ὄντως
2238 4447 2402 4512 ἐστὶν,
2426 4446 2600 4516 ἴσμεν,

221 4514 394 4573 τούτου
416 4519 475 4572 δὲ
496 4517 666 4589 φύσιν
688 4534 1039 4573 a.12.
1073 4516 1491 4589 πεπερασμίνος]
1516 4516 1941 4586 πεπερατωμένος
1966 4518 2084 4574 Cat.
2117 4518 2272 4574 Harl.
2296 4527 2432 4575 teate
2455 4517 2604 4573 Aah.

225 4599 301 4655 13
335 4587 596 4661 καθὸκαὶ]
625 4588 928 4658 καθάπερει.
1148 4605 1231 4655 14.
1268 4591 1534 4643 dumibus.
1559 4587 1845 4643 αὐτὸνΕᾶ.

2712 3738 2933 3795 581Δ.

2689 4098 2936 4178 8,.Μιιῆ1ι.

2687 4181 2775 4215 xu.
2803 4178 2885 4227 33.
