3238 5158
594 357 724 422 252
1201 356 1283 422 B.
1330 356 1748 423 CYRILLI
1809 358 2385 424 ALEXANDR.
2673 380 2736 422 x.
2765 351 3008 421 26-28.

260 529 509 658 223¹ng
599 520 1102 603 Γινώσκεσθαι
1139 525 1358 623 δηλοῖ
1397 522 1482 603 τὸ
1534 529 1996 605 οἰκειοῦσθαι·
2057 523 2377 605 καθόλου
2412 521 2556 626 γὰρ
2594 520 2818 605 οὐδεὶς
2857 515 3003 598 ὑπὸ

595 655 726 727 τοῦ
771 651 962 727 Θεοῦ
1014 650 1396 749 ἀγνοεῖται.
1477 646 1653 729 ὅταν
1689 650 1816 728 οὖν
1861 648 2041 755 λε’γῃ
2079 650 2391 730 Fufio-xc.»
2442 647 2535 731 τέι
2584 643 2745 753 ἐμὲ,
2782 642 3003 726 τοῦτό

598 777 850 878 φησιν,
891 770 1001 851 ὅτι
1049 770 1549 878 προσδέξομαι
1595 774 1713 852 καὶ
1764 775 2224 872 οἶκειώσομαι
2241 834 2253 844 r
2273 770 2454 853 αὐτὰ
2503 774 2870 868 μυστικῶς
2919 803 2999 849 τε

597 898 715 975 καὶ
751 900 1126 1000 σχετικῶς.
1195 894 1375 975 εἴποι
1412 895 1481 974 δ’
1521 897 1615 975 ἄν
1649 931 1756 981 τις
1795 896 1903 977 ὅτι
1940 901 2057 977 καὶ
2096 896 2276 978 καθὸ
2315 897 2690 1000 ἅνθρωπος
2727 893 2999 996 γε’γονε,

598 1017 876 1102 πάντας
913 1019 1333 1121 ἀνθρώπους
1368 1022 1782 1127 ᾠκειώσατο
1832 1020 1949 1101 διὰ
1998 1020 2082 1102 τὸ
2134 1017 2483 1124 ὁμογενὲς,
2522 1017 2711 1098 ὥστε
2761 1024 2997 1096 οἰκεῖοι
3024 1031 3063 1093 5

534 1152 578 1219 (1
600 1141 863 1228 πάντες
903 1140 1123 1242 ἐσμὲν
1160 1146 1466 1251 Χριστῷ
1515 1144 1700 1224 κατὰ
1749 1146 2016 1251 σχέσιν
2054 1145 2432 1246 μυστικὴν,
2471 1142 2651 1224 καθὸ
2701 1141 3002 1244 γέγονεν

600 1268 1001 1372 ἅνθρωπος·
1093 1267 1469 1372 ἀλλότριοι
1534 1269 1611 1349 δὲ
1677 1268 1841 1349 ὅσοι
1906 1268 2005 1371 μὴ
2072 1270 2534 1378 φυλάττουσι
2598 1264 2731 1365 τὴν
2794 1267 2991 1364 σύμ-

595 1399 885 1499 μορφον
918 1396 1046 1491 τῆς
1083 1390 1460 1493 ἁγιότητος
1494 1390 1754 1474 εἰκόνα.
1833 1396 2020 1475 οὕτω
2058 1394 2205 1499 γὰρ
2242 1397 2358 1474 καὶ
2392 1394 2724 1473 Ἰουδαῖοι
2761 1395 2996 1470 οἰκεῖοι

595 1516 792 1601 ὄντες
842 1514 1026 1597 κατὰ
1076 1516 1281 1619 γένος
1333 1524 1462 1596 τοῦ
1504 1517 1853 1618 Ἀβραὰμ
1906 1528 2035 1598 τοῦ
2091 1526 2380 1617 πιστοῦ,
2426 1519 2514 1624 ἐξ
2558 1513 2657 1595 ὧν
2698 1515 3001 1595 ἄπιστοι

595 1639 1010 1744 γεγόνασιν,
1046 1639 1549 1743 ἐστερήθησαν
1585 1646 1714 1740 τῆς
1752 1643 2019 1723 ἐκείνου
2054 1642 2480 1745 συγγενείας
2517 1639 2635 1721 διὰ
2682 1638 2815 1740 τὴν
2849 1645 2999 1719 τῶν
3028 1662 3113 1708 10

593 1765 884 1870 τρόπων
939 1763 1433 1865 ἀνομοιότητα.
1515 1771 1706 1872 φησὶ
1763 1765 1840 1844 δὲ
1896 1765 2005 1846 ὅτι
2050 1775 2184 1847 Καὶ
2243 1764 2683 1847 ἀκολουθοῧσί
2731 1800 2848 1869 μοι
2906 1761 3000 1843 τῖι

597 1893 944 1996 πρόβατά·
997 1895 1062 1969 οἱ
1098 1888 1242 1993 γὰρ
1276 1890 1683 1990 πειθόμενοι
1716 1893 1834 1970 καὶ
1871 1891 2164 1971 ἕπονται
2199 1890 2343 1971 ἀπό
2381 1924 2567 1974 τινος
2606 1887 3001 1969 θεοσδότου

595 2009 887 2118 χάριτος
924 2014 1077 2092 κατ’
1119 2013 1315 2118 ἰ’χνος
1352 2019 1705 2115 Χριστοῦ,
1735 2014 1963 2094 οὐκέτι
1997 2022 2149 2099 ταῖς
2189 2022 2505 2114 νομικαῖς
2543 2012 3001 2097 δουλεύοντες

539 2168 575 2213 e
599 2145 857 2235 σκιαῖς,
896 2138 1066 2216 ἀλλ’
1108 2136 1210 2223 οἷς
1249 2140 1288 2217 ὁ
1325 2139 1655 2241 Χριστὸς
1692 2138 2043 2219 ἐπιτάττει
2094 2141 2209 2219 καὶ
2258 2146 2361 2247 τῷ
2411 2141 2627 2218 αὐτοῦ
2678 2140 2993 2216 ἀκολου·-

597 2268 887 2347 θοῦντες
971 2259 1197 2369 λόγῳ,
1275 2260 1391 2342 διὰ
1472 2260 1767 2367 χάριτος
1855 2269 1951 2347 εἰς
2032 2261 2117 2344 τὸ
2201 2267 2418 2343 αὐτοῦ
2500 2262 2996 2361 ἀναβήσονται
3029 2290 3107 2353 ¹5

592 2386 902 2492 ἀξίωμα,
961 2388 1095 2466 υἱοὶ
1151 2392 1343 2466 Θεοῦ
1398 2386 1849 2486 καλούμενοι.
1947 2390 2277 2488 Χριστοῦ
2331 2386 2475 2490 γὰρ
2530 2384 2850 2468 ἀνιόντος
2900 2391 2999 2469 εἷς

593 2506 761 2595 τοὺς
816 2509 1180 2615 οὐρανοὺς,
1223 2513 1524 2591 κάκεῖνοι
1581 2510 2211 2612 ἀκολουθήσουσιν
2261 2513 2473 2619 αὐτῷ.
2558 2507 2873 2610 ἀμοιβὴν
2921 2509 2999 2590 δὲ

595 2639 714 2716 καὶ
766 2636 983 2740 γερας
1031 2643 1180 2719 τοῖς
1228 2634 1597 2734 ἑπομένοις
1651 2637 1845 2743 αὐτῷ
1892 2633 2023 2734 τὴν
2059 2635 2245 2738 ζωὴν
2289 2633 2422 2734 τὴν
2460 2635 2742 2714 αἰώνιον
2777 2634 2989 2738 χαρί-

595 2761 887 2842 σασθαί
929 2766 1140 2868 φησι,
1186 2765 1303 2840 καὶ
1355 2756 1443 2840 τὸ
1497 2758 1599 2860 μὴ
1658 2762 2078 2842 ὑποκεῖσθαι
2134 2759 2420 2866 θανάτῳ
2476 2756 2522 2859 ἢ
2580 2764 2824 2865 φθορᾷ
2877 2759 2998 2837 καὶ

593 2893 750 2971 ταῖς
822 2882 1180 2982 βασάνοις
1249 2892 1406 2967 ταῖς
1478 2883 1951 2986 ἐπαγομέναις
2025 2884 2225 2988 παρὰ
2298 2892 2425 2964 τοῦ
2506 2889 2774 2986 Κριτοῦ
2846 2889 2997 2967 τοῖς
3026 2914 3109 2955 ²0

592 3007 1208 3111 πλημμελήσασι.
1317 3009 1402 3088 δι’
1471 3004 1574 3087 ὧν
1640 3006 1716 3087 δὲ
1791 3010 2047 3088 δίδωσι
2113 3007 2292 3119 ζωῆν,
2357 3009 2717 3088 δείκνυσιν
2782 3003 2997 3092 αὐτὸς

259 3148 395 3202 666
412 3144 495 3203 A·
535 3161 572 3201 ¹²
594 3135 735 3238 ζωὴ
772 3131 872 3214 ὧν
909 3135 1155 3240 φύσει·
1218 3135 1340 3213 καὶ
1380 3130 1488 3213 ὅτι
1533 3129 1746 3217 αὐτὸς
1789 3133 2057 3233 ταύτην
2094 3139 2398 3238 χορηγεῖ
2438 3132 2528 3239 ἐξ
2573 3136 2826 3213 ἑαυτοῦ
2875 3135 3000 3210 καὶ

596 3260 725 3338 οὐκ
795 3258 885 3365 ἐξ
952 3258 1191 3361 ἑτέρου
1260 3255 1539 3351 λαβών.
1661 3254 1821 3367 ζωῇν
1886 3255 1962 3336 δὲ
2028 3264 2325 3354 νοοῦμεν
2382 3258 2650 3353 αἰώνιον,
2710 3256 2796 3335 οὗ
2861 3253 2999 3354 τὴν

593 3380 1229 3484 μακροημέρευσιν,
1278 3379 1363 3480 ἧς
1416 3379 1681 3465 πάντες
1736 3375 2145 3478 με’λλουσιν
2186 3380 2581 3461 ἀπολαύειν
2627 3377 2807 3477 μετὰ
2860 3375 2998 3478 τὴν

597 3504 1007 3584 ἀνάστασιν
1066 3504 1283 3583 καλοί
1332 3539 1410 3584 τε
1473 3508 1591 3585 καὶ
1650 3504 1876 3586 κακοί·
1968 3502 2171 3584 ἀλλὰ
2231 3507 2350 3585 καὶ
2414 3502 2499 3585 τὸ
2558 3506 2633 3583 ἐν
2697 3503 2995 3612 εὐθυμία
3027 3536 3108 3597 25

596 3625 885 3731 διάγειν.

710 3749 1046 3833 Δυνατὸν
1088 3751 1163 3832 δὲ
1213 3750 1371 3863 ζωῆν
1409 3758 1595 3833 νοεῖν
1644 3757 1763 3832 καὶ
1810 3751 1941 3852 τὴν
1988 3751 2348 3853 μυστικὴν
2398 3751 2737 3853 εὐλογίαν
2782 3752 2868 3831 δι’
2907 3752 2996 3852 ἧς

597 3877 970 3986 ἐμφυτεύει
1025 3876 1349 3982 Χριστὸς
1405 3875 1538 3978 τὴν
1593 3881 1845 3958 ἑαυτοῦ
1902 3876 2105 3981 ζωὴν,
2164 3876 2280 3957 διὰ
2335 3880 2463 3976 τῆς
2517 3873 2998 3979 μεταλήψεως

257 4005 505 4071 Supravi.
651 4007 683 4025 ⁶
803 4008 867 4083 ’δ
883 4004 901 4028 ’
1241 4000 1264 4026 “
1470 4008 1503 4024 ‘⁴
1835 4009 1866 4025 ⁶
2132 4000 2154 4028 “
2287 3998 2309 4025 “
2428 4005 2446 4030 ’
2615 3999 2636 4026 '
2817 4010 2859 4047 cc
2894 4002 2995 4080 ‘O

259 4084 340 4134 ⁵4·
594 4039 724 4104 της
799 4039 822 4083 ι
869 4038 978 4087 ιας
1040 4036 1315 4106 σαρκος
1383 4036 1534 4087 τοις
1605 4037 1916 4100 πιστοις,
1980 4037 2165 4082 κατα
2234 4035 2322 4080 το
2387 4034 2752 4104 ειρημενον

669 4258 720 4297 2.
756 4240 903 4311 λε’-γει
928 4240 1078 4307 (err.)
1104 4239 1249 4294 Aub.
1608 4280 1623 4293 .
1661 4237 1863 4312 οἶκεῖοι]
1898 4246 1956 4306 4
1984 4240 2080 4310 μὲν
2103 4239 2161 4294 k.
2481 4237 2533 4293 6.
2572 4237 2734 4308 ε’σμέν
2754 4255 2865 4292 om.
2888 4238 2998 4294 mk-

596 4315 649 4369 8.
687 4312 790 4385 γὰρ
814 4319 1156 4380 assumptum
1179 4328 1243 4364 ex
1269 4309 1376 4365 a.k.
1517 4308 1627 4382 κα]
1661 4318 1720 4375 -Ι-
1749 4313 1798 4365 οἱ
1823 4329 1870 4365 a.
2162 4327 2215 4381 9.
2254 4311 2346 4364 τοῦ
2370 4308 2520 4380 prius
2545 4326 2655 4363 orn.
2680 4327 2729 4362 a.
2754 4308 2917 4363 habet
2940 4309 2997 4365 k.

601 4401 685 4449 14.
723 4385 833 4438 τοῖς
855 4382 1014 4435 αὐτοῦ
1036 4380 1439 4437 ἀκολουθοῦντες
1460 4382 1643 4452 λόγοις
1667 4398 1715 4435 a.
1741 4381 1911 4437 invito
1934 4382 1991 4436 k.
2477 4395 2561 4452 15.
2599 4376 2710 4450 διὰ]
2743 4386 2802 4443 -Ι-
2831 4381 2924 4448 τῆς
2945 4396 2996 4434 a.

600 4471 683 4524 19.
802 4453 860 4508 σὶ
883 4451 1207 4523 χαρίσασθαι
1232 4451 1443 4506 inverso
1467 4452 1654 4506 ordine
1678 4452 1787 4506 ἃλς.
2001 4465 2088 4524 27.
2126 4454 2261 4506 νοεῖν
2285 4451 2417 4519 ζωὴν
2438 4451 2652 4505 inverso
2676 4449 2864 4504 ordine
2886 4451 2999 4505 mk.

596 4527 681 4580 28.
746 4526 903 4579 αυτοῦ
937 4521 1046 4576 mk.
1073 4519 1193 4576 Cat.
1223 4522 1375 4576 Harl.
1400 4531 1453 4577 et
1486 4522 1564 4576 ita
1596 4522 1828 4578 correxit
1860 4523 2066 4594 Migne.
2100 4523 2284 4592 ἑαυτῆς
2313 4520 2536 4591 (codicis
2571 4520 3001 4576 abbreviatum

594 4596 777 4665 ἑαυτῆς
799 4592 1122 4667 persimilem
1146 4591 1293 4648 haud
1317 4592 1526 4664 legens)
1551 4592 1697 4648 Aut).
