<?xml version="1.0" encoding="UTF-8"?>
<!DOCTYPE html PUBLIC "-//W3C//DTD XHTML 1.0 Transitional//EN"
    "http://www.w3.org/TR/xhtml1/DTD/xhtml1-transitional.dtd">
<html xmlns="http://www.w3.org/1999/xhtml" xml:lang="en" lang="en">
 <head>
  <title>
</title>
<meta http-equiv="Content-Type" content="text/html;charset=utf-8" />
  <meta name='ocr-system' content='tesseract 3.04.00' />
  <meta name='ocr-capabilities' content='ocr_page ocr_carea ocr_par ocr_line ocrx_word'/>
</head>
<body>
  <div class='ocr_page' id='page_1' title='image "./sanctipatrisnos03pusegoog_0488.png"; bbox 0 0 3238 5158; ppageno 0'>
   <div class='ocr_carea' id='block_1_1' title="bbox 606 313 3063 415">
    <p class='ocr_par' dir='ltr' id='par_1_1' title="bbox 606 313 3063 415">
     <span class='ocr_line' id='line_1_1' title="bbox 606 313 3063 415; baseline 0 -36"><span class='ocrx_word' id='word_1_1' title='bbox 606 318 737 384; x_wconf 84' lang='lat'>476</span> <span class='ocrx_word' id='word_1_2' title='bbox 1157 394 1167 415; x_wconf 38' lang='grc' dir='ltr'>ι</span> <span class='ocrx_word' id='word_1_3' title='bbox 1216 318 1295 382; x_wconf 88' lang='grc' dir='ltr'>Β.</span> <span class='ocrx_word' id='word_1_4' title='bbox 1344 315 1769 381; x_wconf 85' lang='lat' dir='ltr'><strong>CYRILLI</strong></span> <span class='ocrx_word' id='word_1_5' title='bbox 1829 313 2410 379; x_wconf 88' lang='lat' dir='ltr'>ALEXANDR.</span> <span class='ocrx_word' id='word_1_6' title='bbox 2767 313 3063 379; x_wconf 80' lang='lat' dir='ltr'><strong>xiv.20.</strong></span> 
     </span>
    </p>
   </div>
   <div class='ocr_carea' id='block_1_2' title="bbox 276 479 3072 932">
    <p class='ocr_par' dir='ltr' id='par_1_2' title="bbox 613 479 3068 588">
     <span class='ocr_line' id='line_1_2' title="bbox 613 479 3068 588; baseline -0.001 -28"><span class='ocrx_word' id='word_1_7' title='bbox 613 482 776 561; x_wconf 86' lang='grc' dir='ltr'>καθ’</span> <span class='ocrx_word' id='word_1_8' title='bbox 836 481 1023 580; x_wconf 78' lang='grc' dir='ltr'>ἡμᾶς</span> <span class='ocrx_word' id='word_1_9' title='bbox 1083 479 1343 586; x_wconf 87' lang='grc' dir='ltr'>χρόνος</span> <span class='ocrx_word' id='word_1_10' title='bbox 1405 483 1482 561; x_wconf 84' lang='grc' dir='ltr'>ἐν</span> <span class='ocrx_word' id='word_1_11' title='bbox 1541 486 1645 588; x_wconf 75' lang='grc' dir='ltr'>τῷ</span> <span class='ocrx_word' id='word_1_12' title='bbox 1717 483 1965 582; x_wconf 83' lang='grc' dir='ltr'>μηδενὶ</span> <span class='ocrx_word' id='word_1_13' title='bbox 2037 479 2339 561; x_wconf 77' lang='grc' dir='ltr'>τέθειται</span> <span class='ocrx_word' id='word_1_14' title='bbox 2410 484 2831 563; x_wconf 76' lang='grc' dir='ltr'>παντελῶς·</span> <span class='ocrx_word' id='word_1_15' title='bbox 2937 484 3068 557; x_wconf 78' lang='grc' dir='ltr'>καὶ</span> 
     </span>
    </p>

    <p class='ocr_par' dir='ltr' id='par_1_3' title="bbox 276 593 3072 932">
     <span class='ocr_line' id='line_1_3' title="bbox 276 593 3072 721; baseline 0.002 -37"><span class='ocrx_word' id='word_1_16' title='bbox 276 593 525 721; x_wconf 51' lang='lat'>{31114</span> <span class='ocrx_word' id='word_1_17' title='bbox 613 602 1058 709; x_wconf 84' lang='grc' dir='ltr'>μαρτυρήσει</span> <span class='ocrx_word' id='word_1_18' title='bbox 1083 603 1329 709; x_wconf 79' lang='grc' dir='ltr'>,λέγων</span> <span class='ocrx_word' id='word_1_19' title='bbox 1368 605 1410 685; x_wconf 84' lang='grc' dir='ltr'><strong>ὁ</strong></span> <span class='ocrx_word' id='word_1_20' title='bbox 1446 603 1775 713; x_wconf 75' lang='grc' dir='ltr'>μελῳδός</span> <span class='ocrx_word' id='word_1_21' title='bbox 1811 614 1856 652; x_wconf 81' lang='grc'><strong>“</strong></span> <span class='ocrx_word' id='word_1_22' title='bbox 1881 603 2060 686; x_wconf 86' lang='grc' dir='ltr'>Ὅτι</span> <span class='ocrx_word' id='word_1_23' title='bbox 2096 605 2304 710; x_wconf 88' lang='grc' dir='ltr'>χίλια</span> <span class='ocrx_word' id='word_1_24' title='bbox 2339 603 2462 703; x_wconf 80' lang='grc' dir='ltr'>ἔτη</span> <span class='ocrx_word' id='word_1_25' title='bbox 2498 605 2577 683; x_wconf 77' lang='grc' dir='ltr'>ἐν</span> <span class='ocrx_word' id='word_1_26' title='bbox 2613 603 3072 708; x_wconf 69' lang='grc' dir='ltr'>ὀφθαλμοῖς</span> 
     </span>
     <span class='ocr_line' id='line_1_4' title="bbox 615 724 3071 836; baseline -0 -29"><span class='ocrx_word' id='word_1_27' title='bbox 615 736 661 776; x_wconf 83' lang='lat'>“</span> <span class='ocrx_word' id='word_1_28' title='bbox 695 761 860 826; x_wconf 84' lang='grc' dir='ltr'>σου,</span> <span class='ocrx_word' id='word_1_29' title='bbox 902 726 1144 833; x_wconf 83' lang='grc' dir='ltr'>Κύριε,</span> <span class='ocrx_word' id='word_1_30' title='bbox 1182 733 1279 813; x_wconf 85' lang='grc' dir='ltr'>ὡς</span> <span class='ocrx_word' id='word_1_31' title='bbox 1332 729 1559 832; x_wconf 81' lang='grc' dir='ltr'>ἡμέρα</span> <span class='ocrx_word' id='word_1_32' title='bbox 1607 728 1654 828; x_wconf 83' lang='grc' dir='ltr'><strong><em>ἡ</em></strong></span> <span class='ocrx_word' id='word_1_33' title='bbox 1705 727 1875 836; x_wconf 76' lang='grc' dir='ltr'>χθὲς</span> <span class='ocrx_word' id='word_1_34' title='bbox 1926 729 2081 829; x_wconf 87' lang='grc' dir='ltr'>ἥτις</span> <span class='ocrx_word' id='word_1_35' title='bbox 2130 731 2402 828; x_wconf 85' lang='grc' dir='ltr'>διῆλθε,</span> <span class='ocrx_word' id='word_1_36' title='bbox 2440 730 2559 807; x_wconf 81' lang='grc' dir='ltr'>καὶ</span> <span class='ocrx_word' id='word_1_37' title='bbox 2606 724 2936 835; x_wconf 80' lang='grc' dir='ltr'>φυλακὴ</span> <span class='ocrx_word' id='word_1_38' title='bbox 2987 728 3071 806; x_wconf 78' lang='grc' dir='ltr'>ἐν</span> 
     </span>
     <span class='ocr_line' id='line_1_5' title="bbox 617 854 966 932; baseline -0.003 0"><span class='ocrx_word' id='word_1_39' title='bbox 617 861 660 900; x_wconf 85' lang='grc'><strong>“</strong></span> <span class='ocrx_word' id='word_1_40' title='bbox 698 854 966 932; x_wconf 88' lang='grc' dir='ltr'>νυκτί.”</span> 
     </span>
    </p>
   </div>
   <div class='ocr_carea' id='block_1_3' title="bbox 516 1090 3126 1297">
    <p class='ocr_par' dir='ltr' id='par_1_4' title="bbox 516 1090 3126 1297">
     <span class='ocr_line' id='line_1_6' title="bbox 516 1090 3126 1188; baseline 0.001 -31"><span class='ocrx_word' id='word_1_41' title='bbox 516 1090 727 1158; x_wconf 75' lang='grc' dir='ltr'>2οἘν</span> <span class='ocrx_word' id='word_1_42' title='bbox 763 1092 981 1185; x_wconf 63' lang='grc' dir='ltr'>ἐκείνῃ</span> <span class='ocrx_word' id='word_1_43' title='bbox 1034 1101 1115 1186; x_wconf 66' lang='grc' dir='ltr'>τῇ</span> <span class='ocrx_word' id='word_1_44' title='bbox 1173 1094 1386 1188; x_wconf 68' lang='grc' dir='ltr'>ἡμέρᾳ</span> <span class='ocrx_word' id='word_1_45' title='bbox 1441 1091 1623 1173; x_wconf 67' lang='grc' dir='ltr'>ὑμεῖς</span> <span class='ocrx_word' id='word_1_46' title='bbox 1680 1093 2007 1171; x_wconf 81' lang='grc' dir='ltr'>Γνώσεσθε</span> <span class='ocrx_word' id='word_1_47' title='bbox 2059 1097 2162 1162; x_wconf 85' lang='grc' dir='ltr'>ὅτι</span> <span class='ocrx_word' id='word_1_48' title='bbox 2209 1094 2341 1170; x_wconf 63' lang='grc' dir='ltr'>ἐγὼ</span> <span class='ocrx_word' id='word_1_49' title='bbox 2388 1096 2457 1158; x_wconf 83' lang='grc' dir='ltr'>ὲν</span> <span class='ocrx_word' id='word_1_50' title='bbox 2505 1097 2604 1178; x_wconf 82' lang='grc' dir='ltr'>τῷ</span> <span class='ocrx_word' id='word_1_51' title='bbox 2643 1093 2876 1181; x_wconf 83' lang='grc' dir='ltr'>Πατρί</span> <span class='ocrx_word' id='word_1_52' title='bbox 2931 1105 3126 1171; x_wconf 70' lang='grc' dir='ltr'>μους</span> 
     </span>
     <span class='ocr_line' id='line_1_7' title="bbox 1190 1215 2443 1297; baseline 0 -12"><span class='ocrx_word' id='word_1_53' title='bbox 1190 1221 1299 1287; x_wconf 80' lang='grc' dir='ltr'>καὶ</span> <span class='ocrx_word' id='word_1_54' title='bbox 1353 1216 1534 1297; x_wconf 70' lang='grc' dir='ltr'>ὑμεῖς</span> <span class='ocrx_word' id='word_1_55' title='bbox 1586 1221 1659 1288; x_wconf 79' lang='grc' dir='ltr'>ὲν</span> <span class='ocrx_word' id='word_1_56' title='bbox 1709 1220 1861 1297; x_wconf 76' lang='grc' dir='ltr'>ἐμοὶ</span> <span class='ocrx_word' id='word_1_57' title='bbox 1916 1220 2098 1296; x_wconf 82' lang='grc' dir='ltr'>κάΓὼ</span> <span class='ocrx_word' id='word_1_58' title='bbox 2147 1220 2221 1287; x_wconf 78' lang='grc' dir='ltr'>ἐν</span> <span class='ocrx_word' id='word_1_59' title='bbox 2275 1215 2443 1297; x_wconf 81' lang='grc' dir='ltr'>ὑμῖν.</span> 
     </span>
    </p>
   </div>
   <div class='ocr_carea' id='block_1_4' title="bbox 283 1390 3216 4359">
    <p class='ocr_par' dir='ltr' id='par_1_5' title="bbox 283 1390 3148 2372">
     <span class='ocr_line' id='line_1_8' title="bbox 283 1390 3056 1498; baseline 0.003 -34"><span class='ocrx_word' id='word_1_60' title='bbox 283 1407 404 1464; x_wconf 80' lang='grc'>816</span> <span class='ocrx_word' id='word_1_61' title='bbox 426 1405 508 1464; x_wconf 66' lang='lat' dir='ltr'>A„</span> <span class='ocrx_word' id='word_1_62' title='bbox 560 1422 595 1463; x_wconf 80' lang='lat' dir='ltr'><strong>a</strong></span> <span class='ocrx_word' id='word_1_63' title='bbox 645 1408 653 1421; x_wconf 82' lang='grc'><strong>“</strong></span> <span class='ocrx_word' id='word_1_64' title='bbox 731 1392 1198 1498; x_wconf 79' lang='grc' dir='ltr'>Δυσέφικτον</span> <span class='ocrx_word' id='word_1_65' title='bbox 1243 1394 1375 1493; x_wconf 84' lang='grc' dir='ltr'>μέν</span> <span class='ocrx_word' id='word_1_66' title='bbox 1416 1429 1572 1479; x_wconf 89' lang='grc' dir='ltr'>πως</span> <span class='ocrx_word' id='word_1_67' title='bbox 1625 1395 1785 1475; x_wconf 81' lang='grc' dir='ltr'>ἐστὶ</span> <span class='ocrx_word' id='word_1_68' title='bbox 1840 1391 1924 1475; x_wconf 83' lang='grc' dir='ltr'>τὸ</span> <span class='ocrx_word' id='word_1_69' title='bbox 1980 1395 2056 1474; x_wconf 88' lang='grc' dir='ltr'>ἐν</span> <span class='ocrx_word' id='word_1_70' title='bbox 2099 1400 2247 1478; x_wconf 87' lang='grc' dir='ltr'>τοῖς</span> <span class='ocrx_word' id='word_1_71' title='bbox 2299 1390 2791 1496; x_wconf 74' lang='grc' dir='ltr'>προκειμένοις</span> <span class='ocrx_word' id='word_1_72' title='bbox 2854 1391 3056 1473; x_wconf 73' lang='grc' dir='ltr'>θεό-</span> 
     </span>
     <span class='ocr_line' id='line_1_9' title="bbox 616 1514 3054 1625; baseline 0 -28"><span class='ocrx_word' id='word_1_73' title='bbox 616 1548 840 1617; x_wconf 84' lang='grc' dir='ltr'>ρημα,</span> <span class='ocrx_word' id='word_1_74' title='bbox 884 1518 1001 1597; x_wconf 77' lang='grc' dir='ltr'>καὶ</span> <span class='ocrx_word' id='word_1_75' title='bbox 1053 1520 1370 1619; x_wconf 84' lang='grc' dir='ltr'>δριμεῖαν</span> <span class='ocrx_word' id='word_1_76' title='bbox 1406 1514 1660 1621; x_wconf 74' lang='grc' dir='ltr'>ὥσπερ</span> <span class='ocrx_word' id='word_1_77' title='bbox 1692 1518 2021 1625; x_wconf 82' lang='grc' dir='ltr'>ἐξαιτοῦν</span> <span class='ocrx_word' id='word_1_78' title='bbox 2056 1516 2171 1623; x_wconf 84' lang='grc' dir='ltr'>ἐφ’</span> <span class='ocrx_word' id='word_1_79' title='bbox 2210 1519 2438 1624; x_wconf 76' lang='grc' dir='ltr'>ἑαυτῷ</span> <span class='ocrx_word' id='word_1_80' title='bbox 2485 1515 2618 1616; x_wconf 89' lang='grc' dir='ltr'>τὴν</span> <span class='ocrx_word' id='word_1_81' title='bbox 2652 1515 3054 1617; x_wconf 78' lang='grc' dir='ltr'>βάσανον,</span> 
     </span>
     <span class='ocr_line' id='line_1_10' title="bbox 618 1638 3060 1750; baseline 0 -31"><span class='ocrx_word' id='word_1_82' title='bbox 618 1638 830 1720; x_wconf 80' lang='grc' dir='ltr'>ὄκνον</span> <span class='ocrx_word' id='word_1_83' title='bbox 865 1674 944 1721; x_wconf 91' lang='grc' dir='ltr'>τε</span> <span class='ocrx_word' id='word_1_84' title='bbox 994 1642 1098 1749; x_wconf 75' lang='grc' dir='ltr'><em>τῷ</em></span> <span class='ocrx_word' id='word_1_85' title='bbox 1147 1640 1351 1750; x_wconf 77' lang='grc' dir='ltr'>λόγῳ</span> <span class='ocrx_word' id='word_1_86' title='bbox 1404 1650 1822 1746; x_wconf 87' lang='grc' dir='ltr'>περιποιοῦν</span> <span class='ocrx_word' id='word_1_87' title='bbox 1858 1642 2316 1740; x_wconf 80' lang='grc' dir='ltr'>ἱκανώτατον,</span> <span class='ocrx_word' id='word_1_88' title='bbox 2353 1639 2747 1746; x_wconf 79' lang='grc' dir='ltr'>κατευθύνῃ</span> <span class='ocrx_word' id='word_1_89' title='bbox 2803 1640 3060 1744; x_wconf 80' lang='grc' dir='ltr'>γεμὴν</span> 
     </span>
     <span class='ocr_line' id='line_1_11' title="bbox 619 1761 3148 1871; baseline -0.001 -28"><span class='ocrx_word' id='word_1_90' title='bbox 619 1763 729 1843; x_wconf 77' lang='grc' dir='ltr'>ὅτι</span> <span class='ocrx_word' id='word_1_91' title='bbox 777 1761 1005 1845; x_wconf 79' lang='grc' dir='ltr'>πάλιν</span> <span class='ocrx_word' id='word_1_92' title='bbox 1052 1765 1239 1865; x_wconf 83' lang='grc' dir='ltr'>ἡμᾶς</span> <span class='ocrx_word' id='word_1_93' title='bbox 1288 1771 1387 1851; x_wconf 81' lang='grc' dir='ltr'>εἰς</span> <span class='ocrx_word' id='word_1_94' title='bbox 1438 1764 1782 1868; x_wconf 86' lang='grc' dir='ltr'>ἀλήθειαν</span> <span class='ocrx_word' id='word_1_95' title='bbox 1827 1768 1868 1847; x_wconf 85' lang='grc' dir='ltr'>ὁ</span> <span class='ocrx_word' id='word_1_96' title='bbox 1920 1765 2271 1871; x_wconf 78' lang='grc' dir='ltr'>Χριστὸς,</span> <span class='ocrx_word' id='word_1_97' title='bbox 2309 1762 2772 1865; x_wconf 82' lang='grc' dir='ltr'>πιστεύομεν.</span> <span class='ocrx_word' id='word_1_98' title='bbox 2854 1765 3055 1851; x_wconf 77' lang='grc' dir='ltr'>τινὲς</span> <span class='ocrx_word' id='word_1_99' title='bbox 3086 1802 3148 1842; x_wconf 83' lang='grc' dir='ltr'>ιο</span> 
     </span>
     <span class='ocr_line' id='line_1_12' title="bbox 616 1885 3054 1997; baseline 0.001 -32"><span class='ocrx_word' id='word_1_100' title='bbox 616 1885 748 1986; x_wconf 77' lang='grc' dir='ltr'>μὲν</span> <span class='ocrx_word' id='word_1_101' title='bbox 785 1887 938 1986; x_wconf 78' lang='grc' dir='ltr'>οὖν,</span> <span class='ocrx_word' id='word_1_102' title='bbox 981 1890 1209 1970; x_wconf 89' lang='grc' dir='ltr'>καίτοι</span> <span class='ocrx_word' id='word_1_103' title='bbox 1246 1896 1392 1971; x_wconf 80' lang='grc' dir='ltr'>τῶν</span> <span class='ocrx_word' id='word_1_104' title='bbox 1426 1891 1769 1997; x_wconf 81' lang='grc' dir='ltr'>προῦχειν</span> <span class='ocrx_word' id='word_1_105' title='bbox 1807 1889 2373 1996; x_wconf 80' lang='grc' dir='ltr'>ὑποληφθέντων</span> <span class='ocrx_word' id='word_1_106' title='bbox 2406 1886 2581 1970; x_wconf 78' lang='grc' dir='ltr'>ποτὲ</span> <span class='ocrx_word' id='word_1_107' title='bbox 2628 1886 2834 1990; x_wconf 82' lang='grc' dir='ltr'>παρὰ</span> <span class='ocrx_word' id='word_1_108' title='bbox 2893 1898 3054 1975; x_wconf 80' lang='grc' dir='ltr'>τοῖς</span> 
     </span>
     <span class='ocr_line' id='line_1_13' title="bbox 616 2012 3051 2118; baseline 0.005 -29"><span class='ocrx_word' id='word_1_109' title='bbox 616 2012 935 2096; x_wconf 78' lang='grc' dir='ltr'>ἀνοσίοις</span> <span class='ocrx_word' id='word_1_110' title='bbox 987 2018 1382 2116; x_wconf 82' lang='grc' dir='ltr'>αἶρετικοῖς,</span> <span class='ocrx_word' id='word_1_111' title='bbox 1416 2014 1968 2118; x_wconf 83' lang='grc' dir='ltr'>παραιτούμενοι</span> <span class='ocrx_word' id='word_1_112' title='bbox 2003 2020 2334 2118; x_wconf 81' lang='grc' dir='ltr'>πονηρῶς</span> <span class='ocrx_word' id='word_1_113' title='bbox 2372 2012 2457 2093; x_wconf 77' lang='grc' dir='ltr'>τὸ</span> <span class='ocrx_word' id='word_1_114' title='bbox 2481 2015 2570 2093; x_wconf 74' lang='grc' dir='ltr'>’ἐκ</span> <span class='ocrx_word' id='word_1_115' title='bbox 2607 2016 2736 2112; x_wconf 83' lang='grc' dir='ltr'>τῆς</span> <span class='ocrx_word' id='word_1_116' title='bbox 2778 2015 3051 2100; x_wconf 75' lang='grc' dir='ltr'>οὐσίας</span> 
     </span>
     <span class='ocr_line' id='line_1_14' title="bbox 617 2137 3046 2243; baseline 0.003 -30"><span class='ocrx_word' id='word_1_117' title='bbox 617 2143 744 2214; x_wconf 89' lang='grc' dir='ltr'>τοῦ</span> <span class='ocrx_word' id='word_1_118' title='bbox 801 2140 994 2217; x_wconf 83' lang='grc' dir='ltr'>Θεοῦ</span> <span class='ocrx_word' id='word_1_119' title='bbox 1053 2139 1171 2218; x_wconf 76' lang='grc' dir='ltr'>καὶ</span> <span class='ocrx_word' id='word_1_120' title='bbox 1235 2137 1529 2243; x_wconf 81' lang='grc' dir='ltr'>Πατρός</span> <span class='ocrx_word' id='word_1_121' title='bbox 1596 2141 1983 2242; x_wconf 84' lang='grc' dir='ltr'>ὁμολογεῖν</span> <span class='ocrx_word' id='word_1_122' title='bbox 2047 2138 2171 2219; x_wconf 84' lang='grc' dir='ltr'>τὸν</span> <span class='ocrx_word' id='word_1_123' title='bbox 2227 2137 2430 2237; x_wconf 81' lang='grc' dir='ltr'>Υὶὸν,</span> <span class='ocrx_word' id='word_1_124' title='bbox 2489 2137 2605 2218; x_wconf 82' lang='grc' dir='ltr'>διά</span> <span class='ocrx_word' id='word_1_125' title='bbox 2670 2171 2748 2217; x_wconf 91' lang='grc' dir='ltr'>τε</span> <span class='ocrx_word' id='word_1_126' title='bbox 2815 2147 3046 2220; x_wconf 90' lang='grc' dir='ltr'>τοῦτο</span> 
     </span>
     <span class='ocr_line' id='line_1_15' title="bbox 620 2260 3045 2372; baseline 0.002 -33"><span class='ocrx_word' id='word_1_127' title='bbox 620 2261 964 2365; x_wconf 83' lang='grc' dir='ltr'>ὑπάρχειν</span> <span class='ocrx_word' id='word_1_128' title='bbox 1006 2264 1082 2342; x_wconf 89' lang='grc' dir='ltr'>ἐν</span> <span class='ocrx_word' id='word_1_129' title='bbox 1125 2265 1318 2372; x_wconf 75' lang='grc' dir='ltr'>αὐτῷ</span> <span class='ocrx_word' id='word_1_130' title='bbox 1373 2262 1718 2371; x_wconf 88' lang='grc' dir='ltr'>σχετικήν</span> <span class='ocrx_word' id='word_1_131' title='bbox 1761 2298 1924 2344; x_wconf 88' lang='grc' dir='ltr'>τινα</span> <span class='ocrx_word' id='word_1_132' title='bbox 1968 2266 2087 2344; x_wconf 85' lang='grc' dir='ltr'>καὶ</span> <span class='ocrx_word' id='word_1_133' title='bbox 2136 2264 2221 2343; x_wconf 80' lang='grc' dir='ltr'>οὐ</span> <span class='ocrx_word' id='word_1_134' title='bbox 2270 2260 2589 2371; x_wconf 84' lang='grc' dir='ltr'>φυσικὴν</span> <span class='ocrx_word' id='word_1_135' title='bbox 2636 2263 3045 2343; x_wconf 81' lang='grc' dir='ltr'>ὑπονοοῦσι</span> 
     </span>
    </p>

    <p class='ocr_par' dir='ltr' id='par_1_6' title="bbox 550 2382 3216 3364">
     <span class='ocr_line' id='line_1_16' title="bbox 550 2382 3133 2494; baseline -0.002 -28"><span class='ocrx_word' id='word_1_136' title='bbox 550 2399 594 2466; x_wconf 94' lang='lat' dir='ltr'>b</span> <span class='ocrx_word' id='word_1_137' title='bbox 620 2382 752 2483; x_wconf 82' lang='grc' dir='ltr'>τὴν</span> <span class='ocrx_word' id='word_1_138' title='bbox 813 2384 1094 2484; x_wconf 82' lang='grc' dir='ltr'>ἕνωσιν,</span> <span class='ocrx_word' id='word_1_139' title='bbox 1154 2390 1274 2467; x_wconf 87' lang='grc' dir='ltr'>καὶ</span> <span class='ocrx_word' id='word_1_140' title='bbox 1348 2388 1436 2486; x_wconf 88' lang='grc' dir='ltr'>δὴ</span> <span class='ocrx_word' id='word_1_141' title='bbox 1513 2391 1633 2468; x_wconf 79' lang='grc' dir='ltr'>καὶ</span> <span class='ocrx_word' id='word_1_142' title='bbox 1707 2386 2236 2494; x_wconf 87' lang='grc' dir='ltr'>γεγραφήκασι,</span> <span class='ocrx_word' id='word_1_143' title='bbox 2295 2385 2390 2466; x_wconf 80' lang='grc' dir='ltr'>τὰ</span> <span class='ocrx_word' id='word_1_144' title='bbox 2447 2389 2525 2465; x_wconf 83' lang='grc' dir='ltr'>ἐκ</span> <span class='ocrx_word' id='word_1_145' title='bbox 2585 2390 2714 2485; x_wconf 83' lang='grc' dir='ltr'>τῆς</span> <span class='ocrx_word' id='word_1_146' title='bbox 2775 2390 3042 2473; x_wconf 70' lang='grc' dir='ltr'>οἰκείας</span> <span class='ocrx_word' id='word_1_147' title='bbox 3071 2417 3133 2476; x_wconf 81' lang='lat'>15</span> 
     </span>
     <span class='ocr_line' id='line_1_17' title="bbox 620 2508 3044 2620; baseline 0.001 -31"><span class='ocrx_word' id='word_1_148' title='bbox 620 2508 1066 2613; x_wconf 81' lang='grc' dir='ltr'>ἐρευγόμενοι</span> <span class='ocrx_word' id='word_1_149' title='bbox 1104 2511 1413 2615; x_wconf 81' lang='grc' dir='ltr'>γνώμης,</span> <span class='ocrx_word' id='word_1_150' title='bbox 1452 2513 1535 2592; x_wconf 85' lang='grc' dir='ltr'>οὐ</span> <span class='ocrx_word' id='word_1_151' title='bbox 1573 2511 1667 2593; x_wconf 78' lang='grc' dir='ltr'>τὰ</span> <span class='ocrx_word' id='word_1_152' title='bbox 1703 2512 1792 2620; x_wconf 84' lang='grc' dir='ltr'>ἐξ</span> <span class='ocrx_word' id='word_1_153' title='bbox 1822 2511 2081 2614; x_wconf 80' lang='grc' dir='ltr'>Ἀγίου</span> <span class='ocrx_word' id='word_1_154' title='bbox 2120 2510 2560 2610; x_wconf 83' lang='grc' dir='ltr'>Πνεύματος,</span> <span class='ocrx_word' id='word_1_155' title='bbox 2598 2513 2694 2596; x_wconf 80' lang='grc' dir='ltr'>ὡς</span> <span class='ocrx_word' id='word_1_156' title='bbox 2742 2512 3044 2615; x_wconf 79' lang='grc' dir='ltr'>ἐπείπερ</span> 
     </span>
     <span class='ocr_line' id='line_1_18' title="bbox 622 2634 3044 2744; baseline 0.001 -30"><span class='ocrx_word' id='word_1_157' title='bbox 622 2636 989 2737; x_wconf 80' lang='grc' dir='ltr'>ἀγαπᾶται</span> <span class='ocrx_word' id='word_1_158' title='bbox 1025 2636 1156 2736; x_wconf 74' lang='grc' dir='ltr'>μὲν</span> <span class='ocrx_word' id='word_1_159' title='bbox 1193 2639 1232 2716; x_wconf 88' lang='grc' dir='ltr'><strong>ὁ</strong></span> <span class='ocrx_word' id='word_1_160' title='bbox 1269 2636 1444 2721; x_wconf 81' lang='grc' dir='ltr'>Υἱὸς</span> <span class='ocrx_word' id='word_1_161' title='bbox 1479 2636 1681 2741; x_wconf 80' lang='grc' dir='ltr'>παρὰ</span> <span class='ocrx_word' id='word_1_162' title='bbox 1717 2646 1845 2717; x_wconf 92' lang='grc' dir='ltr'>τοῦ</span> <span class='ocrx_word' id='word_1_163' title='bbox 1885 2635 2197 2739; x_wconf 83' lang='grc' dir='ltr'>Πατρος,</span> <span class='ocrx_word' id='word_1_164' title='bbox 2236 2638 2490 2744; x_wconf 79' lang='grc' dir='ltr'>ἀγαπᾷ</span> <span class='ocrx_word' id='word_1_165' title='bbox 2538 2634 2614 2717; x_wconf 80' lang='grc' dir='ltr'>δὲ</span> <span class='ocrx_word' id='word_1_166' title='bbox 2664 2636 2757 2716; x_wconf 78' lang='grc' dir='ltr'>αὖ</span> <span class='ocrx_word' id='word_1_167' title='bbox 2809 2635 3044 2717; x_wconf 78' lang='grc' dir='ltr'>πάλιν</span> 
     </span>
     <span class='ocr_line' id='line_1_19' title="bbox 625 2757 3038 2870; baseline 0.001 -32"><span class='ocrx_word' id='word_1_168' title='bbox 625 2757 839 2845; x_wconf 84' lang='grc' dir='ltr'>αὐτος</span> <span class='ocrx_word' id='word_1_169' title='bbox 893 2759 1019 2840; x_wconf 85' lang='grc' dir='ltr'>τὸν</span> <span class='ocrx_word' id='word_1_170' title='bbox 1061 2762 1372 2863; x_wconf 75' lang='grc' dir='ltr'>Πατέρα,</span> <span class='ocrx_word' id='word_1_171' title='bbox 1413 2760 1608 2841; x_wconf 80' lang='grc' dir='ltr'>κατὰ</span> <span class='ocrx_word' id='word_1_172' title='bbox 1664 2761 1918 2841; x_wconf 87' lang='grc' dir='ltr'>τοῦτόν</span> <span class='ocrx_word' id='word_1_173' title='bbox 1969 2762 2128 2841; x_wconf 86' lang='grc' dir='ltr'>ἐστι</span> <span class='ocrx_word' id='word_1_174' title='bbox 2183 2759 2313 2841; x_wconf 83' lang='grc' dir='ltr'>τὸν</span> <span class='ocrx_word' id='word_1_175' title='bbox 2362 2760 2633 2866; x_wconf 87' lang='grc' dir='ltr'>τρόπον</span> <span class='ocrx_word' id='word_1_176' title='bbox 2681 2762 2760 2840; x_wconf 84' lang='grc' dir='ltr'>ἐν</span> <span class='ocrx_word' id='word_1_177' title='bbox 2811 2763 3038 2870; x_wconf 73' lang='grc' dir='ltr'>αὐτῷ.</span> 
     </span>
     <span class='ocr_line' id='line_1_20' title="bbox 626 2882 3216 3000; baseline 0.001 -37"><span class='ocrx_word' id='word_1_178' title='bbox 626 2883 744 2964; x_wconf 80' lang='grc' dir='ltr'>καὶ</span> <span class='ocrx_word' id='word_1_179' title='bbox 798 2882 1164 2992; x_wconf 80' lang='grc' dir='ltr'>ἀπόδειξιν</span> <span class='ocrx_word' id='word_1_180' title='bbox 1218 2919 1468 2989; x_wconf 86' lang='grc' dir='ltr'>ωσπερ</span> <span class='ocrx_word' id='word_1_181' title='bbox 1522 2884 1685 2965; x_wconf 80' lang='grc' dir='ltr'>τινὰ</span> <span class='ocrx_word' id='word_1_182' title='bbox 1743 2882 2334 2989; x_wconf 83' lang='grc' dir='ltr'>δυσανάτρεπτον</span> <span class='ocrx_word' id='word_1_183' title='bbox 2386 2886 2928 2989; x_wconf 78' lang='grc' dir='ltr'>εἶσκομίζουσιν</span> <span class='ocrx_word' id='word_1_184' title='bbox 2979 2921 3042 2966; x_wconf 92' lang='grc' dir='ltr'>οι</span> <span class='ocrx_word' id='word_1_185' title='bbox 3215 2993 3216 3000; x_wconf 11' lang='lat'>¹</span> 
     </span>
     <span class='ocr_line' id='line_1_21' title="bbox 624 3007 3127 3118; baseline -0.001 -29"><span class='ocrx_word' id='word_1_186' title='bbox 624 3009 1088 3116; x_wconf 81' lang='grc' dir='ltr'>παράφρονες</span> <span class='ocrx_word' id='word_1_187' title='bbox 1124 3007 1208 3089; x_wconf 88' lang='grc' dir='ltr'>τό</span> <span class='ocrx_word' id='word_1_188' title='bbox 1253 3043 1331 3090; x_wconf 89' lang='grc' dir='ltr'>τε</span> <span class='ocrx_word' id='word_1_189' title='bbox 1384 3015 1487 3118; x_wconf 76' lang='grc' dir='ltr'>τῷ</span> <span class='ocrx_word' id='word_1_190' title='bbox 1534 3009 1976 3117; x_wconf 73' lang='grc' dir='ltr'>προκειμένῳ</span> <span class='ocrx_word' id='word_1_191' title='bbox 2013 3008 2645 3113; x_wconf 74' lang='grc' dir='ltr'>παρεζευγμένον”</span> <span class='ocrx_word' id='word_1_192' title='bbox 2603 3014 2834 3118; x_wconf 76' lang='grc' dir='ltr'>ρητῷ,</span> <span class='ocrx_word' id='word_1_193' title='bbox 2875 3011 3049 3114; x_wconf 84' lang='grc' dir='ltr'>περί</span> <span class='ocrx_word' id='word_1_194' title='bbox 3067 3047 3127 3088; x_wconf 81' lang='lat'>20</span> 
     </span>
     <span class='ocr_line' id='line_1_22' title="bbox 625 3131 3044 3240; baseline 0.001 -28"><span class='ocrx_word' id='word_1_195' title='bbox 625 3166 703 3212; x_wconf 94' lang='grc' dir='ltr'>τε</span> <span class='ocrx_word' id='word_1_196' title='bbox 740 3134 943 3232; x_wconf 81' lang='grc' dir='ltr'>ἡμῶν</span> <span class='ocrx_word' id='word_1_197' title='bbox 979 3137 1098 3214; x_wconf 82' lang='grc' dir='ltr'>καὶ</span> <span class='ocrx_word' id='word_1_198' title='bbox 1133 3134 1380 3214; x_wconf 81' lang='grc' dir='ltr'>αὑτοῦ·</span> <span class='ocrx_word' id='word_1_199' title='bbox 1440 3138 1558 3215; x_wconf 83' lang='grc' dir='ltr'>καὶ</span> <span class='ocrx_word' id='word_1_200' title='bbox 1596 3131 1685 3234; x_wconf 88' lang='grc' dir='ltr'>δή</span> <span class='ocrx_word' id='word_1_201' title='bbox 1737 3134 1860 3214; x_wconf 91' lang='grc' dir='ltr'>καί</span> <span class='ocrx_word' id='word_1_202' title='bbox 1905 3139 2098 3240; x_wconf 89' lang='grc' dir='ltr'>φασι</span> <span class='ocrx_word' id='word_1_203' title='bbox 2146 3134 2551 3233; x_wconf 86' lang='grc' dir='ltr'>καλαμίνην</span> <span class='ocrx_word' id='word_1_204' title='bbox 2585 3168 2843 3237; x_wconf 87' lang='grc' dir='ltr'>ωσπερ</span> <span class='ocrx_word' id='word_1_205' title='bbox 2879 3134 3044 3215; x_wconf 75' lang='grc' dir='ltr'>τινὰ</span> 
     </span>
     <span class='ocr_line' id='line_1_23' title="bbox 625 3255 3044 3364; baseline 0.001 -28"><span class='ocrx_word' id='word_1_206' title='bbox 625 3256 901 3362; x_wconf 75' lang='grc' dir='ltr'>ῥάβδον</span> <span class='ocrx_word' id='word_1_207' title='bbox 948 3265 1103 3343; x_wconf 85' lang='grc' dir='ltr'>ταῖς</span> <span class='ocrx_word' id='word_1_208' title='bbox 1157 3260 1429 3340; x_wconf 78' lang='grc' dir='ltr'>ἑαυτῶν</span> <span class='ocrx_word' id='word_1_209' title='bbox 1483 3256 2034 3358; x_wconf 76' lang='grc' dir='ltr'>ὑποστήσαντες</span> <span class='ocrx_word' id='word_1_210' title='bbox 2098 3257 2656 3364; x_wconf 87' lang='grc' dir='ltr'>δυσφημίαις,</span> <span class='ocrx_word' id='word_1_211' title='bbox 2617 3292 2729 3338; x_wconf 90' lang='grc' dir='ltr'>οτι</span> <span class='ocrx_word' id='word_1_212' title='bbox 2782 3255 3044 3361; x_wconf 69' lang='grc' dir='ltr'>ὥσπερ</span> 
     </span>
    </p>

    <p class='ocr_par' dir='ltr' id='par_1_7' title="bbox 568 3380 3128 4359">
     <span class='ocr_line' id='line_1_24' title="bbox 568 3380 3041 3491; baseline 0.004 -34"><span class='ocrx_word' id='word_1_213' title='bbox 568 3413 604 3457; x_wconf 84' lang='grc' dir='ltr'>ο</span> <span class='ocrx_word' id='word_1_214' title='bbox 628 3381 826 3481; x_wconf 82' lang='grc' dir='ltr'>ἡμεῖς</span> <span class='ocrx_word' id='word_1_215' title='bbox 882 3383 958 3462; x_wconf 84' lang='grc' dir='ltr'>ἐν</span> <span class='ocrx_word' id='word_1_216' title='bbox 1006 3384 1198 3491; x_wconf 77' lang='grc' dir='ltr'>αὐτῷ</span> <span class='ocrx_word' id='word_1_217' title='bbox 1255 3380 1429 3463; x_wconf 82' lang='grc' dir='ltr'>εἶναι</span> <span class='ocrx_word' id='word_1_218' title='bbox 1485 3380 1866 3487; x_wconf 82' lang='grc' dir='ltr'>λεγόμεθα,</span> <span class='ocrx_word' id='word_1_219' title='bbox 1905 3381 2161 3488; x_wconf 81' lang='grc' dir='ltr'>ἔχομέν</span> <span class='ocrx_word' id='word_1_220' title='bbox 2210 3416 2288 3461; x_wconf 92' lang='grc' dir='ltr'>τε</span> <span class='ocrx_word' id='word_1_221' title='bbox 2342 3382 2562 3463; x_wconf 81' lang='grc' dir='ltr'>αὐτὸν</span> <span class='ocrx_word' id='word_1_222' title='bbox 2606 3384 2681 3462; x_wconf 82' lang='grc' dir='ltr'>ἐν</span> <span class='ocrx_word' id='word_1_223' title='bbox 2737 3383 3041 3481; x_wconf 80' lang='grc' dir='ltr'>ἑαυτοῖς,</span> 
     </span>
     <span class='ocr_line' id='line_1_25' title="bbox 629 3502 3045 3612; baseline 0.001 -27"><span class='ocrx_word' id='word_1_224' title='bbox 629 3507 746 3585; x_wconf 77' lang='grc' dir='ltr'>καὶ</span> <span class='ocrx_word' id='word_1_225' title='bbox 791 3506 876 3585; x_wconf 81' lang='grc' dir='ltr'>οὐ</span> <span class='ocrx_word' id='word_1_226' title='bbox 926 3506 1110 3586; x_wconf 81' lang='grc' dir='ltr'>κατὰ</span> <span class='ocrx_word' id='word_1_227' title='bbox 1158 3504 1286 3587; x_wconf 78' lang='grc' dir='ltr'>τὸν</span> <span class='ocrx_word' id='word_1_228' title='bbox 1321 3512 1449 3607; x_wconf 86' lang='grc' dir='ltr'>τῆς</span> <span class='ocrx_word' id='word_1_229' title='bbox 1499 3506 1752 3591; x_wconf 82' lang='grc' dir='ltr'>οὐσίας</span> <span class='ocrx_word' id='word_1_230' title='bbox 1800 3502 2027 3609; x_wconf 83' lang='grc' dir='ltr'>λόγον</span> <span class='ocrx_word' id='word_1_231' title='bbox 2062 3506 2428 3605; x_wconf 83' lang='grc' dir='ltr'>ἑνούμεθα,</span> <span class='ocrx_word' id='word_1_232' title='bbox 2464 3504 2730 3612; x_wconf 86' lang='grc' dir='ltr'>τρόπος</span> <span class='ocrx_word' id='word_1_233' title='bbox 2780 3508 2863 3587; x_wconf 80' lang='grc' dir='ltr'>δὲ</span> <span class='ocrx_word' id='word_1_234' title='bbox 2913 3513 3045 3607; x_wconf 82' lang='grc' dir='ltr'>τῆς·</span> 
     </span>
     <span class='ocr_line' id='line_1_26' title="bbox 627 3628 3128 3737; baseline 0.001 -30"><span class='ocrx_word' id='word_1_235' title='bbox 627 3629 969 3725; x_wconf 82' lang='grc' dir='ltr'>ἑνώσεως,</span> <span class='ocrx_word' id='word_1_236' title='bbox 1037 3628 1224 3709; x_wconf 81' lang='grc' dir='ltr'>καθὰ</span> <span class='ocrx_word' id='word_1_237' title='bbox 1285 3629 1707 3737; x_wconf 84' lang='grc' dir='ltr'>πεφύκαμεν</span> <span class='ocrx_word' id='word_1_238' title='bbox 1770 3633 2062 3734; x_wconf 83' lang='grc' dir='ltr'>ἀγαπᾶν</span> <span class='ocrx_word' id='word_1_239' title='bbox 2120 3664 2199 3711; x_wconf 90' lang='grc' dir='ltr'>τε</span> <span class='ocrx_word' id='word_1_240' title='bbox 2264 3633 2383 3709; x_wconf 82' lang='grc' dir='ltr'>καὶ</span> <span class='ocrx_word' id='word_1_241' title='bbox 2446 3634 3037 3733; x_wconf 81' lang='grc' dir='ltr'>ἀνταγαπᾶσθαι·</span> <span class='ocrx_word' id='word_1_242' title='bbox 3065 3662 3128 3724; x_wconf 77' lang='lat'>25</span> 
     </span>
     <span class='ocr_line' id='line_1_27' title="bbox 628 3752 3042 3861; baseline 0.002 -28"><span class='ocrx_word' id='word_1_243' title='bbox 628 3755 837 3851; x_wconf 80' lang='grc' dir='ltr'>οὕτω,</span> <span class='ocrx_word' id='word_1_244' title='bbox 872 3755 1081 3858; x_wconf 77' lang='grc' dir='ltr'>φησὶ,</span> <span class='ocrx_word' id='word_1_245' title='bbox 1120 3755 1240 3831; x_wconf 84' lang='grc' dir='ltr'>καὶ</span> <span class='ocrx_word' id='word_1_246' title='bbox 1295 3753 1335 3831; x_wconf 82' lang='grc' dir='ltr'><em>ὃ</em></span> <span class='ocrx_word' id='word_1_247' title='bbox 1387 3752 1584 3851; x_wconf 76' lang='grc' dir='ltr'>Υἱὸς,</span> <span class='ocrx_word' id='word_1_248' title='bbox 1627 3753 1754 3833; x_wconf 81' lang='grc' dir='ltr'>οὐκ</span> <span class='ocrx_word' id='word_1_249' title='bbox 1808 3754 1884 3833; x_wconf 83' lang='grc' dir='ltr'>ἐν</span> <span class='ocrx_word' id='word_1_250' title='bbox 1932 3756 2022 3859; x_wconf 82' lang='grc' dir='ltr'>τῇ</span> <span class='ocrx_word' id='word_1_251' title='bbox 2079 3753 2296 3861; x_wconf 76' lang='grc' dir='ltr'>οὐσίᾳ</span> <span class='ocrx_word' id='word_1_252' title='bbox 2347 3754 2635 3840; x_wconf 77' lang='grc' dir='ltr'>πάντως</span> <span class='ocrx_word' id='word_1_253' title='bbox 2688 3756 2855 3835; x_wconf 83' lang='grc' dir='ltr'>ἐστὶ</span> <span class='ocrx_word' id='word_1_254' title='bbox 2912 3765 3042 3837; x_wconf 92' lang='grc' dir='ltr'>τοῦ</span> 
     </span>
     <span class='ocr_line' id='line_1_28' title="bbox 631 3875 3043 3982; baseline 0.003 -26"><span class='ocrx_word' id='word_1_255' title='bbox 631 3882 824 3957; x_wconf 83' lang='grc' dir='ltr'>Θεοῦ</span> <span class='ocrx_word' id='word_1_256' title='bbox 879 3881 996 3957; x_wconf 81' lang='grc' dir='ltr'>καὶ</span> <span class='ocrx_word' id='word_1_257' title='bbox 1042 3875 1353 3982; x_wconf 82' lang='grc' dir='ltr'>Πατρὸς,</span> <span class='ocrx_word' id='word_1_258' title='bbox 1397 3879 1917 3982; x_wconf 81' lang='grc' dir='ltr'>διακεκριμένος</span> <span class='ocrx_word' id='word_1_259' title='bbox 1965 3877 2041 3959; x_wconf 87' lang='grc' dir='ltr'>δὲ</span> <span class='ocrx_word' id='word_1_260' title='bbox 2097 3885 2470 3963; x_wconf 79' lang='grc' dir='ltr'>παντελῶς</span> <span class='ocrx_word' id='word_1_261' title='bbox 2527 3877 2718 3959; x_wconf 79' lang='grc' dir='ltr'>κατοῖ</span> <span class='ocrx_word' id='word_1_262' title='bbox 2767 3912 2858 3981; x_wconf 88' lang='grc' dir='ltr'>γε</span> <span class='ocrx_word' id='word_1_263' title='bbox 2913 3880 3043 3963; x_wconf 85' lang='grc' dir='ltr'>τὸν</span> 
     </span>
     <span class='ocr_line' id='line_1_29' title="bbox 629 4002 3045 4110; baseline 0 -24"><span class='ocrx_word' id='word_1_264' title='bbox 629 4006 757 4102; x_wconf 85' lang='grc' dir='ltr'>τῆς</span> <span class='ocrx_word' id='word_1_265' title='bbox 815 4003 1106 4110; x_wconf 78' lang='grc' dir='ltr'>φύσεως</span> <span class='ocrx_word' id='word_1_266' title='bbox 1161 4003 1409 4106; x_wconf 83' lang='grc' dir='ltr'>λόγον,</span> <span class='ocrx_word' id='word_1_267' title='bbox 1454 4006 1570 4083; x_wconf 81' lang='grc' dir='ltr'>καὶ</span> <span class='ocrx_word' id='word_1_268' title='bbox 1628 4004 1948 4107; x_wconf 85' lang='grc' dir='ltr'>ἑτεροίως</span> <span class='ocrx_word' id='word_1_269' title='bbox 2003 4002 2188 4109; x_wconf 74' lang='grc' dir='ltr'>ἔχων</span> <span class='ocrx_word' id='word_1_270' title='bbox 2243 4005 2521 4109; x_wconf 83' lang='grc' dir='ltr'>κομιδῇ,</span> <span class='ocrx_word' id='word_1_271' title='bbox 2573 4002 2756 4084; x_wconf 77' lang='grc' dir='ltr'>κατὰ</span> <span class='ocrx_word' id='word_1_272' title='bbox 2810 4003 3045 4103; x_wconf 88' lang='grc' dir='ltr'>μόνον</span> 
     </span>
     <span class='ocr_line' id='line_1_30' title="bbox 630 4124 3043 4237; baseline 0.004 -31"><span class='ocrx_word' id='word_1_273' title='bbox 630 4125 759 4207; x_wconf 78' lang='grc' dir='ltr'>τὸν</span> <span class='ocrx_word' id='word_1_274' title='bbox 795 4132 921 4225; x_wconf 85' lang='grc' dir='ltr'>τῆς</span> <span class='ocrx_word' id='word_1_275' title='bbox 959 4125 1245 4232; x_wconf 78' lang='grc' dir='ltr'>ἀγάπης</span> <span class='ocrx_word' id='word_1_276' title='bbox 1284 4124 1557 4227; x_wconf 80' lang='grc' dir='ltr'>θεσμὸν</span> <span class='ocrx_word' id='word_1_277' title='bbox 1597 4134 1877 4225; x_wconf 88' lang='grc' dir='ltr'>νοεῖται,</span> <span class='ocrx_word' id='word_1_278' title='bbox 1901 4131 2153 4234; x_wconf 79' lang='grc' dir='ltr'>φησὶν,</span> <span class='ocrx_word' id='word_1_279' title='bbox 2179 4131 2254 4207; x_wconf 87' lang='grc' dir='ltr'>ἐν</span> <span class='ocrx_word' id='word_1_280' title='bbox 2291 4132 2394 4237; x_wconf 77' lang='grc' dir='ltr'>τῷ</span> <span class='ocrx_word' id='word_1_281' title='bbox 2432 4128 2688 4232; x_wconf 91' lang='grc' dir='ltr'>Πατρί.</span> <span class='ocrx_word' id='word_1_282' title='bbox 2754 4128 3043 4215; x_wconf 81' lang='grc' dir='ltr'>σκοπὸς</span> 
     </span>
     <span class='ocr_line' id='line_1_31' title="bbox 632 4249 3127 4359; baseline 0.002 -28"><span class='ocrx_word' id='word_1_283' title='bbox 632 4251 776 4356; x_wconf 78' lang='grc' dir='ltr'>γὰρ</span> <span class='ocrx_word' id='word_1_284' title='bbox 815 4253 1073 4352; x_wconf 81' lang='grc' dir='ltr'>αὐτοῖς,</span> <span class='ocrx_word' id='word_1_285' title='bbox 1111 4249 1433 4356; x_wconf 76' lang='grc' dir='ltr'>καθάπερ</span> <span class='ocrx_word' id='word_1_286' title='bbox 1468 4250 1747 4359; x_wconf 75' lang='grc' dir='ltr'>ἔφαμεν</span> <span class='ocrx_word' id='word_1_287' title='bbox 1782 4253 2063 4355; x_wconf 86' lang='grc' dir='ltr'>ἀρτίως,</span> <span class='ocrx_word' id='word_1_288' title='bbox 2101 4253 2376 4352; x_wconf 89' lang='grc' dir='ltr'>ποίημα</span> <span class='ocrx_word' id='word_1_289' title='bbox 2425 4256 2542 4334; x_wconf 81' lang='grc' dir='ltr'>καὶ</span> <span class='ocrx_word' id='word_1_290' title='bbox 2594 4252 2872 4352; x_wconf 80' lang='grc' dir='ltr'>κτίσμα</span> <span class='ocrx_word' id='word_1_291' title='bbox 2921 4259 3038 4338; x_wconf 78' lang='grc' dir='ltr'>καὶ</span> <span class='ocrx_word' id='word_1_292' title='bbox 3062 4287 3127 4346; x_wconf 81' lang='lat'>30</span> 
     </span>
    </p>
   </div>
   <div class='ocr_carea' id='block_1_5' title="bbox 287 3188 531 3243">
    <p class='ocr_par' dir='ltr' id='par_1_8' title="bbox 287 3188 531 3243">
     <span class='ocr_line' id='line_1_32' title="bbox 287 3188 531 3243; baseline 0.009 -3"><span class='ocrx_word' id='word_1_293' title='bbox 287 3191 460 3241; x_wconf 83' lang='lat' dir='ltr'>xxxvi.</span> <span class='ocrx_word' id='word_1_294' title='bbox 483 3188 531 3243; x_wconf 89' lang='grc'>6.</span> 
     </span>
    </p>
   </div>
   <div class='ocr_carea' id='block_1_6' title="bbox 631 4489 3035 4633">
    <p class='ocr_par' dir='ltr' id='par_1_9' title="bbox 631 4489 3035 4633">
     <span class='ocr_line' id='line_1_33' title="bbox 703 4489 3035 4562; baseline 0.001 -17"><span class='ocrx_word' id='word_1_295' title='bbox 703 4508 755 4561; x_wconf 88' lang='lat'>9.</span> <span class='ocrx_word' id='word_1_296' title='bbox 792 4493 1078 4562; x_wconf 83' lang='grc' dir='ltr'>περιποιεῖν</span> <span class='ocrx_word' id='word_1_297' title='bbox 1102 4490 1166 4546; x_wconf 89' lang='grc' dir='ltr'>Ε.</span> <span class='ocrx_word' id='word_1_298' title='bbox 1363 4509 1446 4546; x_wconf 85' lang='lat'>12.</span> <span class='ocrx_word' id='word_1_299' title='bbox 1483 4493 1718 4559; x_wconf 83' lang='grc' dir='ltr'>πονηρῶς</span> <span class='ocrx_word' id='word_1_300' title='bbox 1746 4489 1809 4544; x_wconf 86' lang='grc' dir='ltr'>Ε.</span> <span class='ocrx_word' id='word_1_301' title='bbox 1815 4490 1872 4544; x_wconf 88' lang='lat' dir='ltr'>F.</span> <span class='ocrx_word' id='word_1_302' title='bbox 1901 4489 2003 4545; x_wconf 84' lang='lat' dir='ltr'>Ed.</span> <span class='ocrx_word' id='word_1_303' title='bbox 2030 4508 2084 4545; x_wconf 86' lang='lat' dir='ltr'><strong>m</strong></span> <span class='ocrx_word' id='word_1_304' title='bbox 2166 4491 2391 4562; x_wconf 78' lang='grc' dir='ltr'>πονηρὸς</span> <span class='ocrx_word' id='word_1_305' title='bbox 2416 4489 2519 4546; x_wconf 85' lang='lat' dir='ltr'>Ed.</span> <span class='ocrx_word' id='word_1_306' title='bbox 2702 4507 2790 4546; x_wconf 82' lang='lat'>21.</span> <span class='ocrx_word' id='word_1_307' title='bbox 2825 4494 2915 4547; x_wconf 71' lang='grc' dir='ltr'>καὶ</span> <span class='ocrx_word' id='word_1_308' title='bbox 2938 4494 3035 4549; x_wconf 78' lang='lat' dir='ltr'><strong>ult.</strong></span> 
     </span>
     <span class='ocr_line' id='line_1_34' title="bbox 631 4509 2155 4633; baseline 0 -16"><span class='ocrx_word' id='word_1_309' title='bbox 631 4573 971 4633; x_wconf 78' lang='lat' dir='ltr'><strong>assumptum</strong></span> <span class='ocrx_word' id='word_1_310' title='bbox 995 4581 1060 4617; x_wconf 79' lang='lat' dir='ltr'>ex</span> <span class='ocrx_word' id='word_1_311' title='bbox 1088 4562 1151 4616; x_wconf 85' lang='lat' dir='ltr'>E.</span> <span class='ocrx_word' id='word_1_312' title='bbox 1368 4578 1456 4629; x_wconf 81' lang='lat'>25.</span> <span class='ocrx_word' id='word_1_313' title='bbox 1491 4562 1698 4632; x_wconf 79' lang='grc' dir='ltr'>ἀγαπᾶν</span> <span class='ocrx_word' id='word_1_314' title='bbox 1720 4558 1861 4632; x_wconf 78' lang='grc' dir='ltr'>τε]’</span> <span class='ocrx_word' id='word_1_315' title='bbox 1830 4564 2062 4633; x_wconf 83' lang='grc' dir='ltr'>αγαπᾶτε</span> <span class='ocrx_word' id='word_1_316' title='bbox 2087 4509 2155 4618; x_wconf 56' lang='grc' dir='ltr'>ἓ.</span> 
     </span>
    </p>
   </div>
   <div class='ocr_carea' id='block_1_7' title="bbox 3214 877 3218 1955">
    <p class='ocr_par' dir='ltr' id='par_1_10' title="bbox 3214 877 3218 1955">
     <span class='ocr_line' id='line_1_35' title="bbox 3214 877 3218 1955; baseline 0 0"><span class='ocrx_word' id='word_1_317' title='bbox 3214 877 3218 1955; x_wconf 95' lang='lat' dir='ltr'> </span> 
     </span>
    </p>
   </div>
  </div>
 </body>
</html>
