3238 5158
192 337 527 423 xvii.4,5.
592 340 710 404 IN
768 341 833 406 S.
883 340 1392 405 JOANNEM.
1486 340 1676 406 LIB.
1726 342 1845 407 XI.
1939 343 2143 409 CAP.
2177 344 2301 407 VI.
2482 344 2612 409 677

193 536 420 583 νεται.
498 501 700 602 πλὴν
743 507 839 589 ὡς
890 504 993 585 ἔτι
1039 505 1173 606 τὴν
1216 506 1602 610 ἀνθρώπου
1654 506 1950 615 μορφὴν
1983 509 2486 612 περικείμενος,
2524 504 2609 587 τὸ

191 630 331 725 τῆς
397 625 748 727 αἰτήσεως
817 628 1214 710 πλάττεται
1277 633 1558 735 σχῆμα,
1624 634 1742 710 καὶ
1805 634 1902 716 ὡς
1965 633 2093 712 οὑκ
2157 631 2342 737 ἔχων
2406 635 2608 710 αἰτεῖ·

189 747 446 830 πάντα
491 750 633 854 γὰρ
686 751 1045 860 ἀνθρώπω
1088 753 1288 853 παρὰ
1326 759 1542 833 Θεοῦ.
1623 790 1684 835 ει
1734 754 1879 861 γὰρ
1930 760 2046 836 καὶ
2099 756 2208 837 ὅτι
2258 753 2611 854 μάλιστα,

124 870 388 953 καθὸ
436 873 622 959 Θεὸς
676 877 754 954 ἐκ
801 880 994 956 Θεοῦ
1049 875 1465 1031 γεγέννηται
1517 877 1832 983 Πατρὸς,
1869 878 2086 986 δόξης
2134 884 2263 979 τῆς
2311 885 2608 983 θεοπρε-

125 1025 163 1087 5
190 1005 389 1082 ποῦς
443 998 569 1077 οὑκ
625 998 884 1101 ἕρημος
937 996 1051 1100 ἦν,
1088 1002 1260 1080 ἀλλ’
1301 1002 1585 1103 ἐπείπερ
1642 1004 1718 1081 ἐν
1767 1009 1989 1110 καιρῷ
2041 1008 2169 1103 τῆς
2224 1005 2388 1084 καθ’
2429 1004 2617 1104 ἡμᾶς

191 1121 607 1219 οικονομίας
687 1122 1122 1204 συνέστειλέ
1193 1159 1348 1209 πως
1426 1122 1669 1225 αὐτὴν,
1740 1123 1826 1205 τὸ
1907 1126 2345 1234 ἀδοξότατον
2417 1130 2615 1209 τουτὶ

190 1250 430 1346 σῶμα
491 1246 769 1345 λαβὼν,
826 1250 922 1332 ὦς
988 1250 1326 1329 ἀποῦσαν
1381 1252 1674 1348 ἀληθῶς
1737 1249 2054 1352 εὐλόγως
2118 1241 2437 1354 ἐπιζητεῖ,
2495 1254 2613 1332 καὶ
2638 1282 2675 1323 a
2712 1270 2846 1326 959
2867 1268 2953 1327 A·

192 1376 420 1449 τοῦτο
457 1369 695 1472 λέγων
731 1373 825 1454 ὡς
864 1370 1264 1475 ἅνθρωπος.
1343 1381 1663 1453 τοιοῦτον
1698 1372 1783 1451 δέ
1824 1407 1894 1452 τι
1943 1376 2180 1458 συνεὶς
2231 1376 2349 1454 καὶ
2399 1374 2614 1459 αὐτὸς

192 1493 377 1594 ἡμῖν
420 1494 461 1573 5
513 1492 753 1599 σοφὸς
806 1492 1223 1576 ἐπιστελλει
1269 1502 1568 1580 Παῦλος
1621 1499 1785 1601 περὶ
1835 1499 2084 1578 αὑτοῦ
2108 1507 2151 1545 “
2179 1502 2419 1577 Τοῦτο
2468 1496 2612 1600 γὰρ
2703 1498 2850 1628 {2¹¹1-
2858 1516 2908 1550 ¹¹·

127 1628 244 1693 0“
288 1620 665 1720 φρονείτω,
704 1618 1036 1721 φησιν,’
991 1653 1297 1704 εκαστος
1352 1622 1549 1719 ὑμῶν
1596 1655 1637 1699 ο
1693 1623 1810 1699 καὶ
1864 1623 1940 1700 ἐν
1975 1626 2281 1728 Χριστῷ
2325 1622 2605 1722 Ἰησοῦ,

195 1752 243 1788 “
287 1739 368 1825 ὃς
424 1743 503 1820 ἐν
555 1749 806 1848 μορφῇ
864 1748 1058 1824 Θεοῦ
1114 1744 1456 1847 ὑπάρχων
1512 1744 1646 1850 οὑχ
1701 1742 2087 1848 ἁρπαγμὸν
2141 1744 2473 1846 ἡγήσατο
2525 1778 2613 1826 το

195 1861 554 1945 “”εἷναι
522 1900 652 1945 ισα
706 1871 895 1975 Θεῷ,
938 1869 1107 1946 ἀλλ’
1149 1866 1401 1948 ἑαυτὸν
1450 1865 1750 1948 ε’κενωσε
1808 1868 2101 1975 μορφὴν
2152 1869 2415 1949 δούλου
2472 1879 2610 1948 λα-

196 1999 247 2037 “
284 1985 470 2086 βων,
543 1992 619 2068 ἐν
690 1989 1083 2091 ὁμοιώματι
1159 1991 1558 2094 ἀνθρωπων
1629 1990 2026 2094 γενόμενος,
2101 1997 2218 2074 καὶ
2289 1993 2615 2100 σχήματι

196 2115 590 2216 “εὑρεθεις
632 2117 731 2198 ὡς
775 2115 1154 2219 ανθρωπος
1194 2114 1669 2196 ἐταπείνωσεν
1704 2115 1975 2215 εαυτὸν,
2011 2116 2386 2219 γενόμενος
2421 2116 2603 2219 ὑπή·

92 2253 167 2314 ¹5
196 2246 247 2282 ‘⁴
286 2270 457 2321 κοος
490 2238 702 2342 μέχρι
749 2238 1084 2337 θανάτου,
1121 2237 1433 2320 θανάτου
1483 2237 1558 2319 δὲ
1608 2248 1953 2345 σταυροῦ·
2017 2240 2127 2322 διὸ
2178 2244 2295 2322 καὶ
2346 2244 2387 2322 5
2426 2244 2612 2327 Θεὸς
2635 2261 2678 2325 b

195 2371 247 2408 ‘⁶
285 2361 509 2441 αὑτὸν
552 2363 990 2468 ὑπερύψωσε
1043 2365 1160 2442 καὶ
1205 2364 1594 2468 ἐχαρίσατο
1644 2366 1838 2473 αὐτῷ
1886 2364 1971 2446 τὸ
2025 2365 2251 2465 ὄνομα
2300 2363 2385 2445 τὸ
2436 2364 2616 2469 ὑπὲρ

197 2495 248 2532 “
282 2490 438 2565 πᾶν
493 2484 741 2585 ὄνομα,
782 2486 899 2566 ἵνα
954 2490 1029 2566 ἐν
1073 2493 1176 2595 τῷ
1232 2485 1529 2587 ὀνόματι
1571 2489 1821 2588 Ἰησοῦ
1867 2493 2198 2592 Χριστοῦ
2246 2495 2395 2571 πᾶν
2439 2488 2617 2592 γόνυ

196 2619 247 2656 “
286 2608 555 2716 κάμψῃ
627 2611 1064 2712 ἐπουρανίων
1135 2614 1251 2691 καὶ
1327 2612 1658 2713 ἐπιγείων
1732 2615 1851 2692 καὶ
1925 2614 2434 2719 καταχθονίων,
2498 2618 2616 2696 καὶ

199 2746 249 2784 “
285 2740 501 2815 πᾶσα
555 2740 881 2836 γλῶσσα
936 2735 1565 2843 ἐξομολογήσηται
1621 2735 1731 2816 ὅτι
1785 2735 2049 2841 Κύριος
2091 2738 2380 2838 Ἰησοῦς
2432 2744 2616 2842 Χρι-

92 2878 169 2921 20
201 2869 249 2908 “
287 2855 470 2942 στός
536 2863 632 2941 εἶς
698 2858 923 2965 δόξαν
979 2864 1170 2939 Θεοῦ
1238 2858 1588 2963 Πατρός.”
1675 2859 1969 2966 ὑψηλὸν
2032 2860 2175 2967 γὰρ
2240 2861 2416 2943 ὄντα
2488 2861 2615 2944 τὸν

198 2979 413 3080 Υἱὸν,
467 2982 647 3063 καθὸ
701 2983 1018 3090 πέφηνεν
1073 2983 1162 3091 ἐξ
1219 2986 1436 3065 αὑτοῦ
1492 2983 1681 3069 Θεὸς
1748 2985 2084 3084 δηλονότι
2143 2988 2261 3067 καὶ
2318 2987 2610 3089 Κύριος,

200 3103 416 3187 οὐδὲν
469 3106 684 3206 ἧττον
740 3110 835 3190 ὡς
901 3107 1282 3210 ἄνθρωπον
1339 3110 1552 3214 ὑψῶν
1610 3107 2169 3211 ἀναγέγραπται,
2228 3107 2288 3217 ᾦ
2347 3109 2431 3190 τὸ
2485 3114 2615 3208 τῆς

200 3232 389 3314 ἰδίας
448 3230 738 3337 φύσεως
795 3230 1127 3312 ταπεινὸν
1169 3229 1253 3312 τὸ
1310 3235 1591 3312 δεῖσθαι
1646 3229 1934 3316 πάντως
1988 3236 2361 3339 ὑψοῦσθαι
2414 3268 2615 3335 περι-

198 3361 529 3435 ποιεῖται.
605 3352 796 3463 ὃόξης
841 3356 968 3434 οὖν
1005 3355 1144 3459 ἄρα
1198 3359 1325 3455 τῆς
1375 3355 1554 3440 ἰδίας
1598 3354 1732 3456 τὴν
1765 3355 2230 3463 ἐπανάληψιν
2266 3361 2383 3438 καὶ
2430 3357 2613 3456 μετὰ
2635 3394 2675 3440 ο

88 3501 170 3564 25
202 3473 483 3580 σαρκὸς
530 3484 835 3558 ἀπαιτεῖ·
902 3482 1020 3559 καὶ
1075 3480 1234 3584 οὐχὶ
1279 3475 1566 3561 πάντως
1616 3483 1743 3578 τῆς
1791 3480 2043 3560 ἑαυτοῦ
2091 3481 2307 3588 δόξης
2355 3481 2614 3587 ἕρημος

201 3601 332 3698 ὧν,
367 3606 427 3680 εἶ
485 3605 601 3681 καὶ
656 3601 759 3702 μὴ
811 3602 1031 3699 λάβοι
1079 3602 1300 3708 τυχὸν
1336 3602 1430 3683 τὰ
1473 3600 1768 3684 τοιαῦτά
1816 3611 2072 3711 φησιν·
2134 3608 2217 3686 οὐ
2273 3604 2416 3712 γὰρ
2471 3607 2613 3715 ἔξω

202 3732 357 3806 τῶν
411 3728 605 3807 ἶδίων
660 3725 1090 3833 ἀξιωμάτων
1145 3729 1187 3806 5
1241 3726 1480 3831 Λόγος
1536 3727 1629 3829 ἦν
1681 3729 1974 3810 πώποτε
2030 3728 2217 3816 Θεὸς
2272 3727 2614 3837 ὑπάρχων

203 3849 576 3950 ἀληθινός·
640 3853 810 3931 ἀλλ’
852 3854 947 3935 ὡς
1003 3858 1101 3935 εἷς
1157 3851 1380 3959 δόξαν
1429 3851 1562 3952 τὴν
1609 3854 1803 3961 αὐτῷ
1855 3862 2285 3954 προσοῦσαν
2334 3860 2440 3937 ἀεὶ
2494 3860 2610 3937 καὶ

202 3973 428 4054 αὑτὸν
475 3973 602 4054 τὸν
653 3976 829 4055 ἰ’διον
880 3975 1260 4082 ἀναφέρων
1309 3973 1508 4074 ναὸν,
1550 3984 1843 4076 μᾶλλον
1890 3977 1965 4058 δὲ
2018 3978 2198 4077 μετὰ
2251 3984 2379 4078 τῆς
2433 3981 2614 4066 ἰδίας

89 4132 178 4192 30
203 4098 462 4180 ἑαυτὸν
499 4090 940 4200 ἀνακομίζων
976 4099 1270 4203 σαρκὸς,
1309 4101 1392 4179 δι’
1430 4097 1520 4202 ἣν
1556 4101 1600 4200 ἡ
1652 4100 1924 4208 μεταξὺ
1966 4103 2613 4207 παρηκολούθησεν

202 4222 485 4330 ἀδοξία.
569 4224 683 4303 ἵνα
740 4222 882 4327 γὰρ
937 4221 1039 4323 μὴ
1096 4223 1336 4321 δοκοίη
1385 4226 1536 4302 τισὶ
1587 4223 1719 4321 τὴν
1769 4227 2029 4326 ἀτριβῆ
2091 4260 2168 4306 τε
2230 4229 2346 4307 καὶ
2397 4226 2611 4333 ξένην

203 4351 324 4428 καὶ
376 4350 460 4426 οὐ
509 4345 740 4428 πάλαι
793 4347 1333 4446 κατειθισμένην
1379 4349 1570 4454 αὐτῷ
1618 4345 1842 4455 δόξαν
1887 4356 2122 4451 αἰτεῖν,
2164 4350 2608 4453 προκόσμιον

926 4592 1009 4631 12.
1045 4576 1256 4647 μορφὴν
1279 4573 1470 4631 δοὺλου
1496 4574 1597 4631 hoc
1623 4575 1807 4633 ordine
1836 4578 1900 4633 E.
