3238 5158
576 329 621 391 6
1186 331 1263 395 Β.
1311 331 1735 396 CYRILLI
1793 331 2368 396 ALEXANDR.
2716 329 2846 394 viii.
2875 349 2980 398 21.

582 500 627 538 “
665 497 762 578 εἶς
814 491 1075 597 ὅρασιν
1127 493 1337 600 πάσῃ
1391 497 1676 598 σαρκί.”
1754 491 1857 575 ὧν
1910 497 2027 577 ἵνα
2080 493 2214 596 τὴν
2267 501 2518 598 πεῖραν
2574 488 2974 595 άποκερδά-

584 648 829 714 νωσιν,
867 623 965 702 εἱς
1016 624 1309 722 ταχεῖαν
1352 616 1607 702 αὐτοὺς
1662 618 2142 727 ἀποστροφὴν
2186 624 2315 720 τῆς
2362 615 2721 718 συνήθους·
2771 619 2974 697 ἀπει-

584 739 776 823 θείας
825 741 1302 844 πολυτρόπως
1351 741 1589 822 ἐκάλει
1627 741 1978 844 Χριστὸς,
2021 744 2157 847 οὐχ
2203 744 2459 826 ἁπλῶς
2509 745 2606 826 ὡς
2656 744 2978 842 ἀποδρα-

583 868 816 960 μεῖται
888 867 1005 944 καὶ
1075 862 1555 972 άποφοιτήσει
1632 863 1890 968 λέγων,
1956 865 2160 945 ἀλλὰ
2230 900 2347 945 και
2410 864 2598 964 ὅσην
2660 868 2985 944 ἐντεῦθεν

250 1008 394 1065 500
412 1007 492 1064 Δ.
524 1022 562 1062 a
586 988 1021 1082 ὑπομένουσι
1038 987 1448 1141 συμφορὰν
1484 990 1889 1091 ἀναγκαίως
1923 990 2298 1091 προτιθείς.
2371 985 2802 1069 anomaeos
2836 984 2982 1089 γάρ
3012 1009 3054 1068 5

244 2483 394 2532 Prov.
407 2498 457 2533 v.

249 2560 328 2612 13.

245 2719 381 2772 Heb.
402 2718 470 2771 iv,

253 2797 297 2837 1.

249 2957 271 2991 1
294 2941 408 2993 Cor.
425 2941 493 2991 ix.

250 3022 328 3071 ²4·

584 1111 883 1216 φησιν
855 1145 915 1191 εν
949 1116 1103 1197 ταῖς
1144 1116 1518 1219 ἁμαρτίαις
1557 1110 1759 1218 ὑμῶν.
1838 1111 2077 1212 ἐπειδὴ
2115 1112 2190 1193 δὲ
2228 1111 2344 1192 διὰ
2377 1110 2608 1211 με’σου
2639 1110 2974 1206 τέθεικεν,

583 1231 694 1314 ὅτι
733 1270 852 1315 και
895 1234 1207 1343 ζητήσετέ
1234 1270 1346 1341 με,
1386 1231 1768 1335 ζητοῦντας
1816 1235 1891 1313 δὲ
1941 1234 2116 1320 τέως
2164 1233 2383 1315 αὐτὸν
2417 1235 2797 1317 Ἰουδαίους
2845 1236 2984 1337 οὐχ

582 1358 1025 1459 εὑρίσκομεν,
1064 1359 1331 1465 ἥξομεν
1367 1357 1684 1459 εὐλόγως
1734 1360 1848 1438 ἐπὶ
1899 1357 2236 1458 τοιαύτην
2269 1356 2431 1438 τινὰ
2481 1356 2818 1437 διάνοιαν·
2879 1359 2993 1437 δεῖ

579 1478 724 1582 γὰρ
773 1481 1147 1581 ἀληθεύειν
1183 1481 1425 1562 αὐτόν.
1510 1488 1569 1560 εἱ
1629 1479 1772 1583 γὰρ
1823 1483 1940 1559 καὶ
1991 1489 2116 1561 νῦν
2153 1482 2351 1566 ὄντες
2400 1485 2475 1562 ἐν
2511 1481 2810 1578 σώμασι
2860 1483 2981 1559 καὶ

580 1610 733 1689 ταῖς
771 1609 899 1706 τῆς
935 1605 1209 1709 σαρκὸς
1245 1606 1527 1704 ἡδοναῖς
1574 1602 1677 1684 ἔτι
1726 1601 2247 1705 διαπαιζόμενοι
2295 1603 2413 1684 διὰ
2461 1602 2755 1704 πολλὴν
2788 1603 2980 1704 ἄγαν
3015 1637 3097 1678 ιο

581 1729 1068 1826 ἀναισθησίαν
1124 1729 1208 1808 οὐ
1266 1725 1558 1829 ζητοῦσι
1610 1725 1738 1807 τὸν
1791 1724 2189 1830 λυτρωτὴν,
2242 1729 2414 1808 ἀλλ’
2472 1733 2567 1811 εἷς
2623 1725 2799 1834 ᾅδου
2850 1762 2981 1807 πε-

581 1849 836 1935 σόντες
892 1856 957 1930 οἱ
1015 1853 1328 1947 δειλαιοὶ,
1375 1854 1492 1929 καὶ
1547 1857 1694 1934 τοῖς
1749 1855 1894 1929 τῶν
1943 1853 2448 1953 κολαστηρίων
2497 1849 2981 1951 ὁμιλήσαντες

511 1986 556 2051 b
580 1973 848 2071 τόποις,
888 1974 1058 2053 ὅταν
1096 1977 1170 2054 ἐν
1206 1976 1444 2058 αὐτοῖς
1475 1974 1822 2076 γε’νωνται
1859 1980 2007 2058 τοῖς
2044 1981 2303 2071 κακοῖς,
2341 1974 2502 2055 τότε
2540 1976 2629 2073 δὴ
2664 1972 2825 2053 τότε
2861 1975 2981 2053 καὶ

245 2098 491 2216 ffffl‘ff‘
581 2099 715 2203 οὐχ
752 2097 1028 2183 ἑκόντες
1063 2096 1519 2200 ζητήσουσιν.
1561 2107 1605 2145 “
1636 2099 1838 2177 Ἐκεῖ
1863 2096 2007 2199 γὰρ
2044 2100 2223 2196 ἐστι,
2252 2100 2566 2204 φησιν,
2534 2132 2575 2176 ο
2612 2094 2982 2196 κλαυθμὸς

581 2232 624 2270 “
661 2226 779 2302 καὶ
818 2225 858 2303 5
903 2220 1231 2325 βρυγμὸς
1274 2227 1418 2301 τῶν
1454 2218 1834 2312 ὀδόντων,”
1875 2220 2186 2301 ἑκάστου
2235 2255 2417 2301 κατα
2466 2219 2551 2300 τὸ
2601 2217 2785 2305 εἶκός
2833 2226 2980 2299 τῶν
3013 2254 3091 2314 15

580 2347 724 2426 ἐκεῖ
766 2344 1174 2448 γεγονότων
1210 2342 1341 2443 τὴν
1379 2343 1487 2425 ἐπ’
1528 2346 1828 2447 ἀγαθοῖς
1878 2344 2234 2451 ῥᾳθυμίαν
2277 2342 2818 2447 άνοιμῶζοντος,
2861 2345 2980 2422 καὶ

580 2470 960 2573 μονονουχὶ
1013 2465 1099 2548 τὸ
1155 2469 1231 2546 ἐν
1279 2471 1525 2576 βίβλῳ
1580 2473 1672 2573 τῇ
1729 2474 1873 2547 τῶν
1921 2474 2321 2569 παροιμιῶν
2365 2467 2705 2568 λέγοντος
2743 2476 2786 2514 “
2815 2466 2978 2546 Οὐκ

584 2603 628 2640 “
666 2592 925 2691 ἤκουον
958 2591 1209 2697 φωνὴν
1244 2591 1701 2675 παιδεύοντός
1736 2627 1825 2690 με
1864 2596 1979 2671 καὶ
2018 2589 2487 2676 διδάσκοντός
2523 2593 2671 2690 με.”
2724 2592 2980 2670 οὐκοῦν

584 2718 680 2799 ὡς
735 2718 775 2796 5
830 2714 1129 2799 Παῦλός
1185 2722 1375 2822 φησι
1412 2725 1457 2761 “
1486 2721 1940 2814 Φοβηθῶμεν
1988 2715 2114 2794 οὖν
2162 2714 2263 2815 μή
2318 2748 2493 2796 ποτε
2550 2724 2978 2794 καταλειπο-

584 2848 628 2886 “
660 2839 874 2940 με’νης
938 2839 1371 2941 ἐπαγγελίας
1444 2844 1796 2918 εἰσελθεῖν
1859 2844 1956 2921 εἰς
2015 2836 2147 2938 τὴν
2211 2837 2667 2918 κατάπαυσιν
2729 2839 2971 2936 αὐτοῦ,
3008 2872 3089 2912 20

521 2980 557 3023 0
582 2972 627 3009 ‘⁶
662 2968 836 3069 δοκῇ
900 2998 1007 3047 τις
1071 2962 1158 3069 ἐξ
1220 2964 1417 3060 ὑμῶν
1480 2961 2013 3064 ὑστερηκέναι.”
2108 2960 2250 3065 χρὴ
2315 2960 2458 3064 γὰρ
2523 2961 2799 3065 τρέχειν
2860 2961 2979 3039 ἵνα

580 3087 1124 3184 καταλάβωμεν,
1165 3086 1283 3164 καὶ
1332 3082 1459 3164 τὸν
1502 3086 1580 3162 ἐκ
1632 3086 1958 3169 δουλείας
2001 3083 2185 3183 ἡμᾶς
2240 3083 2631 3190 ἐξέλκοντα
2683 3087 2811 3183 τῆς
2858 3118 2980 3163 πι-

581 3215 777 3310 κρᾶς,
832 3206 933 3308 μὴ
999 3215 1151 3290 ταῖς
1210 3207 1591 3291 άπειθείαις
1650 3205 1978 3309 ὑβρίζειν,
2037 3206 2478 3308 προσίεσθαι
2534 3205 2611 3285 δὲ
2663 3212 2977 3307 μᾶλλον,

582 3333 700 3410 καὶ
755 3331 1030 3413 ὑπτίαις
1087 3326 1337 3431 ὥσπερ
1392 3332 1647 3432 χερσὶν
1695 3328 2029 3432 ἁρπάζειν
2072 3328 2204 3431 τὴν
2250 3326 2485 3435 χάριν.

878 3562 994 3628 Καὶ
1044 3564 1210 3631 ὅπου
1262 3563 1394 3638 ὲΓὼ
1447 3565 1679 3639 ὑπάτω
1732 3560 1914 3641 ὑμεῖς
1968 3566 2043 3629 οὐ
2098 3564 2375 3631 δύνασθε
2428 3559 2666 3631 ἐλθεῖν.
3009 3595 3086 3656 25

692 3733 810 3812 Οὐ
856 3729 1078 3830 μόνον
1120 3734 1194 3811 ἐν
1234 3738 1390 3815 ταῖς
1441 3735 1712 3812 ἑαυτῶν
1757 3733 2131 3837 ἁμαρτίαις
2186 3733 2672 3840 τεθνήξονται,
2723 3734 2974 3837 φησὶν,

510 3868 556 3933 d
579 3857 748 3935 ἀλλ’
790 3854 901 3935 ὅτι
948 3853 1063 3935 καὶ
1112 3860 1258 3934 τῶν
1302 3859 1430 3954 τῆς
1478 3855 1861 3950 βασιλείας
1912 3858 2206 3957 άγαθῶν
2255 3854 2396 3962 ἔξω
2446 3864 2747 3955 μενοῦσι
2794 3853 2978 3959 πρὸς

575 3978 706 4064 τὰς
742 3978 890 4059 ἅνω
927 3977 1150 4077 μονὰς
1190 3979 1315 4057 οὐκ
1354 3978 1884 4076 ἀναβαίνοντες,
1923 3977 2344 4083 διαγγέλλει
2379 3985 2667 4085 σαφῶς·
2730 3984 2797 4059 οἱ
2830 3977 2976 4082 γὰρ

646 4216 698 4270 9.
735 4198 791 4254 ἐν
814 4199 1026 4267 σώμασι
1048 4195 1350 4252 emendavit
1373 4194 1519 4251 Aub.
1546 4194 1601 4250 ἓν
1624 4197 1779 4265 σῶμά
1802 4196 1937 4253 εἰσιν
1962 4196 2030 4253 Β.
2057 4196 2242 4253 Holst.
2335 4196 2487 4251 Haec
2511 4196 2674 4251 verba
2699 4195 2931 4250 desunt
2917 4213 2976 4250 m

574 4287 624 4325 a.
649 4268 1008 4324 abbreviante.
1343 4282 1426 4321 10.
1464 4267 1713 4335 διαπεζόμ
1715 4288 1820 4321 ενοι
1847 4267 1912 4321 Β.
2244 4284 2327 4322 12.
2367 4268 2585 4335 δικαστη
2485 4267 2712 4336 στηρίων
2734 4285 2781 4321 c.
2809 4264 2974 4321 Cord.

578 4353 662 4411 17.
695 4338 894 4409 βιβλίῳ
918 4360 980 4406 τῃ
955 4336 1122 4462 Seio)
1102 4336 1209 4408 )B.
1224 4337 1450 4392 correxit
1468 4335 1568 4391 Ht.
1581 4337 1885 4392 faventibus
1906 4354 1951 4391 c.
1974 4336 2138 4392 Cord.
2160 4338 2338 4425 βίβλῳ
2355 4336 2518 4391 babet
2536 4346 2653 4391 eta.
2751 4337 2834 4390 18.
2859 4338 2975 4406 φω-

571 4410 663 4480 νὴν
687 4408 752 4464 Β.
756 4426 805 4464 a.
809 4427 857 4463 c.
883 4407 992 4462 Cor
1071 4410 1247 4478 φωνῆς
1274 4406 1373 4461 Ht.
1402 4403 1504 4461 Ed.
1728 4424 1826 4532 If.
1853 4408 2287 4547 καταλλιπέμὲνης
2310 4408 2536 4532 οοπθξίῐ
2560 4406 2974 4532 &magalaz

570 4477 1064 4606 ἒὲςιειιᾶἑῑῖἑὲῗὶιξῑξῑ
1254 4546 1339 4602 26.
1347 4475 1762 4615 2ἕντῗθινηςξοιῖίται
1787 4477 1953 4602 {lgm
1912 4497 2097 4603 Cfvrdu
2475 4496 2509 4545 ⁴
