3238 5158
1100 1140 1587 1217 KE<1>AAH
1671 1141 1764 1219 A.

222 1399 367 1467 Ὅτι
410 1403 506 1466 διᾶ
546 1400 655 1482 τὴν
687 1401 1013 1482 ταυτότητα
1056 1405 1161 1482 τῆς
1204 1403 1466 1485 φύσεως,
1497 1405 1531 1467 ὁ
1566 1403 1714 1471 ’Υἱὸς
1753 1403 1870 1483 μὲν
1913 1401 1983 1466 ἑν
2024 1401 2106 1487 τῷ
2145 1397 2349 1482 Πατρί
2380 1398 2566 1478 ἔστιν,
2599 1395 2633 1460 ὅ
2655 1417 2694 1463 ο

784 1522 995 1606 Πατὴρ
1040 1521 1097 1588 δ’
1145 1523 1219 1588 αὖ
1260 1523 1448 1588 πάλιν
1491 1525 1560 1589 ἐν
1601 1523 1684 1609 τῷ
1726 1524 1851 1609 ’Υῑῷ
1898 1522 2084 1586 ἐστιν.

269 1767 615 1833 Πιστεύετε
666 1767 768 1834 ὅτι
820 1766 953 1843 ὲΓὼ
1004 1767 1075 1836 ἒν
1129 1772 1226 1854 τῷ
1268 1765 1471 1857 Πατρὶ
1527 1765 1634 1832 καὶ
1686 1767 1724 1834 ὁ
1775 1765 2007 1857 Πατήρ
2060 1765 2133 1832 ὲν
2186 1761 2334 1843 ἐμοί
2384 1763 2585 1835 ἐστιν.
2663 1790 2733 1837 11

160 2028 204 2090 5
341 2002 1038 2088 ἈΝΑΦΑΝΔΟΝ
1092 2006 1230 2109 ηδη
1293 2010 1547 2114 φησιν,
1606 2013 1902 2108 μᾶλλον
1960 2003 2039 2086 δὲ
2102 2007 2218 2086 καὶ
2281 2001 2637 2086 ἐπιτάττει

230 2131 491 2213 λοιπὸν
549 2132 660 2213 ὅτι
721 2166 1083 2235 προσηκοι
1146 2139 1440 2236 φρονεῖν
1497 2132 1633 2237 οὐχ
1695 2130 1947 2234 ἑτεζοως
2011 2131 2216 2230 ἡμᾶς,
2275 2128 2319 2232 ἢ
2385 2125 2636 2230 ὥσπερ

230 2256 444 2342 αὐτὸς
493 2259 535 2337 ὁ
584 2262 713 2357 τῆς
767 2258 1108 2357 ἀληθείας
1151 2256 1496 2351 βούλοιτο
1533 2254 1776 2358 λόγος.
1853 2255 2236 2354 ὃμοούσιος
2282 2250 2427 2358 γάρ
2475 2254 2635 2333 ἐστι

229 2386 333 2489 τῷ
370 2382 524 2488 ἰδίῳ
559 2381 956 2483 γεννήτορι,
990 2385 1582 2478 μεσολαβοῦντος
1618 2385 1993 2462 παντελῶς
2029 2376 2332 2475 οὐδενὸς,
2363 2375 2408 2478 ἢ
2448 2374 2635 2457 κατά
2655 2392 2701 2458 (1

229 2539 299 2585 τι
361 2512 544 2608 γοῦν
597 2504 1107 2590 διακόπτοντος
1167 2508 1265 2588 εἶς
1328 2500 1710 2606 ἑτερότητα
1773 2499 2092 2611 φυσικὴν
2146 2501 2447 2606 θατέρου
2502 2497 2660 2590 τὸν,

121 2664 206 2705 10
231 2630 497 2732 ἕτερον.
599 2627 697 2715 εἷς
751 2628 898 2734 γάρ
953 2631 1112 2709 ἐστι
1166 2626 1349 2732 πρὸς
1405 2624 1644 2726 αὐτὸν,
1697 2630 1794 2711 ὡς
1848 2629 1924 2706 ἐν
1976 2632 2068 2732 τῇ
2122 2634 2251 2707 τοῦ
2304 2623 2633 2710 τεκόντος·

229 2751 447 2861 οὐσίᾳ
505 2751 639 2854 τὴν
699 2761 829 2834 τοῦ
889 2759 1072 2834 Υἱοῦ
1135 2752 1645 2859 διαφαίνεσθαι
1718 2750 1969 2858 φύσιν,
2029 2752 2147 2830 καὶ
2209 2751 2286 2829 ἐν
2346 2754 2437 2855 τῇ
2501 2757 2631 2829 τοῦ

228 2875 675 2981 γεννήματος
713 2877 927 2985 οὐσίᾳ
962 2878 1095 2978 τὴν
1131 2885 1260 2957 τοῦ
1299 2882 1491 2956 Θεοῦ
1527 2878 1647 2956 καὶ
1684 2872 1978 2978 Πατρὸς
2026 2874 2346 2978 ὁρᾶσθαί
2386 2907 2464 2954 τε
2513 2875 2631 2953 καὶ

227 3001 666 3105 διαπρέπειν,
715 2999 966 3105 ὥσπερ
1021 2996 1273 3102 ἀμέλει
1329 3003 1446 3080 καὶ
1502 3002 1579 3080 ἓν
1626 3005 1775 3083 τοῖς
1831 3001 1993 3079 καθ’
2031 2999 2217 3098 ἡμᾶς
2270 2995 2633 3100 θεωρήσαι

227 3158 338 3209 τις
388 3124 505 3207 ἄν.
586 3126 670 3206 οὐ
705 3124 852 3228 γὰρ
889 3125 1112 3229 ἕτεροι
1146 3123 1330 3205 κατὰ
1366 3124 1597 3231 φύσιν
1631 3121 1853 3223 ἐσμὲν
1886 3120 2070 3226 πρὸς
2117 3121 2211 3203 τὰ
2259 3123 2348 3229 ἐξ
2396 3123 2632 3202 αὐτῶν

120 3285 149 3325 1
164 3279 202 3341 5
227 3247 663 3351 γεννήματα,
702 3251 863 3332 οὔτε
898 3249 1045 3349 μὴν
1079 3254 1177 3333 εἲς
1221 3244 1754 3352 ἀλλοτριότητα
1802 3245 2223 3350 μεριζόμεθα
2274 3243 2625 3353 φυσικὴν,

227 3378 290 3454 εἶ
338 3377 458 3455 καὶ
507 3380 599 3480 τῇ
651 3381 800 3455 τῶν
833 3372 1202 3473 σωμάτων
1232 3369 1594 3475 ἑτερότητι
1645 3371 2139 3472 διεστήκαμεν·
2197 3368 2445 3473 διόπερ
2495 3370 2631 3451 ἴδοι

226 3531 334 3582 τις
389 3495 482 3578 ἂν
530 3497 660 3579 τὸν
712 3496 1067 3603 μακάρων
1115 3495 1463 3600 Ἀβραὰμ
1518 3497 1559 3575 ὁ
1613 3493 1744 3575 τὸν
1796 3495 1886 3602 ἐξ
1933 3496 2152 3576 αὐτοῦ
2205 3494 2631 3599 γεννηθέντα
2655 3533 2693 3576 ο

229 3621 382 3701 υἱὸν
435 3622 786 3724 ἑωρακώς.
890 3622 1062 3702 ἀλλ’
1122 3623 1238 3701 ἐπὶ
1296 3616 1426 3719 μὲν
1479 3619 1883 3723 ἀνθρώπων
1934 3617 2157 3724 τυχὸν
2209 3617 2461 3720 πολλή
2524 3653 2633 3704 τις

226 3746 430 3824 ἐστὶν
482 3746 529 3846 ἡ
589 3744 916 3846 διακοπὴ,
974 3742 1574 3844 συστελλομένου
1628 3739 1898 3846 τρόπον
1952 3742 2112 3824 τινὰ
2166 3746 2285 3823 καὶ
2338 3745 2624 3848 ἀναχω-
2685 3811 2688 3814 ,

117 3899 203 3942 20
225 3875 527 3971 ροῦντος
589 3869 1174 3977 μεμορφωμένως
1236 3866 1552 3949 ἑκάστου
1612 3865 1799 3971 πρὸς
1864 3864 1950 3948 τὸ
2015 3867 2208 3952 ἰδίως
2269 3866 2456 3973 ἔχειν
2513 3867 2633 3947 καὶ

228 3991 639 4100 φαίνεσθαι,
694 3997 813 4074 καὶ
881 3993 1012 4074 οὐκ
1073 3991 1570 4099 ἐμπεφυκότος
1627 3997 1732 4100 τῷ
1788 3991 2003 4099 ἑτερῳ
2065 3996 2514 4091 σωματικῶς,
2571 3997 2633 4073 εὶ

226 4118 347 4195 καὶ
399 4113 632 4202 κοινὸς
682 4116 961 4198 ἅπασιν
997 4119 1038 4197 ὁ
1086 4122 1213 4219 τῆς
1264 4117 1516 4201 οὐσίας
1565 4118 1798 4225 ὁρῷτο
1847 4111 2094 4219 λόγος·
2157 4117 2272 4196 ἐπὶ
2322 4111 2398 4195 δὲ
2436 4120 2630 4197 Θεοῦ

224 4246 357 4321 τοῦ
412 4238 599 4321 κατὰ
653 4240 885 4348 φύσιν
930 4240 1288 4342 ἐννοήσεις
1343 4241 1480 4346 οὐχ
1535 4242 1785 4326 οὕτως·
1855 4236 2258 4343 ἰδιαζόντως
2308 4237 2441 4340 μὲν
2484 4236 2634 4342 γὰρ

303 4498 404 4555 1-3
431 4498 540 4538 om.
567 4480 633 4538 E.
881 4493 937 4551 5.
973 4480 1057 4534 καὶ
1082 4496 1190 4536 om.
1217 4479 1285 4536 E.
1521 4497 1576 4554 9.
1610 4481 1704 4538 τὸν
1729 4479 1796 4535 Ε.
1820 4479 1882 4535 τὸ
1907 4477 2013 4534 Ed.
2255 4491 2339 4547 14.
2373 4448 2541 4535 fan-&v
2566 4476 2634 4534 E.

229 4567 317 4627 17.
354 4556 386 4609 ὁ
410 4570 520 4610 om.
550 4553 614 4609 E.
831 4566 919 4606 20.
956 4550 1369 4623 μεμορφωμὲνης
1395 4551 1460 4607 Ε.
1678 4567 1765 4623 23.
1803 4549 2090 4618 ῖδιαζόντας
2117 4548 2184 4606 Ε.
