3238 5158
188 349 294 392 xv.
320 347 422 409 24.
564 330 679 394 IN
738 329 805 397 S.
854 330 1366 396 JOANNEM.
1459 332 1649 398 LIB.
1699 333 1781 398 X.
1873 334 2077 400 CAP.
2127 334 2219 398 ΙΙ.
2455 331 2582 393 603

241 437 259 474 ἱ

189 496 308 572 καὶ
349 499 499 579 τοῖς
543 493 662 575 διὰ
708 496 1084 580 Μωυσέως
1140 498 1732 596 τεθεσπισμένοις
1787 497 1871 579 τὸ
1926 503 2186 605 χρῆναι
2242 504 2441 578 νικᾶν
2479 497 2586 574 ἀεὶ

190 615 655 722 χαριζὸμενοι,
695 618 988 721 γνήσιοί
1029 654 1211 705 τινες
1258 625 1386 721 τῆς
1438 628 1534 705 εἰς
1573 621 1766 702 Θεὸν
1800 622 2087 726 ἀγάπης
2137 625 2586 726 εὑρίσκονται

190 738 537 849 φύλακες.
614 743 749 824 ἔδει
804 752 1183 846 τοιγαροῦν
1224 742 1309 824 τὸ
1355 743 1484 842 μὲν
1520 747 1595 824 ἐν
1632 747 1913 830 ἐκείνοις
1968 752 2231 827 είκαῖον
2269 743 2586 852 ἀποφαί-

188 871 445 945 νεσθαι
515 866 844 971 φύσημα,
914 874 1168 967 μαθεῖν
1232 867 1308 948 δὲ
1376 865 1509 967 τὴν
1575 868 2004 969 οἰκουμένην,
2070 873 2178 950 ὅτι
2244 876 2395 954 τοῖς
2456 877 2585 949 τοῦ

104 1011 149 1071 5
192 994 527 1094 Σωτῆρος
582 989 1097 1098 ἀντεξάγοντες
1152 991 1413 1092 νόμοις,
1450 991 1636 1096 πρὸς
1690 993 2098 1095 ὀλόκληρον
2153 991 2405 1098 ὥσπερ
2452 993 2585 1093 τὴν
2608 1024 2645 1065 a
2681 1011 2818 1068 907
2841 1009 2921 1065 Α.

183 1116 389 1195 θείαν
437 1114 685 1220 ἔχουσι
741 1115 972 1220 φύσιν
1020 1116 1459 1220 ὑβρισμένην
1514 1119 1590 1196 ἐν
1636 1123 1810 1224 Υὶῷ,
1870 1117 1986 1197 διὰ
2034 1123 2164 1218 τῆς
2217 1122 2585 1221 παρακοῆς·

183 1243 308 1320 καὶ
362 1244 492 1340 τῆς
534 1241 719 1321 οὕτω
767 1247 1045 1344 μακρᾶς
1101 1244 1218 1321 καὶ
1274 1241 1843 1346 ἀπροφασίστου
1899 1243 2157 1323 λοιπὸν
2208 1244 2584 1340 ἀπειθείας,

180 1364 280 1464 ἣν
317 1365 402 1444 οὐ
451 1363 673 1462 μόνον
708 1368 944 1449 ἔδικῶς
979 1371 1075 1448 εἰς
1123 1399 1209 1446 το
1260 1371 1514 1446 οἰκεῖον
1547 1370 2031 1446 ἐπιτελεῖσθαι
2074 1365 2475 1469 πρόσωπον
2510 1366 2588 1445 εὖ

180 1486 396 1587 μάλα
450 1488 973 1594 διισχυρίζεται,
1023 1487 1226 1568 ἀλλὰ
1279 1491 1396 1568 καὶ
1452 1491 1529 1568 ἐν
1575 1497 1726 1575 τοῖς
1787 1524 1914 1570 τον
1974 1489 2151 1594 ὑπὲρ
2197 1492 2413 1570 αὐτοῦ
2469 1493 2588 1569 καὶ

54 1643 87 1683 1
102 1643 149 1681 0
182 1612 278 1692 δι’
318 1611 536 1692 αὐτον
579 1612 1071 1716 πρεσβεύουσι
1125 1610 1379 1715 λόγον.
1463 1591 1818 1719 θεομάχος
1872 1616 1996 1694 ουν
2032 1650 2174 1719 αρα
2220 1619 2337 1694 καὶ
2374 1616 2578 1715 ὑβρι-

177 1735 396 1836 στὴς,
454 1740 570 1816 καὶ
622 1736 805 1841 πρὸς
864 1734 1046 1837 ολην
1099 1735 1286 1842 ἔχων
1343 1735 1475 1837 τὴν
1531 1735 1841 1842 ἀῤῥητόν
1897 1772 1976 1818 τε
2033 1741 2151 1819 καὶ
2201 1739 2586 1845 ἄφραστον

180 1860 442 1969 φύσιν,
499 1862 540 1940 ὃ
595 1863 712 1940 καὶ
776 1861 1017 1945 αὐτοῖς
1076 1868 1227 1944 τοῖς
1290 1860 1518 1963 ἁγίοις
1579 1858 2024 1946 ἀποστόλοις
2088 1860 2586 1963 ἀντιπράττειν

178 1989 583 2088 ἐπιχειρῶν.
650 1983 1081 2088 κηρύττουσι
1116 1983 1261 2088 γὰρ
1298 1986 1432 2091 οὐχ
1464 1984 1775 2083 ἑαυτους,
1814 1985 2016 2065 ἀλλὰ
2049 1986 2352 2068 τὸντῶν
2391 1985 2586 2066 ολων
2610 2001 2651 2065 b
2675 1978 2834 2108 iavcgr.

179 2107 385 2189 Θεὸν
419 2111 539 2188 καὶ
579 2109 872 2213 Κύριον,
908 2108 1239 2189 τουτέστι
1275 2109 1629 2214 Χριστόν.

54 2400 140 2461 15
184 2375 265 2444 Εἰ
331 2380 409 2444 τὰ
472 2378 628 2468 &prot
691 2381 778 2457 μή
843 2379 1122 2448 ἐποίησα
1185 2382 1256 2447 ἐν
1318 2381 1537 2450 αὐτοῖς
1599 2384 1642 2449 ἆ
1710 2382 1936 2459 μηδεὶς
1996 2383 2199 2448 ἄλλος
2260 2380 2583 2461 ἐποίησεν,
2614 2403 2688 2456 24

293 2503 614 2594 ἁμαρτίαν
669 2506 785 2570 οὐκ
840 2501 1121 2594 εἴχοσαν·
1199 2507 1334 2572 νυνὶ
1388 2507 1460 2574 δὲ
1515 2509 1619 2574 καὶ
1665 2511 1998 2597 ἑωράκασι
2046 2508 2150 2573 καὶ
2196 2509 2587 2585 μεμισήκαοι

295 2633 401 2698 καὶ
452 2632 567 2710 ἐμὲ
624 2630 730 2697 καὶ
782 2633 896 2699 τὸν
949 2634 1209 2722 Πατέρα
1265 2657 1411 2710 μου.

305 2804 590 2886 Οὐδένα
649 2813 797 2891 τοῖς
853 2804 1222 2890 Ἰουδαίοις
1279 2813 1835 2914 περιλελεῖφθαι
1894 2805 2121 2911 λόγον
2187 2812 2282 2891 εὶς
2340 2805 2424 2887 τὸ
2483 2803 2585 2905 μὴ

172 2933 447 3034 χρῆναι
501 2928 935 3032 κολάζεσθαι
990 2932 1107 3010 καὶ
1151 2937 1300 3014 τοῖς
1353 2931 1773 3031 ἀνηκέστοις
1821 2938 2258 3037 περιπεσεῖν,
2303 2932 2420 3010 καὶ
2470 2927 2585 3008 διά

51 3099 139 3140 20
172 3054 463 3136 τούτων
502 3052 702 3135 οὐδὲν
736 3054 952 3155 ἧττον
989 3055 1356 3158 ἀπέφηνεν
1394 3057 1435 3134 ὁ
1471 3055 1827 3158 Χριστός.
1900 3057 2227 3163 φαίνεται
2261 3054 2405 3157 γὰρ
2441 3059 2584 3132 τῶν
2609 3077 2647 3121 0

170 3185 292 3262 εἷς
340 3178 695 3285 ὠφέλειαν
729 3176 1130 3259 τελούντων
1164 3180 1612 3263 ἐλλελοιπὼς
1652 3179 1875 3277 οὐδὲν,
1914 3178 2142 3281 λόγου
2183 3179 2313 3278 μὲν
2349 3179 2588 3261 αὐτοῖς

167 3300 714 3404 παρατεθέντος
767 3309 1066 3406 μακροῦ,
1119 3303 1203 3381 δι’
1251 3302 1473 3405 οὗπερ
1528 3302 1617 3403 ἦν
1675 3307 1791 3383 καὶ
1847 3304 2051 3400 μάλα
2103 3303 2363 3411 ῥᾳδίως
2419 3301 2590 3380 ἱέναι

165 3421 375 3529 πρὸς
430 3427 815 3530 σωτηρίαν,
853 3423 1471 3529 παραδειχθέντων
1527 3426 1603 3505 δὲ
1653 3428 1770 3505 καὶ
1808 3424 2213 3525 θαυμάτων,
2252 3424 2300 3505 ἃ
2333 3423 2588 3524 μήπως

181 3585 316 3634 τις
369 3556 513 3629 τῶν
571 3551 647 3630 ἐν
704 3549 960 3658 κόσμῳ
1017 3550 1363 3629 τεθέαται.
1446 3550 1551 3633 τίς
1606 3549 1751 3654 γὰρ
1795 3556 1940 3630 τῶν
1983 3551 2207 3652 ἁγίων
2261 3554 2407 3633 τοῖς
2462 3556 2589 3628 τοῦ

51 3725 128 3781 25
171 3677 532 3776 Σωτῆρος
577 3672 951 3775 ἡμιλλήθη
996 3672 1362 3772 θαύμασιν
1392 3707 1414 3771 ;
1479 3671 1633 3753 εἶτα
1680 3684 2032 3755 τοσοῦτον
2069 3670 2590 3782 ἀφεστηκότων

165 3806 323 3883 τοῦ
379 3796 757 3902 θαυμάζειν
792 3797 1009 3877 αὐτὸν
1046 3799 1394 3896 ἐθελῆσαι
1448 3805 1592 3878 τῶν
1630 3800 1994 3880 Ἰουδαίων
2032 3804 2127 3884 ὡς
2179 3802 2296 3878 καὶ
2350 3804 2589 3897 μισεῖν

165 3922 491 4006 ἑλέσθαι
546 3928 837 4020 μᾶλλον
891 3921 980 4028 ἐξ
1028 3921 1324 4002 ἀνοσίου
1385 3923 1697 4024 γνώμης,
1754 3931 1907 4008 πῶς
1957 3925 2040 4003 οὐ
2092 3922 2450 4027 δυσαχθὲς
2504 3920 2588 4001 τὸ

166 4051 340 4130 τῶν
376 4042 851 4148 ἐγκλημάτων
887 4045 1184 4151 φορτίον
1223 4048 1459 4131 αὐτοῖς
1511 4050 1986 4147 ἐπικείσεται,
2048 4045 2137 4146 ἦν
2175 4046 2316 4150 γὰρ
2359 4044 2588 4146 δήπου
2615 4062 2656 4126 (1

164 4170 276 4255 τὸ
314 4167 510 4249 πολύ
563 4202 632 4248 τι
689 4175 1005 4271 κρεῖττον
1042 4171 1159 4249 καὶ
1202 4171 1509 4267 ἄμεινον,
1546 4172 1725 4270 μήτε
1783 4169 2029 4273 λόγων
2064 4169 2318 4253 αὐτοὺς
2372 4171 2586 4250 ἐπακ-

53 4352 131 4411 30
165 4297 505 4404 ροᾶσθαι
541 4299 833 4399 σοφῶν,
875 4291 1053 4391 μήτε
1092 4291 1234 4393 μὴν
1271 4299 1398 4393 τῆς
1449 4296 1673 4377 οὕτως
1726 4294 2033 4397 ἀῤῥήτου
2085 4293 2590 4396 τερατουργίας

259 4518 316 4573 8.
360 4517 531 4573 ῖδικῦς
556 4516 622 4570 Ε.
649 4515 848 4572 εἰδικῶς
876 4515 977 4570 Ed.
1129 4530 1211 4641 13.
1250 4515 1493 4585 ἐποίησεν
1517 4515 1582 4569 Ε.
1607 4516 1885 4585 πεποίηκεν
1910 4516 2013 4571 Ed.
2165 4513 2243 4566 16.
2281 4512 2499 4597 εἴχοσαν
2525 4511 2589 4565 Ε.

169 4590 338 4661 εἶχον
368 4587 468 4642 Ed.
547 4586 737 4642 Statim
763 4588 871 4642 νυνὶ
898 4586 962 4640 Ε.
990 4589 1079 4641 νῦν
1105 4586 1151 4640 Ε
1432 4602 1517 4657 25.
1555 4589 1808 4641 τοσοῦτον
1836 4587 1898 4642 Ε.
1931 4587 2133 4657 Migne.
2160 4582 2423 4637 τοσούτων
2446 4581 2590 4635 Aub.

1305 4688 1497 4747 4112
