3238 5158
191 350 319 415 viii.
349 352 450 419 28.
580 354 697 419 IN
760 355 825 420 S.
876 356 1387 421 JOANNEM.
1482 357 1674 422 LIB.
1708 359 1792 422 V.
1884 358 2092 423 CAP.
2125 359 2210 423 V.
2517 359 2603 422 39

192 524 238 562 “
271 549 409 613 μου
474 517 606 602 ἕως
672 519 835 621 οἷρτι
899 517 1265 621 ἐργάζεται
1334 519 1537 621 κάγὼ
1603 519 2059 624 ἐργάζομαι.”
2148 523 2405 601 οὐκοῦν
2473 527 2605 600 ἀπ’

194 641 479 745 ἐμαυτοῦ
533 640 707 721 ποιῶ
765 637 957 721 οὐδέν.
1057 638 1283 722 πάλιν
1342 639 1599 745 ἔλεγον
1654 643 1855 744 Ἐγώ
1919 650 2060 742 εἶμι
2115 643 2200 724 τὸ
2261 651 2417 750 φῶς
2473 650 2601 722 τοῦ

194 762 493 863 κόσμου,
540 765 712 842 ἀλλ’
772 763 1059 871 ᾠήθητέ
1103 799 1173 845 τι
1232 764 1470 866 λέγειν
1524 772 1673 845 τῶν
1725 767 2148 873 ἀπᾳδόντων
2202 769 2417 873 αὐτῷ,
2466 767 2601 844 κάν

192 886 424 994 τούτῳ
459 886 686 966 πάλιν
725 889 906 985 ὑμᾶς
942 887 1362 967 ἐδυσώπουν
1402 888 1811 974 ὑποδεικνὺς
1861 890 2172 991 λε’γοντα
2220 893 2383 990 περὶ
2430 892 2601 987 ἐμοῦ
2628 916 2664 961 e

125 1028 163 1089 5
193 1020 241 1058 ‘⁴
274 1007 461 1089 ’Ῑδοῦ
523 1008 797 1090 τέθεικά
861 1045 951 1090 σε
1018 1017 1116 1095 εἷς
1182 1011 1525 1112 διαθήκην
1586 1012 1856 1114 γένους,
1918 1020 2014 1098 εἰς
2080 1019 2240 1118 φῶς
2302 1014 2597 1092 ἐθνῶν.”
2695 1012 2781 1127 {⁴⁸⁸-
2808 1011 2914 1061 ¹¹¹¹·

191 1132 430 1233 μάτην
467 1134 592 1213 οὖν
628 1134 771 1236 ἄρα
807 1141 1292 1232 καταιτιᾶσθε,
1331 1138 1543 1240 φησὶ,
1583 1133 1710 1215 τὸν
1748 1138 1854 1215 ἀεὶ
1890 1143 1995 1244 τῷ
2034 1142 2107 1216 Π
2112 1140 2274 1238 ατρὶ
2312 1134 2605 1216 συνεθέ-
2729 1114 2742 1128 ’

191 1267 445 1347 λοντα,
487 1260 603 1336 καὶ
652 1265 998 1337 ποιοῦντα
1046 1257 1268 1358 μηδὲν
1312 1264 1459 1338 τῶν
1510 1258 1938 1366 ἀπᾳδόντων
1983 1261 2194 1367 αὐτῷ,
2231 1258 2411 1359 μήτε
2462 1258 2606 1359 μήν

191 1414 267 1461 τι
322 1386 577 1459 λαλεῖν
624 1380 1074 1485 ἀνεχόμενον,
1115 1379 1155 1461 ὃ
1212 1380 1315 1482 μή
1372 1384 1532 1461 ε’στι
1588 1384 1756 1484 παρ’
1800 1383 2043 1464 αὑτοῦ.
2125 1387 2404 1464 τουτονὶ
2459 1390 2608 1465 τοῖς

190 1504 678 1607 προκειμένοις
714 1502 908 1603 οἶμαι
945 1508 1090 1584 δεῖν
1125 1504 1542 1612 ἐφαρμόσαι
1578 1505 1707 1586 τὸν
1748 1514 1942 1587 νοῦν.

86 1657 164 1697 10
304 1624 556 1706 Ἀλλὰ
591 1626 677 1707 τὸ
713 1625 972 1730 πικρὸν
1007 1629 1177 1727 ἡμῖν
1214 1627 1392 1712 ἴσως
1428 1621 1806 1735 ε’φαλεῖταὶ
1847 1630 2114 1733 θηρίον,
2142 1626 2272 1709 τὸν
2308 1662 2609 1733 χριστο-

188 1750 430 1855 μάχον
467 1751 542 1831 δὲ
581 1749 935 1850 δηλονότι,
975 1755 1164 1856 φημὶ
1198 1751 1597 1854 Ἀρειανόν·
1660 1752 2104 1853 καταβοήσει
2145 1751 2223 1831 δὲ
2262 1756 2359 1835 ὡς
2398 1751 2606 1842 εἰκὸς,

189 1878 311 1955 καὶ
348 1874 584 1976 λέγων
621 1874 956 1980 ἀφίξεται
992 1936 1035 1973 ,,
1063 1876 1209 1982 Ἐξ
1248 1875 1506 1979 οὐρίας,
1548 1872 1606 1955 ὦ
1654 1877 1880 1974 οὗτος,
1921 1873 2120 1955 ἰόντα
2173 1875 2301 1955 τὸν
2339 1872 2604 1975 λόγον,

190 2059 237 2097 ,,
275 1998 349 2079 τί
399 1996 609 2103 βιάζῃ
663 2000 890 2078 πάλιν
927 2002 1041 2080 ἐπὶ
1090 1999 1173 2078 τὸ
1226 2001 1349 2079 σοὶ
1399 1997 1599 2107 μόνῳ
1653 2003 1908 2079 δοκοῦν
1946 2003 2289 2079 ἀντωθεῖν
2326 1997 2607 2099 ἐπειγό-

191 2181 238 2220 ,,
273 2155 505 2222 μενος,
565 2124 681 2201 καὶ
749 2120 882 2220 τὴν
939 2127 1064 2222 τῆς
1127 2123 1469 2223 ἀληθείας
1532 2122 2068 2225 παρακλέπτων
2124 2121 2423 2218 δύναμιν
2480 2123 2610 2201 οὐκ
2632 2165 2668 2205 a
2709 2149 2840 2204 522
2861 2148 2941 2202 A.

84 2266 164 2328 Ῑ5
193 2307 239 2344 ,,
279 2248 650 2352 ἐρυθριᾷςς
710 2244 864 2325 ἰδοῦ
922 2252 1188 2352 σαφῶς
1243 2247 1283 2324 ὃ
1326 2244 1502 2329 Υἱὸς
1559 2245 1765 2325 οὐδὲν
1798 2245 1887 2351 ἐξ
1933 2247 2186 2325 ἑαυτοῦ
2240 2247 2598 2348 διισχυρί-

191 2430 240 2468 ,,
278 2368 464 2472 §Erat
520 2373 718 2471 δρᾶν,
757 2370 929 2448 ἀλλ’
970 2369 1148 2471 ὅπερ
1203 2366 1293 2448 ἂν
1340 2366 1559 2466 μάθοι
1613 2367 1813 2471 παρὰ
1861 2374 2055 2449 Θεοῦ
2109 2372 2227 2447 καὶ
2276 2368 2599 2469 Πατρὸς,

193 2553 238 2591 ,,
276 2500 490 2573 τοῦτο
525 2497 641 2571 καὶ
678 2500 951 2591 λαλεῖν,
981 2493 1207 2576 οὕτως
1243 2488 1430 2571 οἶδεν
1464 2494 1540 2571 ἐν
1579 2495 1947 2593 ἀμείνοσιν
1980 2491 2155 2572 ὄντα
2192 2489 2321 2572 τὸν
2349 2493 2602 2572 ἑαυτοῦ

192 2678 241 2715 ,,
280 2617 574 2718 Πατέρα
607 2613 655 2717 ἢ
695 2618 769 2696 ἐν
806 2614 909 2701 οἷς
944 2619 1147 2695 ἐστιν
1184 2611 1466 2699 αὑτός.”

312 2740 414 2819 Τι’
472 2740 598 2819 οὖν
661 2735 719 2817 ὦ
779 2736 1126 2832 βέλτιστε
1158 2771 1181 2837 3
1266 2735 1494 2819 πάλιν
1559 2739 1599 2816 ὃ
1663 2747 1983 2822 τοιοῦτος
2049 2739 2597 2834 ἀντακούσεται,

79 2894 167 2936 20
197 2860 417 2968 ἰσχὺν
451 2859 593 2964 ἆρα
643 2866 760 2942 καὶ
815 2862 1116 2943 σύνεσιν
1153 2869 1568 2966 χορηγεῖται
1614 2860 1817 2964 παρὰ
1852 2870 1982 2942 τοῦ
2024 2860 2314 2963 Πατρὸς
2355 2864 2394 2942 ὁ
2428 2862 2604 2943 Υἱὸς

193 2988 317 3067 ἵνα
353 2989 470 3065 καὶ
509 2986 809 3084 δύνηταί
839 3020 910 3066 τι
946 2990 1125 3089 δρᾶν
1162 2988 1279 3065 καὶ
1317 2993 1572 3066 λαλεῖν
1609 2984 2119 3086 ἀνεγκλήτως;
2158 2990 2312 3069 πῶς
2348 2984 2474 3063 οὖν
2505 2983 2608 3063 ἕτι
2656 3053 2657 3058 ,

196 3108 388 3192 Θεὸς
444 3107 627 3188 κατὰ
681 3107 929 3216 φύσιν,
977 3111 1018 3189 ὃ
1072 3107 1242 3211 παρ’
1294 3108 1534 3209 ἑτέρου
1589 3106 1675 3188 τὸ
1734 3108 2088 3187 δύνασθαι
2142 3112 2260 3187 καὶ
2317 3113 2609 3212 φρονεῖν

195 3229 701 3334 δανειζόμενος,
739 3229 1063 3334 καθάπερ
1101 3233 1227 3311 οὖν
1263 3232 1406 3336 ἔχει
1444 3233 1560 3310 καὶ
1604 3237 1751 3309 τῶν
1788 3230 2207 3330 κτισμάτων
2242 3230 2289 3330 ἦ
2329 3228 2602 3335 φύσις;
2635 3249 2678 3314 b

191 3363 349 3439 τοῖς
402 3353 547 3457 γὰρ
599 3356 687 3462 ἐξ
742 3357 870 3435 οὐκ
926 3355 1155 3435 ὄντων
1201 3363 1518 3459 λαχοῦσι
1574 3351 1707 3453 τὴν
1755 3353 2058 3456 γένεσιν,
2094 3361 2243 3435 πᾶν
2288 3353 2464 3458 ὅπερ
2521 3353 2612 3435 ἂν

81 3510 170 3573 25
195 3478 480 3581 γε’νοιτο
513 3477 819 3582 προσὸν,
857 3486 1070 3559 τοῦτο
1107 3478 1195 3577 δὴ
1232 3477 1521 3560 πάντως
1567 3478 1728 3556 ἐστὶ
1776 3480 1894 3556 καὶ
1947 3475 2357 3558 θεόσδοτον.
2439 3481 2609 3557 ἀλλ’

197 3602 340 3706 οὐχ
392 3603 614 3685 οὕτως
663 3606 738 3681 ἐν
768 3606 954 3709 Υἱῷ·
1034 3599 1227 3683 Θεὸν
1276 3599 1421 3703 γὰρ
1472 3597 1819 3701 ἀληθινὸν
1864 3600 1909 3698 ἡ
1958 3600 2114 3680 θεία
2167 3635 2244 3680 τε
2294 3598 2440 3681 οἶδε
2497 3606 2614 3681 καὶ

198 3723 532 3827 κηρύττει
583 3725 854 3829 γραφή.
938 3730 1083 3804 δεῖν
1121 3759 1207 3826 γε
1262 3720 1458 3822 οἶμαι
1493 3729 1596 3831 τῷ
1640 3758 1725 3825 γε
1770 3721 1925 3802 ὄντι
1961 3722 2146 3803 κατὰ
2180 3723 2409 3828 φύσιν
2448 3729 2617 3828 Θεῷ

197 3846 446 3930 πάντα
476 3849 764 3930 τελείως
798 3854 1177 3950 προσεῖναι
1213 3845 1306 3928 τὰ
1343 3845 1604 3947 ἀγαθά·
1681 3845 1766 3926 τὸ
1819 3845 1895 3926 δὲ
1945 3846 2233 3930 τελείως
2284 3847 2413 3927 οῦκ
2450 3846 2617 3951 ἕχον

191 4053 196 4057 .
2477 4004 2618 4048 αὐτῶν

283 4078 330 4116 1.
367 4061 517 4115 οὐδὲν
540 4059 625 4116 ἀπ’
653 4061 875 4126 ἐμαυτοῦ
896 4063 1029 4114 ποιῶ
1053 4058 1266 4114 inverso
1291 4058 1479 4113 ordine
1503 4076 1551 4111 a.
1699 4074 1750 4111 2.
1788 4055 1851 4111 ἔλ
1917 4054 2002 4128 ον]
2026 4052 2172 4111 εἶπον
2195 4074 2244 4112 a.
2386 4073 2439 4127 3.
2475 4057 2619 4125 ἡμῶν

201 4131 272 4187 Β.
300 4132 606 4186 emendavit
633 4131 814 4185 Holet.
1131 4145 1214 4184 10.
1251 4131 1435 4197 πικρὸν
1459 4126 1763 4182 emendavit
1786 4131 1877 4181 Au
1919 4166 1933 4179 .
1959 4145 1989 4181 e
2014 4126 2132 4180 Cat.
2162 4126 2315 4180 Harl.
2341 4129 2523 4194 μικρὸν
2551 4128 2616 4181 Β.

200 4203 307 4258 Ht.
408 4201 598 4256 Statim
623 4200 754 4258 ἴσως
777 4201 897 4271 ἡμῖν
918 4200 1134 4253 inverso
1158 4198 1348 4253 ordine
1373 4216 1421 4251 a.
1857 4214 1940 4251 11.
1978 4194 2143 4268 φημὶ]
2177 4203 2235 4261 -Ι-
2265 4199 2356 4251 τὸν
2385 4197 2483 4252 Ht.
2512 4198 2617 4250 Ed.

204 4289 291 4328 12.
332 4271 374 4326 ὦ
402 4271 552 4328 οὗτος
574 4272 718 4326 Mum
745 4272 808 4325 B.
836 4273 877 4325 ὣ
902 4270 1097 4324 οὖτωσι
1120 4268 1244 4323 ὄντα
1268 4268 1391 4339 (sic)
1418 4268 1498 4323 Ht
1503 4307 1774 4322 .......
1800 4266 1924 4320 ὄντα
1944 4268 2089 4321 Aub.
2239 4281 2322 4337 15.
2361 4269 2545 4321 ἑαυτοῦ
2570 4286 2619 4321 a.

197 4343 366 4397 αὐτοῦ
391 4342 499 4397 Ed.
689 4341 772 4397 16.
807 4337 974 4411 παρὰ]
1010 4347 1067 4402 -Ι-
1096 4343 1190 4393 τοῦ
1213 4358 1262 4393 a.
1457 4351 1540 4408 17.
1577 4340 1736 4391 λαλεῖ
1759 4355 1806 4392 a.
1834 4336 1953 4391 Cat.
1986 4337 2137 4391 Harl.
2318 4354 2405 4392 20.
2444 4341 2473 4392 ὁ
2499 4339 2621 4393 Υἱὸς

197 4421 550 4484 assumptum
575 4430 640 4466 ex
664 4430 711 4467 a.
883 4428 968 4466 21.
1005 4411 1091 4464 καὶ
1113 4409 1264 4480 prius
1289 4418 1631 4480 assumptum
1658 4425 1721 4462 ex
1747 4425 1796 4462 a.
1892 4406 2216 4478 ἀνεγκλήτως
2241 4425 2289 4463 a.
2317 4407 2437 4462 Cat.
2465 4408 2619 4461 Harl.

197 4529 256 4571 et
281 4516 363 4571 uic
389 4515 616 4586 conjecit
641 4515 841 4586 Heyse.
867 4511 1228 4582 ὀνεκλιιλῆτως
1256 4512 1321 4568 Β.
1338 4512 1445 4567 Ed.
1591 4527 1678 4581 27.
1714 4533 1775 4582 γε
1801 4507 1979 4582 prius]
2005 4492 2062 4565 32
2089 4509 2157 4563 B.
2303 4510 2460 4564 28.-
2501 4549 2515 4563 .
2531 4525 2620 4575 40,

201 4604 256 4643 2.
296 4587 361 4641 τὸ
386 4585 651 4642 δὲ-»Θεός
678 4585 743 4642 Β.
768 4587 829 4641 τὸ
853 4587 910 4640 δὲ
934 4586 1144 4641 τελείως
1168 4584 1267 4654 οὐχ
1293 4583 1418 4655 ἕχον
1442 4583 1582 4638 inter
1613 4583 1916 4653 congeriem
1948 4580 2423 4651 confusionemque
2475 4580 2622 4633 clau·-
