3238 5158
210 341 386 408 xvii.
408 362 605 429 9—11.
651 344 765 408 IN
811 344 878 410 S.
912 344 1425 409 JOANNEM.
1502 344 1694 410 LIB.
1729 344 1852 409 XI.
1930 342 2134 409 CAP.
2155 341 2354 407 VIII.
2503 341 2626 406 691

214 503 322 608 δὴ
397 508 516 587 καὶ
586 507 984 615 φιλήδονον
1041 514 1141 596 εἶς
1209 510 1563 613 ἁμαρτίαν
1627 511 1746 590 καὶ
1808 505 1895 589 τὸ
1958 508 2127 587 λίαν
2191 503 2471 589 εὐπετὲς
2534 510 2632 586 εἷς

217 629 596 732 κωμικὴν
628 632 913 735 ἡδονὴν,
949 636 1066 714 καὶ
1113 633 1299 738 πρὸς
1345 630 1618 718 τούτοις
1671 631 1774 713 ἔτι
1821 629 1954 731 τὴν
1989 627 2284 730 ἁπάσης
2338 623 2624 735 φαυλό-

216 788 449 856 τητος
520 756 795 861 μητέρα
855 759 973 837 καὶ
1035 757 1334 866 τροφὸν,
1396 754 1804 837 ἀλλόκοτον
1876 753 2187 854 πλάνην,
2256 753 2499 833 οἰκεῖοί
2554 784 2633 832 τε

219 912 356 959 και
428 880 639 987 φίλοι
698 881 1156 982 γενησόμεθα
1218 890 1349 963 τοῦ
1411 887 1765 981 Χριστοῦ,
1824 883 1943 961 καὶ
2005 878 2139 980 τὴν
2194 912 2378 981 προς
2442 875 2633 957 Θεον

139 1024 189 1087 5
223 998 523 1106 εἰρήνην
593 1003 1079 1106 συνθήσομεν,
1153 1006 1345 1114 αὐτῷ
1413 1012 1518 1114 τῷ
1590 1007 1831 1107 Πατρι
1910 1004 1998 1084 δι’
2076 1007 2259 1083 Υιοῦ
2342 1000 2634 1083 κολλώ-

223 1158 467 1226 μενοι,
514 1124 643 1228 ἅτε
693 1122 782 1228 δὴ
838 1132 957 1209 καὶ
1011 1128 1359 1225 λαβόντες
1414 1130 1493 1209 ἐν
1545 1130 1817 1212 ἑαυτοῖς
1871 1160 2001 1208 τον
2053 1125 2143 1233 ἐξ
2190 1126 2409 1206 αὐτοῦ
2463 1160 2628 1229 γεν-
2659 1135 2807 1290 bRo

229 1250 544 1350 νηθέντα
600 1251 846 1355 Λόγον
900 1287 1017 1334 και
1071 1256 1149 1335 ἐν
1201 1258 1305 1360 τῷ
1362 1252 1731 1353 Πνεύματι
1785 1248 2156 1355 κράζοντες
2211 1258 2255 1297 “
2289 1249 2541 1346 Ἀββᾶ
2594 1250 2637 1329 ὃ
2725 1240 2873 1356 mm.
2864 1315 2941 1369 ¹5

230 1372 629 1477 “m-2595·

355 1503 458 1578 Οἱ
507 1500 829 1587 δοθέντες
876 1503 1003 1583 οὖν
1037 1503 1180 1607 ἄρα
1217 1507 1542 1609 Χριστῷ,
1578 1500 1927 1605 γεγόνασι
1974 1499 2107 1600 μὲν
2141 1506 2271 1579 τοῦ
2310 1497 2632 1601 Ilm-pbr,

111 1666 202 1707 ιο
230 1620 444 1723 πλὴν
478 1625 609 1704 οὐκ
643 1625 785 1732 ἔξω
820 1625 938 1706 διὰ
974 1634 1186 1707 τοῦτο
1221 1632 1575 1730 Χριστοῦ.
1648 1624 2026 1722 βασιλεύει
2075 1621 2219 1727 γὰρ
2262 1620 2406 1702 σὺν
2447 1621 2640 1728 αὐτῷ

234 1749 364 1827 καὶ
415 1745 753 1854 κατάρχει
799 1752 884 1829 δι’
922 1752 1141 1832 αὐτοῦ
1175 1757 1322 1832 τῶν
1359 1752 1555 1831 ἰδίων
1586 1752 1628 1831 ὁ
1666 1748 1853 1834 Θεὸς
1887 1751 2005 1829 καὶ
2041 1745 2328 1849 Πατήρ.
2405 1752 2635 1840 βασι·
2675 1797 2681 1803 -

236 1872 407 1952 λεία
440 1870 586 1976 γὰρ
620 1873 667 1974 ἠ
704 1872 883 1974 αὐτὴ
921 1873 1180 1978 κράτος
1229 1909 1308 1956 τε
1356 1872 1443 1955 τὸ
1493 1872 1677 1955 κατὰ
1719 1874 2011 1955 πάντων
2046 1871 2121 1953 ἓν
2153 1874 2281 1971 τῆς
2318 1870 2529 1970 ἁγίας
2561 1904 2642 1950 τε

240 1998 368 2078 καὶ
423 1998 812 2093 ὀμοουσίου
865 1996 1200 2103 Τριάδος,
1253 2000 1372 2079 καὶ
1426 1997 1603 2103 ὅπερ
1658 1997 1748 2079 ἂν
1796 1998 2072 2101 γένοιτο
2124 2001 2255 2076 τοῦ
2302 1998 2504 2090 Υἱοῦ,
2550 1999 2643 2098 τῇ

241 2127 381 2201 τοῦ
417 2126 601 2201 Υἶοῦ
645 2126 764 2201 καὶ
803 2122 1094 2225 Πατρὸς
1145 2123 1593 2204 ὑποκείσεται
1645 2120 1845 2230 δόξῃ,
1883 2125 2001 2202 καὶ
2046 2117 2291 2217 πάλιν,
2332 2115 2508 2221 ὅπερ
2548 2115 2645 2196 ἂν

123 2275 157 2318 1
170 2270 213 2333 5
246 2246 677 2327 ὑποπίπτειν
717 2247 999 2348 λέγεται
1056 2251 1160 2353 τῷ
1210 2251 1280 2326 Π
1285 2251 1464 2350 ατρὶ,
1510 2247 1769 2328 τούτου
1824 2245 1912 2346 δὴ
1966 2244 2266 2359 πάντως.
2307 2242 2647 2349 κατάρξει

247 2371 373 2449 καὶ
413 2372 455 2447 ὁ
491 2366 688 2453 Υἱός.
771 2368 889 2450 διὰ
936 2370 1081 2473 γάρ
1127 2403 1237 2449 τοι
1286 2369 1498 2451 τοῦτό
1552 2376 1744 2474 φησι
1783 2379 1920 2449 Καὶ
1967 2368 2061 2450 ro}
2094 2368 2238 2473 ἐμὲ.
2272 2368 2512 2450 πάντα,
2545 2365 2647 2447 σαί
2671 2394 2708 2437 0

246 2495 396 2575 ἐστι
438 2501 558 2575 καὶ
597 2492 693 2574 ra
729 2491 830 2574 σᾶ
866 2493 1032 2601 ἐμά·
1092 2491 1276 2573 ὅπου
1322 2492 1466 2597 γὰρ
1518 2492 1812 2601 φύσεως
1861 2494 1905 2593 ἦ
1956 2489 2265 2572 εἶσάπαν
2301 2488 2649 2592 ταυτότης

250 2615 644 2718 διαλάμπει
717 2621 835 2700 καὶ
896 2621 1245 2725 φαίνεται,
1308 2622 1452 2699 ἐκεῖ
1506 2622 1636 2718 τῆς
1701 2616 1909 2724 ἀξίας
1967 2615 2534 2719 ἀπαράλλακτος
2602 2615 2649 2714 ἡ

249 2742 459 2850 δόξα,
495 2744 582 2823 οὐ
633 2742 1167 2846 μεμερισμένως
1221 2743 1328 2823 ἑνί
1374 2775 1445 2824 τι
1498 2747 1645 2822 τῶν
1689 2775 1917 2822 οντων
1966 2743 2382 2821 ἀνατιθεῖσα
2430 2772 2652 2843 τυχον

132 2899 225 2942 20
251 2901 376 2948 και
433 2867 949 2970 παρωθουμένη
1008 2900 1138 2947 τον
1195 2866 1456 2970 ἕτερον,
1514 2864 1690 2945 ἀλλ’
1745 2865 1918 2965 ’ίο-ην
1973 2865 2146 2965 μίαν
2202 2897 2279 2942 τε
2339 2897 2456 2943 και
2519 2861 2653 2962 τὴν

250 2988 479 3091 αὐτὴν
515 2990 649 3091 τὴν
685 2997 781 3076 εἶς
818 2989 1014 3072 ἅπαν
1052 2992 1290 3071 ὁτιοῦν
1325 2991 1738 3071 ἐκτείνουσα
1774 2989 2021 3097 δόξαν.
2084 3022 2125 3067 ο
2161 2987 2306 3091 γὰρ
2341 2992 2486 3067 τῶν
2523 2994 2652 3066 τοῦ

251 3116 439 3196 ἰδίου
478 3113 772 3218 Πατρος
808 3121 1060 3196 θεῖκῶν
1096 3112 1528 3222 ἀξιωμάτων
1560 3113 1927 3197 οὖσιωδῶς
1963 3108 2518 3215 κληρονόμος,”
2469 3145 2654 3214 εχων

249 3237 388 3340 μὲν
446 3238 659 3325 αὐτὸς
715 3239 956 3321 πάντα
1021 3244 1350 3346 φανεῖται
1407 3237 1499 3318 τὰ
1562 3246 1691 3318 τοῦ
1745 3236 2187 3339 γεννήτορος,
2256 3233 2512 3339 ἔχοντα
2577 3233 2655 3312 δὲ

253 3363 473 3471 δείξει
545 3361 785 3444 πάντα
857 3361 950 3444 τὰ
1016 3364 1234 3443 αὐτοῦ
1295 3360 1424 3441 τὸν
1486 3360 1905 3464 γεννήτορα.
2009 3356 2303 3462 θάτερος
2368 3356 2513 3460 γὰρ
2577 3359 2655 3436 ε’ν

138 3515 229 3579 25
256 3488 538 3596 θατέρῳ
593 3493 923 3592 φυσικῶς
974 3487 1443 3592 διαφαίνεται,
1481 3487 1599 3565 καὶ
1656 3482 2043 3583 διαλάμπει
2096 3482 2225 3583 μὲν
2268 3484 2309 3562 ὃ
2353 3479 2529 3566 Υἱὸς
2579 3485 2656 3562 ἐν

259 3614 524 3714 Πατρὶ,
565 3610 826 3712 Πατὴρ
880 3608 957 3690 δὲ
1013 3610 1104 3689 αὖ
1156 3606 1384 3689 πάλιν
1429 3611 1505 3688 ἐν
1548 3612 1653 3714 τῷ
1699 3611 1877 3715 Υὶῷ.
1959 3613 2216 3687 τοῦτον
2271 3605 2416 3709 γὰρ
2470 3605 2654 3705 ἡμᾶς
2682 3622 2728 3691 d

255 3733 391 3817 τὸν
435 3733 708 3839 τρόπον
756 3740 832 3816 αἱ
885 3733 1352 3814 θεόπνευστοι
1404 3731 2120 3835 μεμυσταγωγήκασι
2174 3730 2478 3835 γραφαί·
2539 3727 2658 3809 ὅτε

257 3861 501 3941 τοίνυν
559 3859 635 3938 ἕν
699 3860 859 3939 ἐστι
923 3860 1040 3938 καὶ
1105 3862 1249 3937 τῶν
1313 3854 1743 3963 ἀξιωμάτων
1801 3862 1929 3935 τοῦ
1997 3852 2307 3957 Πατρὸς,
2371 3852 2456 3933 τὸ
2525 3853 2660 3953 τὴν

259 3979 448 4063 κατὰ
510 3980 803 4062 πάντων
865 3980 1051 4086 ἔχειν
1100 3976 1350 4084 ἀρχὴν,
1402 3978 1811 4082 προσέσται
1872 3985 2084 4058 τοῦτο
2143 3981 2262 4058 καὶ
2320 3983 2424 4084 τῷ
2480 3981 2657 4084 Υὶῷ·

143 4149 235 4209 30
257 4103 632 4213 χαρακτὴρ
706 4102 851 4208 γάρ
922 4106 1082 4185 ἐστι
1151 4107 1280 4203 τῆς
1352 4103 1605 4187 οὐσίας
1678 4103 1918 4199 αὐτοῦ,
1994 4097 2465 4199 ἀνομοιότητα
2540 4101 2659 4178 καὶ

255 4226 754 4333 παραλλαγὴν
818 4234 915 4311 εἷς
989 4225 1191 4307 οὐδέν
1247 4258 1319 4305 τι
1391 4223 1477 4305 τὸ
1549 4222 1896 4325 παράπαν
1959 4223 2142 4328 ἔχειν
2203 4220 2651 4325 ἀνεχόμενος.

259 4349 704 4459 δεδοξάσθαι
790 4348 1017 4452 γεμὴν
1097 4351 1174 4429 ἐν
1257 4353 1406 4432 τοῖς
1493 4343 1702 4454 ἅπαξ
1776 4351 2050 4427 δοθεῖσι
2130 4343 2657 4448 διισχυρίσατο,

375 4591 458 4642 14.
496 4569 646 4645 Υῑοῦ]
675 4569 987 4644 Legendum
1018 4569 1104 4641 (ut
1126 4567 1260 4638 vid.)
1290 4569 1442 4622 Θεοῦ.
1801 4565 1887 4622 28.
1924 4565 2007 4621 καὶ
2031 4569 2368 4634 assumptum
2394 4579 2459 4618 ex
2486 4560 2552 4617 E.

1372 4669 1417 4732 4
1444 4668 1481 4712 τ
1512 4665 1550 4713 2
