3238 5158
302 318 436 388 xiii.
469 343 527 389 1.
878 327 991 393 IN
1050 328 1119 394 S.
1167 329 1685 402 JOANNEM.
1777 331 1970 397 LIB.
2016 332 2139 397 IX.
2575 324 2706 393 343

300 486 579 590 ἑαυτὸν,
654 496 773 573 καὶ
848 493 1142 601 μορφὴν
1212 495 1599 605 ἀνεδέξατο
1669 496 1804 596 τὴν
1881 494 2229 597 οἰκετικὴν
2302 498 2344 576 ὃ
2415 491 2708 577 πάντων

304 614 602 718 Κύριος,
658 615 909 725 ἀγάπῃ
965 624 1055 726 τῇ
1103 623 1265 724 περὶ
1320 620 1508 720 ἡμᾶς
1559 623 1994 723 κεκλημένος
2043 627 2140 707 εἰς
2190 628 2427 702 τοῦτο.
2503 623 2700 721 ἀγα·

297 738 535 833 πῆσαις
590 741 831 823 τοίνυν
885 742 1033 830 τους
1094 745 1154 825 ἓν
1208 748 1393 853 τῷδε
1452 753 1546 856 τῷ
1616 748 1857 855 κόσμῳ
1915 748 2265 848 ἠγάπησεν
2323 741 2557 828 αὐτ-οὖς
2618 748 2709 825 εἰς

297 861 513 962 τίλας,
549 866 778 946 καίτοι
821 869 939 947 καὶ
980 865 1123 972 πρὸ
1174 872 1302 970 τῆς
1351 870 1602 973 ἑορτῆς
1653 872 1773 949 καὶ
1829 868 1973 972 πρὸ
2021 877 2151 950 τοῦ
2207 866 2469 974 πάσχα
2523 859 2711 949 εἰδῶς’

237 1003 276 1065 5
303 985 401 1067 ’ὅτι
446 982 633 1083 ἦλθεν
666 993 869 1072 αὐτοῦ
917 994 953 1086 ἦ
1001 990 1141 1100 ἄρα
1182 991 1295 1074 ’ἶνα
1343 995 1629 1104 μεταβῇ
1678 993 1785 1075 Ex*
1809 996 1920 1075 τοῦ
1973 994 2225 1100 κόσμου
2273 990 2495 1075 τούτου
2544 987 2712 1096 πρὶς

303 1110 409 1194 τὶν
445 1113 746 1222 Πατέρα..
819 1123 948 1196 τοῦ
980 1113 1114 1217 μὲν
1150 1115 1293 1220 γὰρ
1341 1115 1443 1218 μὴ
1494 1123 1593 1203 εἷς
1646 1114 1861 1203 τέλος
1908 1117 2429 1221 ἀγαπήσαντος
2476 1112 2589 1215 ἦν,
2622 1109 2710 1191 τὸ

302 1236 639 1339 γενέσθαι
683 1239 815 1337 μὲν
849 1238 1255 1344 ἄνθρωπον,
1289 1239 1391 1341 μὴ
1438 1239 1585 1341 μὴν
1625 1243 1973 1342 ἐθελῆσαι
2024 1245 2141 1322 καὶ
2190 1244 2320 1342 τῆς
2369 1236 2711 1320 ἁπάντων

302 1368 898 1467 προκινδυνεῦσαι
970 1364 1171 1470 ζωῆς,
1234 1368 1404 1448 ἀλλ’
1465 1366 1819 1471 ἠγάπησεν
1890 1377 1982 1456 εἷς
2048 1366 2261 1468 τίλας,
2312 1370 2430 1449 καὶ
2495 1374 2708 1447 τοῦτο
2733 1391 2771 1434 θ

302 1494 561 1570 παθεῖν
597 1491 682 1570 οὐ
714 1489 1366 1593 παραιτησάμενος,
1403 1492 1637 1573 καίτοι
1670 1492 2020 1596 προειδὼς
2057 1493 2169 1574 ὅτι
2202 1493 2554 1574 πείσεται.
2625 1492 2710 1569 οὐ

202 1650 284 1691 10
302 1610 451 1718 γὰρ
513 1613 843 1695 ἄποπτον
898 1611 990 1715 ἦν
1042 1620 1148 1724 τῷ
1212 1619 1498 1720 Σωτῆρι
1565 1614 1652 1696 τὸ
1716 1613 1973 1702 πάθος.
2071 1614 2239 1725 ε’ξὸν
2293 1615 2440 1714 οὖν,
2497 1619 2711 1721 φησὶ,

304 1740 671 1841 διαδρᾶναι
725 1746 872 1819 τῶν
905 1739 1270 1822 Ἰουδαίων
1316 1738 1447 1825 τὰς
1500 1740 1879 1844 παροινίας
1927 1745 2046 1822 καὶ
2099 1738 2234 1837 τὴν
2279 1745 2427 1820 τῶν
2474 1770 2705 1818 σταυ-

302 1861 624 1966 ρούντων
677 1860 1131 1965 ἀνοσιότητα,
1181 1861 1630 1965 τελεωτάτην
1689 1863 2099 1972 ἐπεδείξατο
2153 1860 2287 1965 τὴν
2340 1860 2716 1968 ἀγάπησιν

306 1982 440 2087 τὴν
473 1991 572 2072 εἶς
605 1984 757 2073 τους
800 1982 1001 2074 ἰδίους
1049 1986 1201 2074 τοὶς
1251 1987 1464 2072 ὄντας
1517 1990 1578 2070 ἐν
1615 1996 1713 2099 τῷ
1753 1990 2009 2099 κόσμῳ,
2043 1985 2522 2095 παρῃτήσατο
2569 1983 2714 2088 γὰρ

306 2110 637 2210 οὐδαμῶς
687 2107 771 2192 τὸ
817 2117 934 2191 καὶ
971 2115 1099 2212 τῆς
1136 2110 1479 2194 ἁπάντων
1516 2114 1986 2216 ὑπερτεθῆναι
2024 2112 2226 2216 ζωῆς.
2302 2110 2413 2191 ὅτι
2453 2107 2599 2214 γὰρ
2639 2110 2716 2189 ἐν
2782 2205 2793 2211 .

203 2258 282 2319 15
305 2233 539 2343 τούτῳ
572 2235 904 2333 μάλιστα
937 2234 1382 2317 τελεώτατόν
1419 2240 1579 2318 ἐστι
1617 2241 1749 2338 τῆς
1782 2236 2073 2341 ἀγάπης
2109 2234 2196 2318 τὸ
2231 2235 2494 2340 μέτρον
2521 2236 2711 2331 ἰδεῖν,

307 2356 525 2440 αὐτὸν
559 2360 895 2463 παροίσω
942 2357 1274 2464 μάρτυρα
1321 2359 1453 2441 τὸν
1492 2348 1770 2466 Κύριον
1818 2361 2021 2461 ἡμῶν
2053 2362 2349 2462 Ἰησοῦν
2383 2356 2717 2464 Χριστὸν

307 2488 458 2568 τοῖς
494 2483 719 2589 ἁγίοις
756 2483 1070 2589 λε’γοντα
1105 2491 1460 2587 μαθηταῖς
1498 2496 1544 2533 “
1568 2487 1772 2587 Αὕτη
1816 2486 2018 2566 ἐστὶν
2054 2485 2101 2586 ἡ
2153 2482 2412 2585 ἐντολὴ
2462 2482 2506 2584 ἡ
2558 2480 2713 2583 ε’μὴ,
2738 2512 2774 2551 a
2812 2498 2946 2555 720
2967 2495 3046 2551 Δ-

308 2616 357 2655 “
389 2606 508 2688 ἵνα
570 2611 897 2712 ἀγαπᾶτε
969 2608 1344 2711 ἀλλήλους
1416 2610 1656 2695 καθὼς
1726 2609 2083 2713 ἠγάπησα
2146 2611 2352 2710 ὑμᾶς.
2432 2605 2715 2709 μείζονα
2805 2572 3052 2702 ξὲᾶιέη

309 2740 358 2778 “
389 2730 536 2837 γὰρ
583 2734 846 2834 ταύτης
894 2732 1187 2837 ἀγάπην
1231 2735 1456 2820 οὐδεὶς
1506 2735 1675 2839 ἔχει,
1713 2735 1832 2816 ἵνα
1880 2768 1989 2819 τις
2036 2731 2169 2836 τὴν
2204 2729 2456 2841 ψυχὴν
2499 2731 2717 2810 αὐτοῦ

205 2890 289 2934 20
313 2867 359 2905 ‘⁶
395 2862 490 2965 θῇ
527 2855 702 2962 ὑπὲρ
737 2864 884 2938 τῶν
920 2859 1163 2967 φίλων
1201 2859 1485 2939 αὖτοῦ.”
1545 2862 1665 2939 καὶ
1706 2860 1873 2940 καθ’
1914 2857 2154 2962 ἕτερον
2190 2856 2268 2937 δὲ
2304 2852 2576 2961 τρόπον
2612 2855 2726 2934 ἀεί

308 3017 465 3067 πως
521 2985 680 3063 ἐστὶ
735 2981 855 3063 διὰ
907 2987 1234 3083 σπουδῆς
1287 2981 1587 3086 γεγονὸς
1643 2989 1800 3067 τοῖς
1854 2983 2084 3085 ἀγίοις
2134 2981 2714 3085 εὐαγγελιοταῖς,

306 3106 690 3211 προειδότα
731 3105 1065 3188 δεικνύειν
1103 3104 1232 3187 τὸν
1268 3113 1397 3186 τοῦ
1432 3102 1717 3190 πάθους
1760 3102 2009 3209 καιρὸν
2044 3103 2173 3185 τὸν
2210 3103 2482 3208 Κύριον
2517 3102 2723 3203 ἡμῶν

305 3230 600 3331 Ἰησοῦν
634 3229 763 3312 τὸν
797 3227 1150 3334 Χριστόν·
1206 3229 1325 3310 ἵνα
1373 3228 1476 3331 μή
1528 3263 1638 3315 τις
1691 3236 1841 3311 τῶν
1884 3226 2324 3336 ἑτεροδοξεῖν
2368 3225 2724 3307 εἰωθότων

310 3359 440 3456 τῆς
475 3355 667 3440 θείας
704 3355 922 3435 αὐτοῦ
957 3350 1175 3462 δόξης
1224 3355 1767 3458 κατεπαίρηται,
1805 3352 2068 3456 λέγων,
2106 3355 2203 3437 ὡς
2250 3352 2410 3453 ἥλω
2460 3349 2595 3451 μὲν
2633 3347 2720 3431 δι’

203 3501 288 3564 25
310 3478 711 3577 ἀσθένειαν,
745 3476 1042 3584 βρόχοις
1089 3476 1165 3558 δὲ
1213 3485 1362 3563 τοῖς
1397 3477 1770 3559 Ἰουδαίων
1807 3475 2253 3576 ἀνεθελήτως
2287 3474 2722 3579 περιπεσὼν,

311 3601 442 3684 τὸν
477 3605 665 3684 οὕτω
700 3599 1073 3684 πάνδεινον
1110 3601 1389 3703 ὑπέστη
1426 3602 1770 3685 θάνατον.
1851 3598 2296 3701 οἱκονομικός
2342 3607 2724 3704 τοιγαροῦν
2745 3605 2789 3672 b

312 3727 435 3808 καὶ
470 3726 838 3835 ὠφέλιμος
872 3732 1019 3807 τῶν
1055 3726 1284 3831 ἀγίων
1319 3726 1361 3805 ὃ
1399 3721 1653 3828 λόγος.

390 3975 444 4015 2.
477 3958 758 4027 κεκλημένη
785 3955 913 4044 (eje)
941 3956 1007 4013 Ε.
1285 3973 1339 4027 3.
1374 3955 1561 4011 αὐτοὺς
1584 3972 1685 4027 pro
1711 3954 1832 4011 τοὺς
1856 3954 1924 4010 Ε.
2203 3967 2286 4007 12.
2323 3952 2653 4021 τελεωτάτην
2710 3992 2725 4008 .

319 4047 407 4098 14.
440 4026 807 4169 {meprfflr‘pvqtg
829 4051 905 4083 ισ.
930 4026 1295 4099 ὑπερτεθνᾶναι
1319 4025 1471 4109 Αῑιῑ).
1490 4044 1605 4150 unffi
2087 4024 2172 4078 18.
2209 4021 2480 4095 ἧγόπησεν
2504 4024 2629 4094 (εἰσ)
2660 3971 2723 4079 ἔ.

313 4117 404 4157 22.
439 4097 656 4155 δεικνύει
683 4100 782 4170 (mc
833 4097 900 4154 E.
1113 4114 1200 4166 24.
1237 4096 1379 4152 ὅυλω
1404 4096 1529 4167 (mc)
1609 4136 1624 4151 .
