3238 5158
646 312 777 378 670
1256 314 1332 377 Β.
1381 312 1810 379 CYRILLI
1869 310 2453 377 ALEXANDR.
2822 306 3062 382 xvii.3·

644 480 761 556 καὶ
814 484 942 557 τοῦ
995 477 1250 580 Ἀγίου
1301 477 1744 576 Πνεύματος·
1829 478 1873 578 ἡ
1928 476 2154 579 μονὰς
2203 476 2349 580 γὰρ
2401 477 2626 557 οὕτως
2683 473 2764 552 ἐν
2803 470 3064 574 Τριάδι

644 607 905 681 νοεῖται
960 603 1076 682 καὶ
1131 602 1536 683 πιστεύεται
1592 600 1777 682 κατὰ
1828 599 1958 685 τὰς
1992 600 2308 709 γραφάς.
2375 600 2712 680 Ἰουδαῖοι
2745 594 2892 695 μὲν
2927 592 3066 696 γὰρ

641 729 800 807 ταῖς
853 720 971 803 διὰ
1019 725 1393 810 Μωυσέως
1450 726 1774 810 ἐντολαῖς
1826 723 2012 830 πρὸς
2061 723 2479 805 ἀπόστασιν
2532 718 3066 822 ποδηγούμενα

643 852 789 926 τῶν
815 853 1122 928 πολλῶν
1147 882 1226 929 τε
1264 853 1383 929 καὶ
1418 847 1931 956 ψευδωνύμων,
1954 845 2388 953 προσῄεσάν
2422 880 2499 926 τε
2535 847 2658 926 καὶ
2693 840 3066 945 λατρευω

306 966 559 1091 ffissf‘h
644 971 1100 1141 {v‘w'eww
1146 978 1251 1080 τῷ
1292 971 1493 1079 μόνφ
1543 975 1662 1052 καὶ
1697 973 2046 1080 ἀληθινῷ·
2114 983 2159 1021 “
2190 969 2459 1075 Κύρων
2500 1002 2651 1071 ⁷²⁹
2700 1002 2842 1048 ⁷⁰⁹
2881 965 3064 1046 3⁶⁶⁹
3081 1003 3109 1061 ⁵

309 1099 516 1229 2331*-
647 1102 866 1173 “σου
913 1093 1467 1196 προσκυνήσεις,
1509 1097 1550 1175 5
1590 1093 1803 1193 νόμος
1848 1099 2061 1201 φησὶ,
2098 1096 2216 1175 καὶ
2267 1095 2459 1201 αὐτῷ
2500 1092 2705 1200 μόνῳ
2747 1089 3056 1193 λατρευ·

648 1224 905 1300 “.σεις
909 1218 948 1244 ”
1024 1218 1195 1299 ἀλλ’
1253 1224 1321 1298 οἳ
1383 1225 1486 1325 τῷ
1547 1216 1746 1327 μόνῳ
1799 1221 1919 1299 καὶ
1980 1220 2303 1325 ἀληθινῷ
2363 1211 2938 1318 λελατρευκότες
2988 1247 3058 1292 τε

578 1340 624 1406 b
646 1339 784 1441 ηδη
819 1343 937 1421 καὶ
970 1344 1494 1443 προσκείμενοι,
1533 1345 1630 1426 ὡς
1671 1343 1871 1423 οὔπω
1917 1343 2197 1422 τελείαν
2233 1340 2516 1446 ἔχοντες
2549 1344 2691 1418 τοῦ
2733 1372 3058 1440 προσκυ-

647 1464 987 1562 νουμένου
1039 1463 1173 1566 τὴν
1220 1472 1517 1566 γνῶσιν,
1569 1464 1688 1545 διὰ
1740 1473 1888 1545 τῶν
1918 1474 2050 1546 τοῦ
2086 1468 2423 1567 Σωτῆρος·
2477 1464 2684 1563 ἡμῶν
2719 1462 3058 1566 ῥημάτων

647 1598 1035 1670 καλοῦνται
1080 1596 1232 1670 νυνὶ
1274 1587 1459 1694 πρὸς
1502 1587 1747 1690 αὐτὴν,
1783 1589 1919 1695 οὐχ
1954 1587 2066 1669 ὅτι
2099 1587 2340 1687 μόνος,
2376 1585 2473 1671 εἷς
2505 1620 2586 1666 τε
2622 1588 2745 1667 καὶ
2785 1585 3060 1685 ἀληθὴς
3080 1628 3138 1669 10

649 1714 689 1792 5
737 1709 1028 1794 πάντων
1077 1711 1504 1815 δημιουργὸς
1549 1711 2055 1813 μανθάνοντες,
2103 1711 2274 1791 ἀλλ’
2313 1710 2425 1791 ὅτι
2471 1712 2591 1791 καὶ
2631 1711 2912 1815 Πατὴρ
2953 1714 3060 1790 καὶ

646 1836 807 1916 τίνα
848 1835 1242 1939 γεγέννηκε,
1279 1843 1571 1935 μᾶλλον
1607 1835 1685 1917 δὲ
1733 1836 1872 1939 ἤδη
1914 1839 2032 1916 καὶ
2076 1838 2388 1940 ἀκριβῶς
2442 1833 2664 1915 αὐτὸν
2699 1836 2782 1914 ἐν
2821 1839 3052 1938 obrup-

647 1961 994 2068 αλλάκτῳ
1032 1959 1523 2065 θεωρήσαντες
1558 1959 1790 2058 εἰκόνι,
1827 1959 2176 2058 τουτέστι,
2213 1965 2317 2067 τῷ
2345 1964 2524 2068 Υὶῷ.
2590 1957 2716 2038 διὰ
2749 1958 2912 2062 γὰρ
2941 1968 3060 2040 τοῦ

646 2092 1095 2192 χαρακτῆρος
1130 2087 1223 2167 ἴοι
1261 2122 1367 2174 τις
1404 2086 1493 2169 ἂν
1529 2091 1647 2169 καὶ
1680 2093 1883 2187 μα’λα
1927 2087 2184 2194 ῥᾳδίως
2227 2088 2345 2168 ἐπὶ
2394 2084 2527 2187 τὴν
2562 2092 2713 2166 τῶν
2757 2087 3061 2193 ἀρχετύ-

643 2244 804 2290 πων
840 2212 1198 2318 ἀκραιφνῆ
1235 2212 1553 2316 θεωρίαν.
1617 2209 2146 2314 ἀναγκαιότατα
2187 2211 2426 2290 τοίνυν
2461 2212 2502 2290 5
2543 2209 2825 2314 Κύριος
2865 2214 3060 2313 ἡμῶν
3085 2253 3137 2310 15

585 2362 623 2407 ο
643 2334 932 2434 Ἰησοῦς
969 2335 1009 2414 5
1047 2334 1374 2437 Χριστὸς
1415 2334 1582 2420 τοὺς
1627 2330 1746 2414 ’διὰ
1793 2335 2111 2418 πίστεως
2155 2333 2627 2434 κεκλημένους
2684 2339 2791 2419 εἰς
2829 2340 3056 2418 υἱοθε·

644 2461 819 2540 σίαν
871 2493 987 2539 και
1041 2458 1227 2563 ζωὴν
1289 2458 1598 2551 αἶωνιον,
1655 2460 1739 2539 οὐ
1799 2459 2021 2558 μόνον
2085 2457 2227 2565 ἔφη
2285 2462 2546 2563 χρῆναι
2605 2461 3060 2558 μαθεῖν,ὅτι

643 2587 858 2690 μόνος
913 2590 1071 2669 ε’στι
1125 2591 1243 2669 καὶ
1294 2585 1638 2688 ἀληθινὸς
1686 2589 1727 2668 5
1774 2587 1981 2686 Θεὸς,
2026 2587 2199 2667 ἀλλ’
2246 2621 2359 2666 οτι
2407 2590 2525 2667 καὶ
2581 2586 3060 2693 Πατὴρ,και

643 2713 835 2797 τίνος
879 2714 1038 2793 ἐστι
1075 2711 1355 2814 Πατὴρ,
1392 2719 1521 2792 τοῦ
1570 2712 1656 2791 δι’
1697 2711 1885 2811 ἡμᾶς
1932 2709 2271 2811 δηλονότι
2322 2743 2598 2813 σαρκος
2647 2712 3058 2814 γεγονότος,

644 2833 1192 2936 ἀπεσταλμένον
1263 2869 1342 2915 τε
1413 2833 1596 2938 πρὸς
1679 2833 2177 2936 επανόρθωσιν
2247 2838 2377 2933 τῆς
2460 2837 3060 2944 κατεφθαρμένης
3079 2876 3132 2915 20
3183 2918 3184 2925 χ

645 2960 937 3068 φύσεως
972 2963 1290 3062 λογικῆς,
1325 2957 1656 3040 τουτέστι
1692 2962 1818 3060 τῆς
1855 2957 2427 3063 ἀνθρωπότητος.
3183 2954 3184 2979 ³
