3238 5158
263 882 428 960 Sgpra

262 964 349 997 vn.
379 956 457 1010 η.

542 1530 579 1574 Θ

268 1732 433 1811 Sgpra

265 1798 352 1913 ζὲ.
382 1811 459 1862 '⁵’

274 2760 493 2817 621A.
548 2775 586 2815 a

540 3723 585 3790 b

597 348 725 411 184
1187 347 1264 411 B.
1314 346 1733 412 CYRILLI
1792 346 2376 412 ALEXANDR.
2772 342 2858 407 ix.
2888 356 2996 423 27.

595 513 713 590 καὶ
749 512 1133 614 ὁμολογεῖν
1168 514 1263 596 ὦς
1303 512 1710 607 βούλεσθαι
1746 511 1864 592 διὰ
1897 511 2307 608 βασκανίαν
2341 514 2459 591 καὶ
2493 508 2794 620 φθόνον.
2882 509 2996 589 ὅτι

596 632 673 713 δὲ
741 632 1004 734 ἀληθὲς
1079 638 1195 715 καὶ
1272 634 1485 716 τοῦτό
1556 639 1786 733 ἐστιν,
1865 635 1955 743 ἐξ
2020 636 2258 716 αὐτῶν
2331 634 2774 741 ἐπιδείξομεν
2845 639 2995 712 τῶν

596 757 1080 859 εὐαγγελικῶν
1117 759 1586 863 γραμμάτων.
1669 759 1882 845 αὐτος
1916 758 2060 863 γάρ
2107 794 2251 840 που
2301 760 2604 864 φησὶν
2572 793 2612 838 ο
2646 753 2995 859 μακάριος

594 878 950 980 Ἰωάννης,
1003 885 1101 967 ὡς
1155 881 1467 984 εἱστήκει
1513 881 1643 981 μὲν
1679 884 2130 964 διδάσκων
2097 919 2138 964 ο
2187 886 2477 983 Ἰησοῦς
2523 885 2601 962 ἐν
2643 881 2838 989 αὐτῷ
2889 882 2995 986 τῷ

599 1007 767 1113 ναῷ,
823 1008 942 1084 καὶ
1010 1040 1156 1086 οσα
1219 1041 1349 1086 τον
1406 1004 1628 1106 νόμον
1682 1005 1907 1087 ἐδόκει
1966 1014 2222 1088 λυπεῖν
2275 1006 2460 1086 κατά
2516 1040 2602 1110 γε
2661 1003 2797 1104 τὴν
2846 1010 2994 1084 τῶν
3020 1029 3061 1090 5

597 1129 1068 1231 ἀκροωμένων
1106 1130 1442 1211 ὑπόνοιαν
1477 1131 1972 1241 ἐξηγούμενος.
2049 1130 2251 1211 οὐδὲν
2288 1129 2365 1210 δὲ
2412 1129 2497 1210 τὸ
2545 1125 2891 1232 παράπαν
2925 1133 2995 1208 οἱ

597 1258 745 1332 τῶν
781 1253 1148 1333 Ἰουδαίων
1196 1254 1575 1357 ἡγούμενοι
1633 1252 2071 1355 κινήσαντες,
2117 1257 2285 1335 ἀλλ’
2326 1253 2486 1334 οὐδὲ
2543 1253 2724 1333 ὅσον
2778 1257 2997 1332 εἰπεῖν

598 1375 1242 1477 ἀποτολμήσαντες
1298 1382 1536 1484 φῆσαι
1594 1377 1821 1481 λόγον
1846 1376 1952 1459 Ὠ
1989 1381 2260 1475 οὑτοσὶ,
2305 1386 2584 1459 παῦσαι
2629 1376 2995 1457 διδάσκων

600 1499 694 1581 τὰ
727 1508 878 1586 τοῖς
911 1501 1143 1582 πάλαι
1183 1500 1425 1601 νόμοις
1459 1499 1854 1609 ἀπᾴδοντα,
1882 1505 1958 1582 ἐν
1995 1505 2292 1610 ὑπονοίᾳ
2321 1500 2524 1605 παρὰ
2557 1509 2706 1586 τοῖς
2742 1499 2995 1606 ὄχλοις

600 1624 922 1726 ἐγίνοντο
976 1633 1067 1731 τῇ
1122 1628 1240 1707 καὶ
1296 1627 1555 1730 ἀρτίως
1604 1626 1774 1726 ἡμῖν
1816 1628 2169 1733 εἰρημένῃ.
2240 1630 2360 1707 καὶ
2406 1634 2584 1729 γοῦν
2621 1623 2811 1706 καθὰ
2860 1623 2989 1725 γε’·-
3025 1656 3107 1699 ιο

601 1781 922 1852 γραπται
987 1759 1031 1841 ‘.‘
1052 1746 1378 1851 Ἔλεγόν
1433 1784 1615 1834 τινες
1687 1758 1835 1831 τῶν
1888 1752 2489 1855 Ἱεροσολυμιτῶν
2548 1750 2715 1854 Οὐχ
2788 1746 2996 1832 οὗτός

603 1881 648 1919 “
682 1874 883 1952 ἐστιν
942 1870 1025 1952 ὃν
1080 1872 1416 1975 ζητοῦσιν
1471 1876 1926 1972 ἀποκτεῖναι3
2006 1876 2107 1956 ’ίδε
2161 1875 2534 1981 παῤῥησίᾳ
2588 1881 2821 1971 λαλεῖ,
2876 1876 2996 1953 καὶ

603 2003 649 2041 “
686 1994 890 2074 οὐδὲν
946 1997 1140 2104 αὐτῷ
1212 1996 1541 2100 λέγουσι·
1629 1997 1906 2098 μήποτε
1970 1999 2304 2101 ἔγνωσαν
2357 2003 2425 2079 οὶ
2484 1997 2824 2102 ἄρχοντες
2884 1996 2999 2076 ὅτι

603 2129 647 2166 “
686 2118 893 2203 οὗτός
957 2122 1161 2200 ἐστιν
1225 2122 1264 2199 ὀ
1329 2120 1655 2225 Χριστός
1685 2121 1754 2221 ;”
1820 2126 2202 2227 μονονουχὶ
2263 2121 2409 2226 γάρ
2472 2128 2706 2229 φησιν
2771 2122 2997 2205 οὕτως

590 2241 895 2321 ’Ίσασιν
949 2247 1018 2323 οἱ
1074 2244 1636 2347 καθηγήσασθαι
1692 2245 2038 2352 λαχόντες·
2093 2251 2192 2331 ὡς
2245 2244 2457 2330 αὐτὸς
2515 2244 2739 2329 ὄντως
2795 2247 2997 2324 ἐστὶν
3030 2275 3108 2334 15

606 2367 647 2444 ὁ
722 2365 1075 2469 Χριστός·
1182 2369 1334 2448 ἰδοὺ
1404 2369 1630 2449 καίτοι
1707 2376 1942 2476 φονᾶν
2014 2368 2449 2473 νομιζόμενοι
2522 2370 2672 2449 κατ’
2741 2369 2992 2466 αὐτοῦ,

607 2498 956 2571 λαλοῦντι
1019 2490 1197 2592 μετὰ
1262 2498 1549 2593 πολλῆς
1612 2493 1803 2597 ἄγαν
1856 2498 1984 2594 τῆς
2035 2492 2467 2600 παῤῥησίας,
2527 2490 2689 2573 οὐδὲ
2746 2498 2999 2600 ψιλοῖς

606 2614 1138 2717 ἐπισκήπτουσι
1175 2615 1444 2718 λόγοις.
1509 2617 1839 2719 τοιαύτης
1873 2628 2254 2722 τοιγαροῦν
2291 2617 2622 2701 ὑπονοίας
2655 2621 3001 2720 διεσπαρ-

606 2739 822 2840 μένης
877 2739 1016 2821 ἀνὰ
1068 2748 1324 2821 πᾶσαν
1376 2740 1509 2842 τὴν
1551 2741 2054 2845 Ἰερουσαλὴμ,
2112 2740 2490 2849 ἐξεπύθετό
2545 2774 2721 2822 ποτε
2776 2743 2896 2820 καὶ
2957 2741 3000 2819 ὁ

604 2862 908 2970 τυφλὸς,
947 2868 1063 2944 καὶ
1111 2862 1297 2971 εἶχεν
1330 2867 1407 2945 ἐν
1444 2868 1584 2945 ὠσὶ
1640 2863 1769 2946 τὸν
1802 2868 1917 2946 ἐπὶ
1963 2864 2240 2950 τούτοις
2291 2862 2537 2968 λόγον.
2617 2866 3003 2970 χαριέντως
3030 2895 3113 2937 20

606 2988 734 3068 οὖν
778 2988 922 3092 ἄρα
967 2987 1238 3092 τρόπον
1280 2987 1442 3069 τινὰ
1494 2988 1890 3095 διελέγχων
1926 2989 2157 3095 φησίν
2180 2985 2380 3092 Ἀρά
2428 3022 2519 3088 με
2564 2987 2801 3089 μάτην
2833 2984 3003 3071 τοὺς

605 3111 859 3196 αὐτοὺς
898 3111 1507 3216 ἀναμηρύσασθαι
1542 3114 1826 3215 λόγους,
1856 3115 1971 3193 καὶ
2006 3116 2337 3212 ἀνυμνεῖν
2366 3110 2452 3193 τὸ
2490 3118 2731 3212 θαῦμα
2764 3144 3004 3215 προσ-

604 3233 924 3333 τάττετε,
984 3235 1030 3336 ἢ
1093 3233 1391 3343 σφόδρα
1455 3241 1818 3318 ποιεῖσθαι
1881 3234 2014 3336 τὴν
2076 3234 2240 3316 καθ’
2297 3235 2559 3336 ἡδονὴν
2620 3234 2999 3342 ἐξήγησιν,

606 3359 962 3462 διψῶντες
1016 3356 1148 3456 μὲν
1203 3358 1341 3459 ἤδη
1404 3357 1538 3459 τὴν
1594 3362 1710 3441 υπ’
1767 3361 1962 3467 αὐτῷ
2016 3360 2428 3459 μαθητείαν,
2484 3360 2860 3459 ἀλλήλους
2924 3358 3005 3439 δὲ

604 3479 1284 3577 ἐπιδυσωπούμενοι,
1359 3485 1476 3562 καὶ
1563 3482 1965 3589 ἀχάριστον
2045 3490 2528 3586 προτιμῶντες
2612 3481 2786 3563 αἰδὲ
2874 3486 3005 3581 τῆς
3034 3514 3118 3574 25

607 3603 831 3685 οὕτως
886 3602 1340 3709 ἀξιαγάστου
1391 3639 1782 3708 γνωσεως·
1762 3668 1783 3704 ,

684 3844 731 3883 1.
770 3829 839 3886 ὥς
872 3831 1081 3887 restitui
1114 3850 1180 3887 ex
1217 3831 1286 3888 B.
1315 3831 1497 3893 Holst.
1570 3835 1773 3890 Deesse
1807 3834 2021 3891 videtur
2053 3835 2217 3891 ἔοικεν
2247 3836 2332 3890 vel
2367 3836 2517 3892 εῖκὸς.
2569 3837 2632 3890 οὗ
2660 3837 2830 3904 Aah„
2855 3855 2914 3893 σο
2948 3839 3011 3894 in

606 3900 916 3987 apographo
941 3919 1041 3957 suo
1065 3903 1106 3957 ὦ
1128 3904 1325 4028 legere
1327 3903 1609 3960 adnotans.
1675 3905 1865 3960 Statim
1888 3906 2183 3971 βούλεσθαι
2206 3907 2403 3961 retinui
2427 3924 2491 3961 ex
2517 3906 2888 3964 emendatione
2906 3907 3008 3964 Ht.

604 3919 873 4038 βούλησθε
903 3971 969 4026 Β.
1270 3975 1454 4030 οὑτοσὶ
1476 3975 1637 4031 edidi.
1662 3975 1866 4045 οὗτοςῆ
1894 3976 1999 4031 Ed.
2219 3993 2302 4045 14.
2340 3977 2501 4035 οὕτως
2526 3977 2776 4032 emendat
2804 3979 3007 4064 Heyoe.

604 3991 774 4096 οὗτοι-η
783 4039 850 4096 Β.
875 4041 979 4097 Ed.
1178 4059 1282 4155 17.
1300 4048 1546 4102 λαλοῦντι
1573 4046 1641 4104 Β.
1665 4049 1950 4105 λαλοῦντες
1975 4045 2075 4104 Ht.
2102 4046 2205 4103 Ed.
2404 4064 2491 4119 ²3·
2525 4048 2762 4104 ποιεῖσθε
2788 4050 3011 4122 conjicit

612 4157 810 4231 Herse·
904 4162 998 4232 τὴν
1020 4161 1280 4237 1006]ss
1305 4164 1371 4220 Β·
