3238 5158
261 368 374 411 xn
401 361 507 429 27,
533 343 637 414 28.
702 341 811 412 IN
857 346 925 412 S.
959 341 1222 412 JOAN.
1312 341 1489 408 LIB.
1510 341 1712 407 VIII.
1802 340 2393 407 FRAGMENTA.
2540 339 2671 405 317

203 519 216 529 ’
260 511 736 616 ἀνεκομίζετο·
815 514 894 595 ἐν
948 514 1143 621 αὐτῷ
1199 511 1278 594 δὲ
1328 516 1448 593 καὶ
1501 511 1594 594 τὰ
1652 510 1832 616 ὑπὲρ
1888 512 2119 618 φύσιν
2170 509 2671 617 ἐκερδοῖναμεν.

262 632 383 716 διὰ
417 635 564 740 γὰρ
598 644 815 718 τοῦτο
851 641 969 718 καὶ
1022 637 1346 741 δεύτερος
1381 635 1628 739 Ἀδὰμ
1675 635 2233 739 κατωνόμασται
2278 632 2479 740 παρὰ
2520 642 2676 722 ταῖς
2773 644 2922 775 ῑξῡῐ·
2910 662 3018 697 ··“

262 762 484 845 θείαις
559 767 900 871 γραφαῖς.
1013 760 1268 866 ὥσπερ
1340 760 1417 844 δὲ
1499 764 1596 847 ὡς
1676 761 2059 867 ἅνθρωπος
2138 762 2473 843 ἐπείνασε
2559 760 2677 841 καὶ
2766 726 2804 777 ⁴

263 884 671 984 ἐκοπίασεν,
727 888 916 967 οὕτω
972 888 1090 967 καὶ
1145 883 1275 967 τὸν
1329 888 1409 967 ἐκ
1463 893 1594 968 τοῦ
1648 884 1928 971 πάθους
1987 887 2267 992 δέχεται
2324 886 2674 990 θόρυβον,
2705 905 2750 972 b

199 1030 239 1092 5
267 1011 366 1096 ὡς
401 1011 876 1113 ἀνθρώπινον.
952 1008 1380 1116 ταράττεται
1431 1007 1508 1091 δὲ
1558 1012 1697 1117 οὐχ
1741 1007 1992 1117 ὥσπερ
2028 1009 2250 1111 ἡμεῖς,
2286 1010 2457 1091 ἀλλ’
2498 1008 2682 1090 ὅσον

266 1137 367 1220 εἰς
413 1134 767 1235 αἴσθησιν
801 1133 1028 1236 μόνον
1066 1136 1537 1241 ὑπενεχθῆναι
1585 1142 1717 1215 τοῦ
1762 1132 2213 1239 πράγματος,
2252 1129 2406 1214 εἶτα
2454 1131 2684 1214 πάλιν

267 1257 476 1343 εὐθὺς
537 1262 639 1343 εὶς
699 1256 835 1360 τὴν
897 1262 1128 1365 ἐαυτῷ
1201 1257 1631 1363 πρέπουσαν
1690 1258 2082 1359 εὐτολμίαν
2140 1260 2503 1365 ἀναπηδᾷ.
2601 1258 2683 1337 ἐκ

265 1381 545 1463 τούτων
581 1385 810 1482 δῆλον
853 1381 965 1463 ὅτι
1016 1386 1136 1463 καὶ
1183 1380 1441 1490 ψυχὴν
1481 1378 1628 1488 εἶχε
1677 1381 2007 1487 λογικήν.
2087 1380 2341 1484 ὥσπερ
2395 1378 2542 1485 γὰρ
2594 1378 2683 1461 τὸ

265 1509 607 1606 πεινῆσαι
657 1542 690 1586 τ
703 1503 881 1612 υχόν
924 1505 1153 1609 ἤγουν
1200 1506 1421 1616 ἑτέρῳ
1471 1510 1610 1588 τινὶ
1655 1512 1802 1588 τῶν
1851 1505 2197 1588 τοιούτων
2243 1511 2680 1609 περιπεσεῖν,

164 1665 244 1706 10
269 1629 451 1710 ἴδιον
477 1636 605 1730 τῆς
643 1629 922 1734 σαρκὸς
957 1630 1213 1731 πάθος,
1236 1633 1423 1713 οὕτω
1452 1634 1573 1712 καὶ
1603 1629 1689 1712 τὸ
1724 1629 2211 1735 ταράττεσθαι
2247 1629 2364 1711 διὰ
2398 1627 2683 1730 μνήμης

268 1757 400 1854 τῆς
435 1760 581 1836 τῶν
618 1758 889 1854 δεινῶν,
917 1759 1170 1862 ψυχῆς
1206 1753 1299 1838 ἂν
1336 1754 1443 1858 εἴη
1472 1754 1707 1840 πάθος
1744 1760 1874 1857 τῆς
1911 1750 2307 1862 λογικῆς,ᾗ
2343 1757 2461 1836 καὶ
2494 1753 2681 1861 μόνῃ
2704 1793 2744 1838 ο

270 1879 443 1980 ἡμῖν
489 1877 609 1960 διὰ
659 1885 807 1960 τῶν
857 1877 1326 1981 ἐνθυμήσεων
1368 1882 1894 1984 ε’πεισκρίνεται
1946 1879 2215 1982 μνήμη.
2286 1881 2486 1961 οὔπω
2534 1876 2685 1984 γὰρ

270 2004 349 2083 ἐν
383 2002 580 2112 αὐτῷ
625 2008 729 2112 τῷ
777 2010 1078 2112 σταυρῷ
1128 2001 1444 2108 γεγονὼς
1500 2006 1542 2085 ὁ
1586 2003 1942 2108 Χριστὸς,
1982 2003 2319 2110 πρόωρον
2356 2004 2688 2105 ὑπομένει

271 2126 402 2208 τὸν
450 2126 786 2231 θόρυβον,
832 2126 1495 2234 προαναθεωρῆσας
1543 2128 1887 2230 δηλονότι
1932 2127 2021 2210 τὸ
2071 2129 2372 2228 μέλλον,
2419 2131 2538 2210 καὶ
2584 2139 2693 2235 τῷ

169 2285 248 2345 15
273 2257 618 2360 λογισμῷ
674 2251 860 2357 πρὸς
917 2251 1053 2353 τὴν
1106 2259 1255 2334 τῶν
1308 2256 1679 2354 ἐσομένων
1731 2252 2024 2356 μνήμην
2082 2253 2510 2360 ὑπενεχθείς.
2602 2249 2692 2333 τὸ

273 2374 420 2480 γὰρ
453 2380 585 2477 τῆς
623 2378 891 2463 δειλίας
924 2375 1180 2477 πάθος,
1217 2380 1379 2458 οὔτε
1416 2382 1545 2479 τῆς
1594 2380 1920 2464 ἀπαθοῦς
1964 2378 2282 2477 εἴποιμεν
2317 2377 2684 2479 θεότητος,

275 2501 440 2583 οὔτε
492 2499 639 2604 μὴν
693 2505 822 2603 τῆς
875 2500 1176 2606 σαρκός·
1258 2508 1648 2606 λογισμῶν
1698 2503 1842 2608 γὰρ
1897 2504 2059 2586 ἔστι
2112 2506 2383 2612 ψυχῆς,
2432 2504 2550 2583 καὶ
2607 2501 2692 2581 οῦ

276 2623 552 2729 σαρκὸς
601 2624 689 2709 τὸ
735 2626 995 2713 πάθος.
1075 2634 1138 2708 εἰ
1193 2626 1270 2709 δὲ
1327 2632 1447 2709 καὶ
1496 2630 1582 2710 τὸ
1634 2629 1914 2733 ἄλογον
1955 2626 2124 2734 ἕχον
2166 2625 2422 2734 ψυχὴν
2468 2631 2686 2731 θορυ·

277 2758 512 2847 βεῖται
548 2754 667 2832 καὶ
704 2749 1147 2853 ταράττεται,
1184 2753 1360 2832 ἀλλ’
1402 2755 1486 2833 οὐ
1522 2750 1643 2833 διὰ
1680 2751 1987 2855 μνήμης,
2024 2749 2189 2833 οὐδὲ
2224 2756 2570 2858 λογισμῷ
2604 2748 2692 2829 τὸ

170 2911 256 2955 2ο
280 2872 630 2974 ἐσόμενον
682 2885 1296 2980 προανασκοποῦν
1348 2877 1584 2962 πάθος
1649 2878 1767 2959 ἐπὶ
1824 2877 2098 2958 δειλίαν
2154 2875 2457 2980 ἔρχεται,
2514 2875 2685 2955 ἀλλ’
2713 2882 2759 2950 d

281 2998 456 3081 ὅταν
494 3000 733 3084 αὐτοῖς
769 3001 1046 3081 ἁλῶναι
1096 3004 1390 3105 γε’νηται
1440 3009 1593 3087 τοῖς
1642 3005 1903 3099 κακοῖς,
1939 2999 2102 3081 τότε
2153 3006 2283 3079 τοῦ
2330 2997 2693 3100 παρόντος

279 3121 610 3204 κινδύνου
666 3124 1018 3228 συλλέγει
1078 3125 1295 3226 μόλις
1356 3120 1492 3226 τὴν
1546 3125 1918 3226 αἴσθησιν.
2008 3132 2137 3205 νῦν
2192 3123 2268 3205 δὲ
2321 3125 2361 3204 ὃ
2425 3123 2695 3227 Κύριος

279 3253 713 3353 θορυβεῖται,
750 3249 880 3329 οὐκ
928 3248 1019 3357 ἐξ
1060 3247 1163 3329 ὧν
1198 3250 1480 3348 βλέπει,
1518 3251 1691 3331 ἀλλ’
1730 3250 1820 3357 ἐξ
1866 3247 1967 3331 ὧν
1994 3251 2422 3349 ἐνθυμεῖται,
2456 3250 2573 3329 καὶ
2607 3246 2700 3355 ἐξ

280 3371 384 3453 ὧν
440 3377 842 3480 προσδοκᾷ.
938 3375 1110 3454 ἀλλ’
1164 3372 1327 3455 οὐδὲ
1384 3370 1581 3456 εἶπεν
1638 3377 1678 3455 ὁ
1741 3373 2072 3481 Χριστός
2123 3376 2226 3456 Ἡ
2285 3373 2491 3481 σάρξ
2551 3407 2695 3473 μου

167 3539 206 3583 2
215 3532 255 3597 5
281 3495 726 3605 τετάρακται,
770 3499 941 3577 ἀλλ’
990 3501 1026 3593 ἦ
1080 3494 1293 3607 ψυχή
1344 3536 1504 3607 μου,
1552 3497 1687 3599 τὴν
1735 3504 1884 3580 τῶν
1931 3502 2301 3603 αἱρετικῶν
2350 3498 2694 3578 ὑπόνοιαν

278 3620 859 3726 παρωθούμενος.
939 3624 1001 3702 εἰ
1064 3620 1142 3701 δὲ
1207 3625 1325 3703 καὶ
1388 3624 1467 3705 ἐν
1523 3628 1616 3729 τῇ
1688 3629 1972 3732 παλαιᾷ
2035 3622 2300 3733 φήσεις
2361 3627 2693 3726 εἰρῆσθαι

299 3748 320 3773 ‘
281 3745 426 3829 υπὸ
482 3752 678 3827 Θεοῦ
730 3742 915 3849 πρός
955 3745 1345 3832 Ἰουδαίους
1400 3757 1445 3795 “
1473 3748 1850 3850 Νηστείαν
1902 3751 2022 3829 καὶ
2075 3749 2337 3853 ἀργίαν
2384 3749 2504 3829 καὶ
2560 3744 2692 3832 τὰς
2780 3770 3018 3837 Ειιη,

353 3922 479 3980 3-5.
516 3905 1089 3989 ὥσπερ-ἀνθρώπινον
1111 3925 1220 3963 om.
1247 3926 1295 3964 e.
1323 3906 1488 3964 Cord.
1763 3929 1816 3977 4.
1853 3910 1910 3965 ἐκ
1910 3910 2086 3978 οπώθη
2111 3927 2159 3964 a.
2160 3910 2218 3964 k.
2506 3907 2558 3963 6.
2597 3910 2692 3963 τοῦ
2786 3852 2864 3905 ¹⁴·

279 3981 495 4051 πράγμιι
424 3999 586 4048 ματος
609 3986 663 4033 et
685 3979 844 4048 μόνον
866 3987 1005 4032 mter
1030 3995 1088 4033 se
1110 3988 1472 4050 transponunt
1493 3980 1549 4036 b.
1552 3997 1599 4036 ο.
1627 3979 1792 4036 Cord.
2001 3994 2052 4052 7.
2089 3981 2239 4036 εὐθὺς
2262 3987 2600 4050 assumptum
2626 3997 2694 4035 ex

279 4049 608 4213 Rgbfjordp
613 4160 626 4174 .
664 3998 2695 4209 &gmczud-gqssgfflrdudvgwqbwgdcord8¹:313](1rorae

671 4192 701 4245 ὁ
737 4193 988 4280 Χριστὸς,
1020 4193 1259 4262 πρόφρον
1284 4192 1500 4247 8....Βο1(
1527 4145 1637 4247 0οῃ
1783 4214 1934 4263 γονεν
1968 4194 1998 4247 ὁ
2034 4193 2280 4262 Χριστός.
2326 4143 2696 4262 ᾘρόωρονηοῦν

283 4206 406 4387 ἐξ.
397 4136 608 4386 daath?
610 4213 722 4318 5311.
818 4263 957 4332 ὖπομ
960 4261 1046 4330 ε’νη
1289 4277 1373 4330 15.
1411 4263 1633 4318 ἐπενεθ
1598 4191 1787 4319 θειςῖ)ί
1965 4263 2154 4334 15-.18
2189 4262 2485 4319 τὸ-πάθος
2508 4279 2617 4317 om.
2643 4279 2693 4319 c.

287 4418 482 4469 22-24.
520 4333 952 4475 νῦν-πιὸσδτοὰ
919 4279 1183 4459 ἢῇἱῖ
1218 4354 1353 4459 οᾞ
1365 4352 1414 4390 c
1440 4332 1764 4477 curm-„um
1788 4349 1970 4460 omni.
1974 4332 2697 4494 Βπιίἶνὸσοζῖίποωέῗρεῖῗέἒν

283 4472 395 4529 ab.
399 4491 445 4528 ο.
450 4474 507 4528 k.
534 4470 700 4529 Cord.
724 4476 1076 4546 αἱρετιζόντων
1102 4474 1222 4530 Cat.
1250 4474 1405 4530 Harl.
1433 4474 1535 4531 Ed.
1663 4427 1826 4530 26.
1866 4475 1974 4546 εἷρη
1948 4476 2103 4531 ’σθαι
2128 4476 2228 4529 ὑπὸ
2253 4477 2390 4529 θεοῦ
2412 4473 2578 4546 πρὸς’
2583 4482 2695 4529 Iov-

286 4545 466 4603 δαίους
499 4544 605 4599 hoc
641 4543 829 4599 ordine
863 4563 912 4599 a.
917 4545 971 4599 Β.
973 4563 1022 4600 c.
1025 4545 1081 4599 k.
1121 4544 1285 4601 Cord.
1318 4548 1451 4637 πρὸς
1482 4545 1765 4603 Ἰουδαίους
1798 4546 1898 4601 ὑπὸ
1935 4551 2072 4602 Θεοῦ
2107 4545 2345 4617 εῐρῆσθαι
2383 4544 2504 4601 Cat.
2542 4544 2695 4599 Harl.

289 4614 395 4671 Ed.
611 4629 698 4686 27.
735 4616 1000 4687 Νηστείαν
1024 4617 1161 4671 καὶ’
1129 4617 1315 4689 αργίαν
1338 4618 1422 4672 καὶ
1444 4626 1724 4689 assumpta
1746 4635 1812 4672 ex
1836 4616 1891 4672 Β.
1895 4634 1943 4672 c.
1971 4617 2137 4674 Cord-
