3238 5158
343 989 590 1067 SAEthth.

343 1072 484 1105 xxm.
512 1069 533 1104 1
545 1067 591 1119 7.

340 2911 512 2963 cxviii.

340 2990 425 3043 91.

680 332 767 395 68
1285 332 1363 396 Β.
1412 330 1834 396 CYRILLI
1894 330 2473 396 ALEXANDR.
2804 327 2926 391 viii.
2951 339 3036 413 35.

678 492 811 594 τὴν
888 500 1031 574 τῶν
1104 493 1487 597 εἰρημένων
1561 495 1861 595 δύναμιν
1936 496 2470 600 σαφηνίζωμεν.
2588 491 2923 601 ἐφρόνουν
2983 494 3040 568 οἱ

677 618 1008 697 Ἰουδαῖοι
1043 616 1333 719 μεγάλα
1371 620 1488 698 καὶ
1524 620 1887 722 ὑπέρογκα
1935 623 2066 718 τῆς
2111 620 2412 719 ἐνούσης
2456 620 2694 701 αὑτοῖς
2730 614 3042 718 εὐγενείας·

678 739 1082 845 ἀρχηγέτην
1109 740 1357 844 ὥσπερ
1395 742 1552 823 τινὰ
1590 746 1707 822 καὶ
1742 740 1987 845 πηγὴν
2011 741 2529 847 προῖσχόμενοι
2566 739 2693 822 τὸν
2712 736 3042 841 Ἀβραὰμ,

680 862 763 944 τὸ
806 863 882 943 δὲ
936 863 1045 944 ὅτι
1092 865 1444 967 προσήκει
1491 867 1721 970 ζητεῖν
1757 864 1841 947 τὸ
1880 866 1999 947 διὰ
2045 871 2173 967 τῆς
2223 867 2498 946 ἀνωθεν
2532 867 3044 966 ἐλευθεροῦσθαι

682 985 992 1094 χάριτος,
1049 990 1203 1068 οὐδ’
1265 1024 1446 1070 οσον
1500 993 1576 1069 ἐν
1633 997 1885 1098 ψιλοῖς
1939 991 2267 1096 ἐδέχοντο
2322 998 2828 1092 λογισμοῖς,“
2850 985 3088 1087 μωρθῖὅ
3169 1029 3170 1040 ³

682 1115 881 1192 “καὶ
935 1115 1247 1220 τυφλοὶ,
1251 1114 1269 1141 ’
1311 1112 1496 1194 κατὰ
1547 1112 1682 1213 τὴν
1727 1123 1856 1194 τοῦ
1913 1118 2251 1217 Σωτῆρος
2308 1112 2750 1218 ὑπάρχοντες
2803 1106 3043 1218 φωνήν.

680 1238 1084 1338 ἀναγκαίως
1119 1246 1502 1340 τοιγαροῦν
1539 1237 1880 1344 ἐπιδεῖξαι
1915 1237 2260 1334 βούλεται
2295 1236 2740 1341 Χριστὸς,“’
2701 1271 2810 1318 οτι
2852 1234 2932 1314 τὸ
2971 1234 3045 1336 τῇ

611 1367 655 1432 b
681 1360 901 1464 φύσει
957 1366 1249 1461 δοῦλον,
1291 1367 1386 1446 εἶς
1442 1362 1848 1464 ἐλευθερίαν
1903 1365 2038 1467 οὑχ
2095 1359 2336 1442 ἱκανὸν
2390 1359 2523 1463 τὴν
2577 1362 2858 1465 ετέρων,
2900 1355 3045 1436 ἀλλ’

680 1482 844 1563 οὐδὲ
896 1484 1085 1570 ολως
1142 1491 1238 1570 εἶς
1292 1484 1425 1587 τὴν
1480 1487 1758 1566 εαυτοῦ·
1839 1485 2024 1567 κατὰ
2076 1488 2238 1566 τίνα
2291 1494 2469 1588 γοῦν
2522 1485 2797 1589 τρόπον
2851 1483 3048 1585 ἑαυτῷ

679 1615 1025 1714 χαριεῖται
1080 1606 1213 1708 τὴν
1267 1608 1673 1712 ἐλευθερίαν
1734 1606 1817 1688 τὸ
1876 1608 2141 1710 ταύτης
2198 1607 2484 1707 ἐπιδεὲς,
2544 1607 2728 1689 ὅσον
2785 1613 2881 1692 εἶς
2938 1600 3047 1702 τὴν
3068 1631 3120 1672 10

679 1733 930 1839 φύσιν,
969 1730 1053 1812 τὸ
1107 1733 1182 1811 δὲ
1223 1732 1394 1836 παρ’
1435 1732 1675 1836 ἑτέρου
1722 1730 1855 1832 τὴν
1889 1734 2000 1837 ἐφ’
2042 1735 2268 1841 ἑαυτῷ
2311 1732 2521 1837 χάριν
2558 1729 3043 1835 δανειζόμενον,

677 1863 834 1939 πῶς
902 1853 991 1935 ἂν
1042 1855 1340 1958 ἀρκέσαι
1399 1855 1581 1959 πρὸς
1639 1855 1771 1956 τὴν
1827 1855 2130 1959 ἑτέρων;
2208 1857 2514 1960 ἁρμόσει
2574 1855 2648 1936 δὲ
2708 1855 2902 1962 μόνῳ
2952 1852 3048 1930 καὶ

680 1978 1128 2060 ἀνακείσεται
1172 1978 1589 2083 πρεπόντως
1638 1978 1722 2059 τὸ
1774 1982 2190 2084 ἐλευθεροῦν
2226 1979 2579 2061 δύνασθαι
2616 1986 2723 2088 τῷ
2770 1983 2846 2059 ἐκ
2883 1981 3048 2056 Θεοῦ

679 2102 862 2183 κατὰ
919 2102 1148 2210 φύσιν
1197 2106 1386 2212 Θεῷ.
1469 2102 1836 2211 ἀπόδειξιν
1890 2112 2269 2207 τοιγαροῦν
2322 2110 2622 2184 ποιεῖται
2680 2105 2891 2211 σαφῆ
2939 2103 3047 2178 τοῦ

681 2229 827 2307 δεῖν
879 2227 1279 2330 ἀναγκαίως
1334 2226 1679 2333 ὑπάρχειν
1733 2231 1851 2308 καὶ
1907 2230 2425 2331 ὁμολογεῖσθαι
2480 2232 2770 2327 δοῦλον,
2817 2232 2971 2320 πᾶν,
3014 2217 3119 2299 ὅῐὸ

622 2376 658 2421 0
680 2349 781 2451 μὴ
815 2350 994 2454 μένει
1035 2360 1123 2436 εἰς
1161 2350 1267 2432 τὶν
1305 2352 1534 2449 affirm,
1574 2351 1964 2450 τουτέστιν,
2003 2350 2063 2460 ᾦ
2119 2353 2221 2449 μὴ
2275 2350 2637 2454 πρόσεστι
2686 2351 2773 2431 τὸ
2822 2343 3043 2430 ὡσαύ-

678 2507 820 2556 τως
856 2473 1041 2577 ἕχειν
1077 2475 1204 2555 ἀεί.
1265 2473 1569 2573 σύμπαν
1602 2474 1737 2575 μὲν
1772 2474 1917 2579 γὰρ
1954 2473 2038 2557 τὸ
2074 2480 2151 2555 ἐν
2188 2476 2482 2577 γενέσει,
2518 2473 2810 2559 πάντως
2845 2470 3048 2572 δήπου

678 2600 795 2678 καὶ
834 2600 1285 2679 ὑποκείσεται
1322 2606 1413 2705 τῇ
1464 2607 1729 2707 φθορᾷ·
1801 2600 1885 2682 τὸ
1936 2599 2011 2681 δὲ
2060 2603 2284 2685 οὕτως
2335 2601 2522 2706 ἕχον,
2563 2605 2830 2680 δοῦλον
2869 2596 3047 2676 ἔσται

678 2722 957 2824 δηλαδὴ
1013 2732 1141 2804 τοῦ
1189 2723 1373 2827 πρὸς
1421 2721 1506 2804 τὸ
1556 2723 1734 2804 εἶναι
1786 2723 2215 2825 κεκληκότος
2250 2731 2463 2806 Θεοῦ.
2534 2728 2696 2828 περὶ
2741 2721 2883 2827 γὰρ
2923 2722 3048 2799 τῶν

676 2847 1094 2948 κτισμάτων
1137 2846 1428 2951 ἐλέγετο
1476 2846 1661 2952 πρὸς
1709 2846 1925 2928 αὑτόν
1960 2860 2003 2897 “
2030 2846 2208 2929 Ὅτι
2257 2847 2351 2929 τὰ
2399 2847 2798 2947 σύμπαντα
2845 2851 3047 2926 δοῦλα
3069 2865 3124 2908 20

678 2981 722 3019 “
756 2970 923 3054 σά.”
983 2975 1236 3075 γέγονε
1271 2973 1403 3072 μὲν
1437 2975 1552 3054 ἐπὶ
1596 2973 1832 3080 τούτῳ
1879 2971 2157 3071 γενικὸς
2206 2974 2246 3052 ὁ
2299 2970 2549 3075 λόγος·
2611 2970 2687 3051 ἓν
2723 2969 2946 3074 γεμὴν
2976 2961 3047 3042 τὸ

674 3096 887 3199 μέρος
972 3103 1076 3205 τῷ
1153 3099 1392 3193 παντὶ,
1466 3097 1858 3193 τουτέστιν,
1934 3098 1974 3175 ὁ
2053 3095 2399 3198 μακάριος
2470 3094 2841 3200 Ἀβραὰμ,
2913 3091 3050 3192 ἤτοι

677 3218 998 3299 καθόλου
1045 3220 1273 3300 πάλιν
1317 3221 1362 3318 ἡ
1413 3217 1906 3322 ἀνθρωπότης.
1985 3226 2285 3320 σημεῖον
2323 3218 2399 3299 δὲ
2448 3220 2746 3300 δίδωσιν
2783 3207 3051 3319 ἐναργὲς

677 3350 806 3422 τοῦ
870 3339 1047 3421 εἶναι
1105 3342 1421 3436 βασιλέα
1488 3346 1604 3421 καὶ
1669 3342 2033 3443 δεσπότην
2092 3351 2237 3423 τῶν
2298 3343 2496 3424 ὅλων
2553 3341 2681 3423 τὸν
2735 3345 2816 3422 ἐκ
2880 3338 3050 3418 Θεοῦ

675 3463 1050 3569 πεφηνότα
1085 3463 1274 3543 Θεὸν
1314 3469 1718 3567 Μονογενῆ,
1754 3466 1838 3546 τὸ
1875 3465 2106 3566 μένειν
2142 3472 2238 3551 εὶς
2276 3465 2403 3547 τὸν
2440 3471 2689 3547 αἰῶνα·
2751 3468 2887 3546 τίνι
2923 3456 3050 3563 γὰρ
3075 3484 3129 3546 ²5

611 3603 657 3669 <1
679 3585 767 3667 ἀν
801 3585 1061 3689 πρέποι
1113 3586 1197 3668 τὸ
1247 3589 1592 3672 ὡσαύτως
1640 3588 1825 3694 ἔχειν
1868 3593 1994 3689 ἀεὶ,
2033 3595 2149 3671 καὶ
2200 3595 2275 3671 ἐν
2320 3594 2596 3699 βεβαίῳ
2646 3596 2791 3671 τῶν
2828 3585 3052 3668 ἀῖδίων

674 3710 1010 3813 ἱδρύσθαι
1060 3718 1335 3809 καλῶν,
1380 3718 1439 3791 εἰ
1474 3709 1574 3811 μὴ
1613 3719 1715 3821 τῷ
1757 3747 1842 3815 γε
1886 3714 2038 3794 ὄντι
2090 3714 2275 3794 κατὰ
2327 3715 2558 3822 φύσιν
2598 3721 2814 3822 Θεῷς
2888 3703 3054 3791 κατὰ

670 3844 927 3915 τοῦτον
980 3835 1149 3935 ἡμῖν
1201 3833 1330 3916 τὸν
1384 3835 1612 3939 λόγον
1669 3841 1785 3916 καὶ
1840 3838 1880 3916 ὁ
1937 3838 2324 3922 θεσπέσιος
2378 3836 2700 3945 μελῳδὸς
2755 3834 2887 3938 τὴν
2935 3828 3053 3930 μὲν

670 3960 907 4039 κτίσιν
954 3959 1278 4067 ἀπέδειξε
1334 3959 1622 4062 δούλην,
1661 3961 1789 4041 τὸν
1838 3961 1911 4041 δὲ
1967 3964 2044 4041 ἐκ
2101 3968 2293 4042 Θεοῦ
2348 3960 2640 4064 Πατρὸς
2695 3954 3055 4066 πεφηνότα

671 4080 863 4162 Θεὸν
902 4081 1147 4186 Λόγον
1192 4083 1512 4180 βασιλέα
1558 4088 1676 4165 καὶ
1721 4084 2015 4186 Κύρων.
2054 4092 2064 4103 “
2100 4085 2244 4166 ἀπὸ
2299 4085 2444 4188 γὰρ
2501 4086 2758 4188 μέρους
2814 4085 2927 4164 ἐπὶ
2978 4074 3053 4157 τὸ
3076 4095 3139 4157 30

669 4206 970 4306 σύμπαν
1018 4209 1103 4288 τὸ
1159 4209 1234 4288 ἐν
1278 4208 1554 4311 γενέσει
1610 4213 1798 4315 φημὶ
1847 4208 1981 4308 τὴν
2026 4210 2327 4312 θεωρίαν
2373 4209 2736 4317 ἐξαπλῶν,
2774 4204 2942 4309 περί
2985 4231 3054 4281 τε

744 4442 791 4479 1.
828 4428 879 4480 οἱ
901 4435 1239 4497 assumptum
1265 4446 1329 4482 ex
1357 4427 1422 4483 B.
1658 4443 1743 4481 21.
1782 4430 1810 4481 ὁ
1835 4435 2176 4497 assumptum
2203 4443 2267 4481 ex
2299 4427 2363 4480 B.
2595 4444 2682 4493 24.
2719 4430 3051 4480 τῶν-Μονο-

663 4498 789 4568 γενῆ
816 4496 882 4552 Β.
909 4500 999 4553 τὸν
1020 4502 1270 4569 μονογενῆ
1296 4498 1422 4553 ὅλον
1445 4499 1536 4553 τὸν
1559 4498 1616 4552 ἐκ
1643 4502 1778 4552 Θεοῦ
1801 4500 2069 4567 πεφηνότα
2096 4499 2230 4553 Θεὸν
2255 4497 2358 4552 Ed.
2514 4497 2601 4552 26.
2639 4497 2703 4552 ἂν
2726 4504 3051 4566 assumptum

665 4584 731 4621 ΒΧ
757 4585 805 4622 8.
