<?xml version="1.0" encoding="UTF-8"?>
<!DOCTYPE html PUBLIC "-//W3C//DTD XHTML 1.0 Transitional//EN"
    "http://www.w3.org/TR/xhtml1/DTD/xhtml1-transitional.dtd">
<html xmlns="http://www.w3.org/1999/xhtml" xml:lang="en" lang="en">
 <head>
  <title>
</title>
<meta http-equiv="Content-Type" content="text/html;charset=utf-8" />
  <meta name='ocr-system' content='tesseract 3.04.00' />
  <meta name='ocr-capabilities' content='ocr_page ocr_carea ocr_par ocr_line ocrx_word'/>
</head>
<body>
  <div class='ocr_page' id='page_1' title='image "./sanctipatrisnos03pusegoog_0489.png"; bbox 0 0 3238 5158; ppageno 0'>
   <div class='ocr_carea' id='block_1_1' title="bbox 206 336 2625 461">
    <p class='ocr_par' dir='ltr' id='par_1_1' title="bbox 206 336 2625 461">
     <span class='ocr_line' id='line_1_1' title="bbox 206 336 2625 461; baseline -0 -37"><span class='ocrx_word' id='word_1_1' title='bbox 206 357 345 425; x_wconf 77' lang='lat' dir='ltr'><strong>xiv.</strong></span> <span class='ocrx_word' id='word_1_2' title='bbox 376 380 478 429; x_wconf 89' lang='lat'>20.</span> <span class='ocrx_word' id='word_1_3' title='bbox 592 360 699 426; x_wconf 82' lang='grc' dir='ltr'>ΙΝ</span> <span class='ocrx_word' id='word_1_4' title='bbox 748 360 826 461; x_wconf 51' lang='grc' dir='ltr'>χες.</span> <span class='ocrx_word' id='word_1_5' title='bbox 875 336 1394 424; x_wconf 73' lang='lat' dir='ltr'>JOANNEM.</span> <span class='ocrx_word' id='word_1_6' title='bbox 1484 357 1679 424; x_wconf 69' lang='grc' dir='ltr'>ΜΒ.</span> <span class='ocrx_word' id='word_1_7' title='bbox 1725 356 1849 424; x_wconf 85' lang='lat' dir='ltr'>1x.</span> <span class='ocrx_word' id='word_1_8' title='bbox 1940 358 2147 426; x_wconf 81' lang='lat' dir='ltr'><strong>cAP.</strong></span> <span class='ocrx_word' id='word_1_9' title='bbox 2196 359 2253 427; x_wconf 91' lang='lat'>1.</span> <span class='ocrx_word' id='word_1_10' title='bbox 2494 357 2625 424; x_wconf 81' lang='lat'>47¹7</span> 
     </span>
    </p>
   </div>
   <div class='ocr_carea' id='block_1_2' title="bbox 92 517 2978 4493">
    <p class='ocr_par' dir='ltr' id='par_1_2' title="bbox 92 517 2978 4493">
     <span class='ocr_line' id='line_1_2' title="bbox 212 517 2708 630; baseline -0.002 -25"><span class='ocrx_word' id='word_1_11' title='bbox 212 524 519 630; x_wconf 79' lang='grc' dir='ltr'>γενητὸν</span> <span class='ocrx_word' id='word_1_12' title='bbox 574 527 691 606; x_wconf 80' lang='grc' dir='ltr'>καὶ</span> <span class='ocrx_word' id='word_1_13' title='bbox 745 523 996 626; x_wconf 77' lang='grc' dir='ltr'>μόναις</span> <span class='ocrx_word' id='word_1_14' title='bbox 1050 522 1182 624; x_wconf 76' lang='grc' dir='ltr'>μὲν</span> <span class='ocrx_word' id='word_1_15' title='bbox 1237 530 1393 609; x_wconf 91' lang='grc' dir='ltr'>ταῖς</span> <span class='ocrx_word' id='word_1_16' title='bbox 1453 521 1640 605; x_wconf 81' lang='grc' dir='ltr'>κατὰ</span> <span class='ocrx_word' id='word_1_17' title='bbox 1695 530 1842 604; x_wconf 78' lang='grc' dir='ltr'>τῶν</span> <span class='ocrx_word' id='word_1_18' title='bbox 1899 523 2182 605; x_wconf 75' lang='grc' dir='ltr'>ἄλλων·</span> <span class='ocrx_word' id='word_1_19' title='bbox 2209 517 2627 623; x_wconf 73' lang='grc' dir='ltr'>κτισμάτων</span> <span class='ocrx_word' id='word_1_20' title='bbox 2651 525 2708 629; x_wconf 35' lang='lat' dir='ltr'>d,</span> 
     </span>
     <span class='ocr_line' id='line_1_3' title="bbox 214 645 2628 756; baseline -0.002 -25"><span class='ocrx_word' id='word_1_21' title='bbox 214 653 601 756; x_wconf 78' lang='grc' dir='ltr'>ὑπεροχαῖς</span> <span class='ocrx_word' id='word_1_22' title='bbox 636 648 1064 750; x_wconf 79' lang='grc' dir='ltr'>τιμώμενον,</span> <span class='ocrx_word' id='word_1_23' title='bbox 1105 648 1246 755; x_wconf 79' lang='grc' dir='ltr'>ἔξω</span> <span class='ocrx_word' id='word_1_24' title='bbox 1292 646 1519 751; x_wconf 88' lang='grc' dir='ltr'>γεμὴν</span> <span class='ocrx_word' id='word_1_25' title='bbox 1554 652 1683 748; x_wconf 81' lang='grc' dir='ltr'>τῆς</span> <span class='ocrx_word' id='word_1_26' title='bbox 1732 648 1982 733; x_wconf 80' lang='grc' dir='ltr'>οὐσίας</span> <span class='ocrx_word' id='word_1_27' title='bbox 2032 645 2450 754; x_wconf 84' lang='grc' dir='ltr'>ὑπάρχοντα</span> <span class='ocrx_word' id='word_1_28' title='bbox 2498 654 2628 727; x_wconf 92' lang='grc' dir='ltr'>τοῦ</span> 
     </span>
     <span class='ocr_line' id='line_1_4' title="bbox 215 770 1918 878; baseline -0.001 -23"><span class='ocrx_word' id='word_1_29' title='bbox 215 780 413 855; x_wconf 80' lang='grc' dir='ltr'>Θεοῦ</span> <span class='ocrx_word' id='word_1_30' title='bbox 451 776 569 853; x_wconf 79' lang='grc' dir='ltr'>καὶ</span> <span class='ocrx_word' id='word_1_31' title='bbox 607 770 899 875; x_wconf 77' lang='grc' dir='ltr'>Πατρὸς</span> <span class='ocrx_word' id='word_1_32' title='bbox 933 774 1304 878; x_wconf 83' lang='grc' dir='ltr'>ἀποφῆναι</span> <span class='ocrx_word' id='word_1_33' title='bbox 1338 770 1468 852; x_wconf 77' lang='grc' dir='ltr'>τὸν</span> <span class='ocrx_word' id='word_1_34' title='bbox 1508 775 1918 875; x_wconf 86' lang='grc' dir='ltr'>Μονογενῆ.</span> 
     </span>
     <span class='ocr_line' id='line_1_5' title="bbox 334 894 2630 1003; baseline -0.002 -25"><span class='ocrx_word' id='word_1_35' title='bbox 334 904 646 1003; x_wconf 88' lang='grc' dir='ltr'>Μακροῦ</span> <span class='ocrx_word' id='word_1_36' title='bbox 684 897 760 979; x_wconf 85' lang='grc' dir='ltr'>δὲ</span> <span class='ocrx_word' id='word_1_37' title='bbox 797 897 966 997; x_wconf 86' lang='grc' dir='ltr'>ἡμῖν</span> <span class='ocrx_word' id='word_1_38' title='bbox 1000 895 1137 997; x_wconf 83' lang='grc' dir='ltr'>ἤδη</span> <span class='ocrx_word' id='word_1_39' title='bbox 1187 898 1352 1000; x_wconf 82' lang='grc' dir='ltr'>περὶ</span> <span class='ocrx_word' id='word_1_40' title='bbox 1401 896 1658 977; x_wconf 82' lang='grc' dir='ltr'>τούτου</span> <span class='ocrx_word' id='word_1_41' title='bbox 1706 896 2087 1000; x_wconf 75' lang='grc' dir='ltr'>γεγονότος</span> <span class='ocrx_word' id='word_1_42' title='bbox 2124 894 2377 999; x_wconf 84' lang='grc' dir='ltr'>λόγου,</span> <span class='ocrx_word' id='word_1_43' title='bbox 2419 894 2504 975; x_wconf 86' lang='grc' dir='ltr'>δι’</span> <span class='ocrx_word' id='word_1_44' title='bbox 2545 894 2630 975; x_wconf 79' lang='grc' dir='ltr'>οὗ</span> 
     </span>
     <span class='ocr_line' id='line_1_6' title="bbox 126 1017 2631 1126; baseline -0.002 -21"><span class='ocrx_word' id='word_1_45' title='bbox 126 1046 185 1107; x_wconf 85' lang='grc'>5</span> <span class='ocrx_word' id='word_1_46' title='bbox 217 1020 406 1103; x_wconf 88' lang='grc' dir='ltr'>κατά</span> <span class='ocrx_word' id='word_1_47' title='bbox 467 1058 554 1126; x_wconf 90' lang='grc' dir='ltr'>γε</span> <span class='ocrx_word' id='word_1_48' title='bbox 622 1017 756 1121; x_wconf 82' lang='grc' dir='ltr'>τὴν</span> <span class='ocrx_word' id='word_1_49' title='bbox 810 1024 1117 1101; x_wconf 84' lang='grc' dir='ltr'>ἐνοῦσαν</span> <span class='ocrx_word' id='word_1_50' title='bbox 1170 1022 1341 1121; x_wconf 84' lang='grc' dir='ltr'>ἡμῖν</span> <span class='ocrx_word' id='word_1_51' title='bbox 1395 1019 1834 1118; x_wconf 83' lang='grc' dir='ltr'>ἐδεικνύομεν</span> <span class='ocrx_word' id='word_1_52' title='bbox 1889 1020 2210 1120; x_wconf 86' lang='grc' dir='ltr'>δύναμιν,</span> <span class='ocrx_word' id='word_1_53' title='bbox 2271 1020 2381 1101; x_wconf 80' lang='grc' dir='ltr'>ὅτι</span> <span class='ocrx_word' id='word_1_54' title='bbox 2445 1018 2631 1100; x_wconf 79' lang='grc' dir='ltr'>κατὰ</span> 
     </span>
     <span class='ocr_line' id='line_1_7' title="bbox 216 1142 2625 1301; baseline -0.002 -72"><span class='ocrx_word' id='word_1_55' title='bbox 216 1148 453 1255; x_wconf 81' lang='grc' dir='ltr'>φύσιν</span> <span class='ocrx_word' id='word_1_56' title='bbox 494 1149 694 1229; x_wconf 81' lang='grc' dir='ltr'>ἐστὶν</span> <span class='ocrx_word' id='word_1_57' title='bbox 739 1147 781 1225; x_wconf 91' lang='lat'><em>6</em></span> <span class='ocrx_word' id='word_1_58' title='bbox 825 1145 1001 1230; x_wconf 75' lang='grc' dir='ltr'>Υἱὸς</span> <span class='ocrx_word' id='word_1_59' title='bbox 1054 1147 1130 1225; x_wconf 85' lang='grc' dir='ltr'>ἐν</span> <span class='ocrx_word' id='word_1_60' title='bbox 1179 1151 1283 1254; x_wconf 77' lang='grc' dir='ltr'>τῷ</span> <span class='ocrx_word' id='word_1_61' title='bbox 1332 1148 1591 1247; x_wconf 78' lang='grc' dir='ltr'>Πατρὶ,</span> <span class='ocrx_word' id='word_1_62' title='bbox 1629 1148 1747 1225; x_wconf 81' lang='grc' dir='ltr'>καὶ</span> <span class='ocrx_word' id='word_1_63' title='bbox 1801 1145 2115 1243; x_wconf 80' lang='grc' dir='ltr'>οὐσιῶδη</span> <span class='ocrx_word' id='word_1_64' title='bbox 2169 1144 2352 1301; x_wconf 76' lang='grc' dir='ltr'>πρὸς</span> <span class='ocrx_word' id='word_1_65' title='bbox 2406 1142 2625 1224; x_wconf 80' lang='grc' dir='ltr'>αὐτὸν</span> 
     </span>
     <span class='ocr_line' id='line_1_8' title="bbox 218 1266 2631 1378; baseline -0.002 -26"><span class='ocrx_word' id='word_1_66' title='bbox 218 1273 366 1378; x_wconf 87' lang='grc' dir='ltr'>ἕχει</span> <span class='ocrx_word' id='word_1_67' title='bbox 414 1269 549 1372; x_wconf 87' lang='grc' dir='ltr'>τὴν</span> <span class='ocrx_word' id='word_1_68' title='bbox 584 1271 864 1367; x_wconf 82' lang='grc' dir='ltr'>ἕνωσιν,</span> <span class='ocrx_word' id='word_1_69' title='bbox 901 1267 1331 1373; x_wconf 85' lang='grc' dir='ltr'>παρήσομεν</span> <span class='ocrx_word' id='word_1_70' title='bbox 1364 1268 1471 1350; x_wconf 82' lang='grc' dir='ltr'>ἔτι</span> <span class='ocrx_word' id='word_1_71' title='bbox 1518 1266 1604 1349; x_wconf 79' lang='grc' dir='ltr'>τὸ</span> <span class='ocrx_word' id='word_1_72' title='bbox 1656 1271 1818 1372; x_wconf 85' lang='grc' dir='ltr'>περὶ</span> <span class='ocrx_word' id='word_1_73' title='bbox 1867 1270 2125 1349; x_wconf 85' lang='grc' dir='ltr'>τούτου</span> <span class='ocrx_word' id='word_1_74' title='bbox 2172 1271 2347 1353; x_wconf 87' lang='grc' dir='ltr'>τέως</span> <span class='ocrx_word' id='word_1_75' title='bbox 2401 1272 2498 1353; x_wconf 77' lang='grc' dir='ltr'>εἰς</span> <span class='ocrx_word' id='word_1_76' title='bbox 2545 1267 2631 1348; x_wconf 83' lang='grc' dir='ltr'>τὸ</span> 
     </span>
     <span class='ocr_line' id='line_1_9' title="bbox 219 1391 2623 1501; baseline -0.002 -25"><span class='ocrx_word' id='word_1_77' title='bbox 219 1430 458 1501; x_wconf 91' lang='grc' dir='ltr'>παρον</span> <span class='ocrx_word' id='word_1_78' title='bbox 493 1396 990 1476; x_wconf 83' lang='grc' dir='ltr'>διατείνεσθαι.</span> <span class='ocrx_word' id='word_1_79' title='bbox 1067 1392 1269 1494; x_wconf 85' lang='grc' dir='ltr'>πλὴν</span> <span class='ocrx_word' id='word_1_80' title='bbox 1305 1394 1439 1498; x_wconf 81' lang='grc' dir='ltr'>οὐχ</span> <span class='ocrx_word' id='word_1_81' title='bbox 1475 1391 1896 1496; x_wconf 82' lang='grc' dir='ltr'>ὁλοκλήρως</span> <span class='ocrx_word' id='word_1_82' title='bbox 1941 1392 2496 1499; x_wconf 76' lang='grc' dir='ltr'>ἐπιτρέψομεν’</span> <span class='ocrx_word' id='word_1_83' title='bbox 2460 1392 2623 1495; x_wconf 88' lang='grc' dir='ltr'>ερή-</span> 
     </span>
     <span class='ocr_line' id='line_1_10' title="bbox 222 1515 2632 1624; baseline -0.002 -25"><span class='ocrx_word' id='word_1_84' title='bbox 222 1555 371 1620; x_wconf 92' lang='grc' dir='ltr'>μην</span> <span class='ocrx_word' id='word_1_85' title='bbox 414 1516 664 1624; x_wconf 77' lang='grc' dir='ltr'>ὥσπερ</span> <span class='ocrx_word' id='word_1_86' title='bbox 720 1523 1200 1622; x_wconf 84' lang='grc' dir='ltr'>καταδραμεῖν</span> <span class='ocrx_word' id='word_1_87' title='bbox 1238 1526 1369 1598; x_wconf 91' lang='grc' dir='ltr'>τοῦ</span> <span class='ocrx_word' id='word_1_88' title='bbox 1424 1515 1656 1620; x_wconf 88' lang='grc' dir='ltr'>λόγου</span> <span class='ocrx_word' id='word_1_89' title='bbox 1709 1551 1875 1601; x_wconf 90' lang='grc' dir='ltr'>τους</span> <span class='ocrx_word' id='word_1_90' title='bbox 1932 1518 2019 1597; x_wconf 85' lang='grc' dir='ltr'>δι’</span> <span class='ocrx_word' id='word_1_91' title='bbox 2060 1519 2401 1615; x_wconf 85' lang='grc' dir='ltr'>ἐναντίας,</span> <span class='ocrx_word' id='word_1_92' title='bbox 2437 1519 2632 1597; x_wconf 85' lang='grc' dir='ltr'>ἀντι-</span> 
     </span>
     <span class='ocr_line' id='line_1_11' title="bbox 92 1640 2692 1751; baseline -0.002 -25"><span class='ocrx_word' id='word_1_93' title='bbox 92 1678 132 1718; x_wconf 89' lang='lat'>1</span> <span class='ocrx_word' id='word_1_94' title='bbox 146 1675 199 1714; x_wconf 92' lang='lat'><em>0</em></span> <span class='ocrx_word' id='word_1_95' title='bbox 224 1642 789 1751; x_wconf 80' lang='grc' dir='ltr'>παραταξόμεθα</span> <span class='ocrx_word' id='word_1_96' title='bbox 844 1640 922 1722; x_wconf 92' lang='grc' dir='ltr'>δε</span> <span class='ocrx_word' id='word_1_97' title='bbox 978 1643 1064 1723; x_wconf 86' lang='grc' dir='ltr'>δι’</span> <span class='ocrx_word' id='word_1_98' title='bbox 1125 1644 1419 1745; x_wconf 83' lang='grc' dir='ltr'>ὀλίγων,</span> <span class='ocrx_word' id='word_1_99' title='bbox 1476 1645 1574 1727; x_wconf 83' lang='grc' dir='ltr'>ὡς</span> <span class='ocrx_word' id='word_1_100' title='bbox 1639 1640 1790 1724; x_wconf 82' lang='grc' dir='ltr'>οἷόν</span> <span class='ocrx_word' id='word_1_101' title='bbox 1842 1675 1923 1722; x_wconf 89' lang='grc' dir='ltr'>τε</span> <span class='ocrx_word' id='word_1_102' title='bbox 1979 1641 2631 1745; x_wconf 86' lang='grc' dir='ltr'>κεκακουργημένον</span> <span class='ocrx_word' id='word_1_103' title='bbox 2656 1677 2692 1721; x_wconf 84' lang='lat' dir='ltr'>e</span> 
     </span>
     <span class='ocr_line' id='line_1_12' title="bbox 228 1761 2632 1873; baseline -0.001 -25"><span class='ocrx_word' id='word_1_104' title='bbox 228 1767 385 1866; x_wconf 81' lang='grc' dir='ltr'>ἅμα</span> <span class='ocrx_word' id='word_1_105' title='bbox 457 1771 575 1847; x_wconf 81' lang='grc' dir='ltr'>καὶ</span> <span class='ocrx_word' id='word_1_106' title='bbox 643 1765 914 1867; x_wconf 81' lang='grc' dir='ltr'>ἀμαθὲς</span> <span class='ocrx_word' id='word_1_107' title='bbox 1002 1766 1525 1873; x_wconf 88' lang='grc' dir='ltr'>ἀποφαίνοντες</span> <span class='ocrx_word' id='word_1_108' title='bbox 1602 1769 1733 1866; x_wconf 82' lang='grc' dir='ltr'>τῆς</span> <span class='ocrx_word' id='word_1_109' title='bbox 1812 1766 2159 1869; x_wconf 86' lang='grc' dir='ltr'>πονηρίας</span> <span class='ocrx_word' id='word_1_110' title='bbox 2238 1766 2476 1845; x_wconf 80' lang='grc' dir='ltr'>αὐτῶν</span> <span class='ocrx_word' id='word_1_111' title='bbox 2546 1761 2632 1845; x_wconf 77' lang='grc' dir='ltr'>τὸ</span> 
     </span>
     <span class='ocr_line' id='line_1_13' title="bbox 226 1887 2631 1998; baseline -0.001 -26"><span class='ocrx_word' id='word_1_112' title='bbox 226 1891 563 1996; x_wconf 83' lang='grc' dir='ltr'>μυσαρὸν</span> <span class='ocrx_word' id='word_1_113' title='bbox 608 1892 1126 1998; x_wconf 80' lang='grc' dir='ltr'>φιλοτέχνημα,</span> <span class='ocrx_word' id='word_1_114' title='bbox 1164 1893 1281 1971; x_wconf 85' lang='grc' dir='ltr'>καὶ</span> <span class='ocrx_word' id='word_1_115' title='bbox 1333 1888 1421 1990; x_wconf 86' lang='grc' dir='ltr'>δὴ</span> <span class='ocrx_word' id='word_1_116' title='bbox 1472 1894 1587 1971; x_wconf 79' lang='grc' dir='ltr'>καὶ</span> <span class='ocrx_word' id='word_1_117' title='bbox 1643 1893 1938 1994; x_wconf 84' lang='grc' dir='ltr'>ἐροῦμεν</span> <span class='ocrx_word' id='word_1_118' title='bbox 1977 1895 2068 1971; x_wconf 75' lang='grc' dir='ltr'>ΕΞ</span> <span class='ocrx_word' id='word_1_119' title='bbox 2120 1888 2239 1971; x_wconf 80' lang='grc' dir='ltr'>διὰ</span> <span class='ocrx_word' id='word_1_120' title='bbox 2285 1887 2510 1991; x_wconf 89' lang='grc' dir='ltr'>μόνον</span> <span class='ocrx_word' id='word_1_121' title='bbox 2545 1887 2631 1970; x_wconf 79' lang='grc' dir='ltr'>τὸ</span> 
     </span>
     <span class='ocr_line' id='line_1_14' title="bbox 227 2013 2635 2123; baseline -0.001 -26"><span class='ocrx_word' id='word_1_122' title='bbox 227 2020 659 2120; x_wconf 82' lang='grc' dir='ltr'>ἀγαπᾶσθαι</span> <span class='ocrx_word' id='word_1_123' title='bbox 713 2019 831 2095; x_wconf 83' lang='grc' dir='ltr'>καὶ</span> <span class='ocrx_word' id='word_1_124' title='bbox 887 2019 1178 2118; x_wconf 81' lang='grc' dir='ltr'>ἀγαπᾶν</span> <span class='ocrx_word' id='word_1_125' title='bbox 1228 2016 1268 2094; x_wconf 93' lang='lat'><em>6</em></span> <span class='ocrx_word' id='word_1_126' title='bbox 1311 2014 1488 2100; x_wconf 80' lang='grc' dir='ltr'>Υἱὸς</span> <span class='ocrx_word' id='word_1_127' title='bbox 1537 2015 1774 2096; x_wconf 79' lang='grc' dir='ltr'>ἔνεστι</span> <span class='ocrx_word' id='word_1_128' title='bbox 1821 2020 1926 2123; x_wconf 75' lang='grc' dir='ltr'>τῷ</span> <span class='ocrx_word' id='word_1_129' title='bbox 1967 2017 2228 2118; x_wconf 81' lang='grc' dir='ltr'>Πατρὶ,</span> <span class='ocrx_word' id='word_1_130' title='bbox 2274 2048 2460 2095; x_wconf 88' lang='grc' dir='ltr'>κατα</span> <span class='ocrx_word' id='word_1_131' title='bbox 2506 2013 2635 2095; x_wconf 81' lang='grc' dir='ltr'>τὸν</span> 
     </span>
     <span class='ocr_line' id='line_1_15' title="bbox 228 2137 2635 2249; baseline -0.002 -27"><span class='ocrx_word' id='word_1_132' title='bbox 228 2140 448 2222; x_wconf 81' lang='grc' dir='ltr'>αὐτὸν</span> <span class='ocrx_word' id='word_1_133' title='bbox 480 2149 736 2222; x_wconf 90' lang='grc' dir='ltr'>τοῦτον</span> <span class='ocrx_word' id='word_1_134' title='bbox 773 2137 1001 2244; x_wconf 89' lang='grc' dir='ltr'>λόγον</span> <span class='ocrx_word' id='word_1_135' title='bbox 1038 2140 1235 2241; x_wconf 83' lang='grc' dir='ltr'>ἡμεῖς</span> <span class='ocrx_word' id='word_1_136' title='bbox 1271 2173 1349 2219; x_wconf 89' lang='grc' dir='ltr'>τε</span> <span class='ocrx_word' id='word_1_137' title='bbox 1382 2141 1461 2220; x_wconf 87' lang='grc' dir='ltr'>ἐν</span> <span class='ocrx_word' id='word_1_138' title='bbox 1496 2142 1691 2249; x_wconf 72' lang='grc' dir='ltr'>αὐτῷ</span> <span class='ocrx_word' id='word_1_139' title='bbox 1736 2143 1853 2221; x_wconf 80' lang='grc' dir='ltr'>καὶ</span> <span class='ocrx_word' id='word_1_140' title='bbox 1901 2137 2114 2225; x_wconf 77' lang='grc' dir='ltr'>αὐτὸς</span> <span class='ocrx_word' id='word_1_141' title='bbox 2163 2142 2241 2220; x_wconf 87' lang='grc' dir='ltr'>ἐν</span> <span class='ocrx_word' id='word_1_142' title='bbox 2277 2140 2474 2239; x_wconf 86' lang='grc' dir='ltr'>ἡμῖν,</span> <span class='ocrx_word' id='word_1_143' title='bbox 2517 2142 2635 2219; x_wconf 81' lang='grc' dir='ltr'>καὶ</span> 
     </span>
     <span class='ocr_line' id='line_1_16' title="bbox 102 2261 2637 2372; baseline 0 -29"><span class='ocrx_word' id='word_1_144' title='bbox 102 2302 130 2343; x_wconf 83' lang='lat'>1</span> <span class='ocrx_word' id='word_1_145' title='bbox 152 2296 201 2357; x_wconf 89' lang='lat'>5</span> <span class='ocrx_word' id='word_1_146' title='bbox 233 2264 500 2362; x_wconf 78' lang='grc' dir='ltr'>δεσμὸς</span> <span class='ocrx_word' id='word_1_147' title='bbox 544 2263 676 2365; x_wconf 80' lang='grc' dir='ltr'>μὲν</span> <span class='ocrx_word' id='word_1_148' title='bbox 712 2266 933 2348; x_wconf 77' lang='grc' dir='ltr'>οὐδεὶς</span> <span class='ocrx_word' id='word_1_149' title='bbox 984 2265 1375 2345; x_wconf 78' lang='grc' dir='ltr'>συνάπτων</span> <span class='ocrx_word' id='word_1_150' title='bbox 1410 2266 1660 2369; x_wconf 83' lang='grc' dir='ltr'>ὁρᾶται</span> <span class='ocrx_word' id='word_1_151' title='bbox 1708 2265 1964 2369; x_wconf 79' lang='grc' dir='ltr'>ἕτερος,</span> <span class='ocrx_word' id='word_1_152' title='bbox 1998 2261 2045 2366; x_wconf 85' lang='grc' dir='ltr'>ἢ</span> <span class='ocrx_word' id='word_1_153' title='bbox 2088 2271 2193 2372; x_wconf 78' lang='grc' dir='ltr'>τῷ</span> <span class='ocrx_word' id='word_1_154' title='bbox 2232 2267 2472 2369; x_wconf 83' lang='grc' dir='ltr'>Πατρὶ</span> <span class='ocrx_word' id='word_1_155' title='bbox 2507 2264 2637 2344; x_wconf 84' lang='grc' dir='ltr'>τὸν</span> 
     </span>
     <span class='ocr_line' id='line_1_17' title="bbox 232 2386 2638 2496; baseline -0.001 -26"><span class='ocrx_word' id='word_1_156' title='bbox 232 2387 436 2487; x_wconf 59' lang='lat' dir='ltr'>Yam,</span> <span class='ocrx_word' id='word_1_157' title='bbox 493 2389 719 2493; x_wconf 82' lang='grc' dir='ltr'>ἤγουν</span> <span class='ocrx_word' id='word_1_158' title='bbox 776 2390 962 2489; x_wconf 82' lang='grc' dir='ltr'>ἡμᾶς</span> <span class='ocrx_word' id='word_1_159' title='bbox 1018 2390 1210 2496; x_wconf 76' lang='grc' dir='ltr'>αὐτῷ</span> <span class='ocrx_word' id='word_1_160' title='bbox 1264 2392 1380 2468; x_wconf 80' lang='grc' dir='ltr'>καὶ</span> <span class='ocrx_word' id='word_1_161' title='bbox 1435 2386 1656 2470; x_wconf 77' lang='grc' dir='ltr'>αὐτὸν</span> <span class='ocrx_word' id='word_1_162' title='bbox 1709 2389 1900 2490; x_wconf 87' lang='grc' dir='ltr'>ἡμῖν·</span> <span class='ocrx_word' id='word_1_163' title='bbox 1980 2396 2136 2475; x_wconf 79' lang='grc' dir='ltr'>πῶς</span> <span class='ocrx_word' id='word_1_164' title='bbox 2189 2386 2235 2491; x_wconf 86' lang='grc' dir='ltr'>ἢ</span> <span class='ocrx_word' id='word_1_165' title='bbox 2294 2389 2414 2468; x_wconf 81' lang='grc' dir='ltr'>διὰ</span> <span class='ocrx_word' id='word_1_166' title='bbox 2477 2389 2638 2469; x_wconf 90' lang='grc' dir='ltr'>τίνα</span> 
     </span>
     <span class='ocr_line' id='line_1_18' title="bbox 233 2509 2638 2629; baseline -0.001 -34"><span class='ocrx_word' id='word_1_167' title='bbox 233 2512 531 2618; x_wconf 88' lang='grc' dir='ltr'>τρόπον,</span> <span class='ocrx_word' id='word_1_168' title='bbox 567 2511 725 2595; x_wconf 82' lang='grc' dir='ltr'>εἶπέ</span> <span class='ocrx_word' id='word_1_169' title='bbox 766 2547 910 2613; x_wconf 88' lang='grc' dir='ltr'>μοι,</span> <span class='ocrx_word' id='word_1_170' title='bbox 946 2515 1198 2620; x_wconf 84' lang='grc' dir='ltr'>φησὶν,</span> <span class='ocrx_word' id='word_1_171' title='bbox 1236 2516 1332 2599; x_wconf 83' lang='grc' dir='ltr'>ὡς</span> <span class='ocrx_word' id='word_1_172' title='bbox 1369 2515 1430 2596; x_wconf 79' lang='grc' dir='ltr'>ἐν</span> <span class='ocrx_word' id='word_1_173' title='bbox 1467 2516 1668 2629; x_wconf 67' lang='grc' dir='ltr'>ἐκείνῃ</span> <span class='ocrx_word' id='word_1_174' title='bbox 1720 2516 1802 2626; x_wconf 68' lang='grc' dir='ltr'>τῆ</span> <span class='ocrx_word' id='word_1_175' title='bbox 1848 2510 2061 2625; x_wconf 68' lang='grc' dir='ltr'>ἡμέρᾳ</span> <span class='ocrx_word' id='word_1_176' title='bbox 2106 2513 2518 2617; x_wconf 73' lang='grc' dir='ltr'>γνωσόμεθα</span> <span class='ocrx_word' id='word_1_177' title='bbox 2552 2509 2638 2592; x_wconf 78' lang='grc' dir='ltr'>τὸ</span> 
     </span>
     <span class='ocr_line' id='line_1_19' title="bbox 235 2637 2637 2743; baseline -0.001 -23"><span class='ocrx_word' id='word_1_178' title='bbox 235 2643 399 2743; x_wconf 77' lang='grc' dir='ltr'>περὶ</span> <span class='ocrx_word' id='word_1_179' title='bbox 435 2640 692 2720; x_wconf 81' lang='grc' dir='ltr'>τούτου</span> <span class='ocrx_word' id='word_1_180' title='bbox 726 2638 1170 2742; x_wconf 87' lang='grc' dir='ltr'>μυστήριον;</span> <span class='ocrx_word' id='word_1_181' title='bbox 1227 2640 1427 2720; x_wconf 77' lang='grc' dir='ltr'>οὔπω</span> <span class='ocrx_word' id='word_1_182' title='bbox 1462 2639 1606 2743; x_wconf 77' lang='grc' dir='ltr'>γὰρ</span> <span class='ocrx_word' id='word_1_183' title='bbox 1644 2637 1828 2720; x_wconf 82' lang='grc' dir='ltr'>κατὰ</span> <span class='ocrx_word' id='word_1_184' title='bbox 1864 2639 1949 2719; x_wconf 83' lang='grc' dir='ltr'>τὸ</span> <span class='ocrx_word' id='word_1_185' title='bbox 1987 2637 2170 2725; x_wconf 75' lang='grc' dir='ltr'>εἰκὸς</span> <span class='ocrx_word' id='word_1_186' title='bbox 2205 2638 2637 2741; x_wconf 80' lang='grc' dir='ltr'>ἐγνώκαμεν,</span> 
     </span>
     <span class='ocr_line' id='line_1_20' title="bbox 240 2760 2978 2871; baseline 0 -27"><span class='ocrx_word' id='word_1_187' title='bbox 240 2764 352 2844; x_wconf 80' lang='grc' dir='ltr'>ὅτι</span> <span class='ocrx_word' id='word_1_188' title='bbox 398 2768 439 2844; x_wconf 90' lang='lat'><em>6</em></span> <span class='ocrx_word' id='word_1_189' title='bbox 487 2764 745 2869; x_wconf 84' lang='grc' dir='ltr'>Πατὴρ</span> <span class='ocrx_word' id='word_1_190' title='bbox 797 2760 927 2864; x_wconf 75' lang='grc' dir='ltr'>μὲν</span> <span class='ocrx_word' id='word_1_191' title='bbox 962 2761 1090 2843; x_wconf 82' lang='grc' dir='ltr'>τὸν</span> <span class='ocrx_word' id='word_1_192' title='bbox 1126 2763 1307 2844; x_wconf 80' lang='grc' dir='ltr'>Υἱὸν</span> <span class='ocrx_word' id='word_1_193' title='bbox 1343 2766 1614 2871; x_wconf 80' lang='grc' dir='ltr'>ἀγαπᾷ,</span> <span class='ocrx_word' id='word_1_194' title='bbox 1653 2765 1903 2870; x_wconf 80' lang='grc' dir='ltr'>ἀγαπᾷ</span> <span class='ocrx_word' id='word_1_195' title='bbox 1955 2760 2031 2843; x_wconf 78' lang='grc' dir='ltr'>δὲ</span> <span class='ocrx_word' id='word_1_196' title='bbox 2081 2765 2198 2843; x_wconf 77' lang='grc' dir='ltr'>καὶ</span> <span class='ocrx_word' id='word_1_197' title='bbox 2249 2761 2461 2847; x_wconf 82' lang='grc' dir='ltr'>αὐτὸς</span> <span class='ocrx_word' id='word_1_198' title='bbox 2512 2761 2639 2843; x_wconf 82' lang='grc' dir='ltr'>τὸν</span> <span class='ocrx_word' id='word_1_199' title='bbox 2663 2803 2699 2843; x_wconf 77' lang='lat' dir='ltr'><strong>a</strong></span> <span class='ocrx_word' id='word_1_200' title='bbox 2758 2789 2877 2847; x_wconf 84' lang='grc'>817</span> <span class='ocrx_word' id='word_1_201' title='bbox 2894 2787 2978 2845; x_wconf 77' lang='grc' dir='ltr'>Α.</span> 
     </span>
     <span class='ocr_line' id='line_1_21' title="bbox 108 2884 2640 2993; baseline -0.001 -25"><span class='ocrx_word' id='word_1_202' title='bbox 108 2916 214 2960; x_wconf 83' lang='lat'>20</span> <span class='ocrx_word' id='word_1_203' title='bbox 250 2888 565 2991; x_wconf 79' lang='grc' dir='ltr'>Πατέρα·</span> <span class='ocrx_word' id='word_1_204' title='bbox 643 2889 814 2969; x_wconf 80' lang='grc' dir='ltr'>ἀλλ’</span> <span class='ocrx_word' id='word_1_205' title='bbox 873 2888 1024 2968; x_wconf 80' lang='grc' dir='ltr'>οὐδ’</span> <span class='ocrx_word' id='word_1_206' title='bbox 1087 2922 1298 2983; x_wconf 87' lang='grc' dir='ltr'>ισμεν</span> <span class='ocrx_word' id='word_1_207' title='bbox 1350 2923 1468 2969; x_wconf 91' lang='grc' dir='ltr'>πω</span> <span class='ocrx_word' id='word_1_208' title='bbox 1525 2887 1719 2993; x_wconf 88' lang='grc' dir='ltr'>τάχα</span> <span class='ocrx_word' id='word_1_209' title='bbox 1774 2887 1867 2967; x_wconf 84' lang='grc' dir='ltr'>τὰ</span> <span class='ocrx_word' id='word_1_210' title='bbox 1924 2889 2087 2967; x_wconf 87' lang='grc' dir='ltr'>καθ’</span> <span class='ocrx_word' id='word_1_211' title='bbox 2144 2884 2456 2986; x_wconf 80' lang='grc' dir='ltr'>ἑαυτους,</span> <span class='ocrx_word' id='word_1_212' title='bbox 2513 2897 2640 2966; x_wconf 86' lang='grc' dir='ltr'>λο-</span> 
     </span>
     <span class='ocr_line' id='line_1_22' title="bbox 240 3009 2642 3115; baseline -0.001 -24"><span class='ocrx_word' id='word_1_213' title='bbox 240 3010 511 3115; x_wconf 85' lang='grc' dir='ltr'>γισμὸς</span> <span class='ocrx_word' id='word_1_214' title='bbox 559 3012 637 3092; x_wconf 80' lang='grc' dir='ltr'>δὲ</span> <span class='ocrx_word' id='word_1_215' title='bbox 685 3014 869 3113; x_wconf 82' lang='grc' dir='ltr'>ἡμᾶς</span> <span class='ocrx_word' id='word_1_216' title='bbox 919 3010 1259 3115; x_wconf 74' lang='grc' dir='ltr'>διαπαίζει</span> <span class='ocrx_word' id='word_1_217' title='bbox 1310 3010 1510 3098; x_wconf 81' lang='grc' dir='ltr'>κενὸς</span> <span class='ocrx_word' id='word_1_218' title='bbox 1557 3014 1916 3113; x_wconf 81' lang='grc' dir='ltr'>οἶομενους</span> <span class='ocrx_word' id='word_1_219' title='bbox 1968 3011 2079 3092; x_wconf 83' lang='grc' dir='ltr'>ὅτι</span> <span class='ocrx_word' id='word_1_220' title='bbox 2126 3010 2468 3114; x_wconf 81' lang='grc' dir='ltr'>ἠγάπησε</span> <span class='ocrx_word' id='word_1_221' title='bbox 2507 3009 2642 3110; x_wconf 81' lang='grc' dir='ltr'>μὲν</span> 
     </span>
     <span class='ocr_line' id='line_1_23' title="bbox 238 3135 2636 3289; baseline -0.002 -67"><span class='ocrx_word' id='word_1_222' title='bbox 238 3139 429 3238; x_wconf 80' lang='grc' dir='ltr'>ἡμᾶς</span> <span class='ocrx_word' id='word_1_223' title='bbox 465 3140 506 3218; x_wconf 92' lang='lat'><em>6</em></span> <span class='ocrx_word' id='word_1_224' title='bbox 543 3137 741 3229; x_wconf 81' lang='grc' dir='ltr'>Υιος,</span> <span class='ocrx_word' id='word_1_225' title='bbox 782 3141 899 3219; x_wconf 80' lang='grc' dir='ltr'>καὶ</span> <span class='ocrx_word' id='word_1_226' title='bbox 948 3138 1065 3218; x_wconf 77' lang='grc' dir='ltr'>διὰ</span> <span class='ocrx_word' id='word_1_227' title='bbox 1117 3147 1332 3218; x_wconf 89' lang='grc' dir='ltr'>τοῦτο</span> <span class='ocrx_word' id='word_1_228' title='bbox 1376 3144 1480 3245; x_wconf 79' lang='grc' dir='ltr'>τῷ</span> <span class='ocrx_word' id='word_1_229' title='bbox 1519 3143 1757 3241; x_wconf 86' lang='grc' dir='ltr'>Πατρὶ</span> <span class='ocrx_word' id='word_1_230' title='bbox 1793 3135 2306 3289; x_wconf 87' lang='grc' dir='ltr'>κατεκτήσατο,</span> <span class='ocrx_word' id='word_1_231' title='bbox 2343 3135 2636 3240; x_wconf 89' lang='grc' dir='ltr'>ἠγαπή-</span> 
     </span>
     <span class='ocr_line' id='line_1_24' title="bbox 235 3257 2641 3377; baseline -0.001 -33"><span class='ocrx_word' id='word_1_232' title='bbox 235 3297 478 3363; x_wconf 91' lang='grc' dir='ltr'>σαμεν</span> <span class='ocrx_word' id='word_1_233' title='bbox 513 3261 590 3344; x_wconf 82' lang='grc' dir='ltr'>δέ</span> <span class='ocrx_word' id='word_1_234' title='bbox 628 3268 745 3342; x_wconf 83' lang='grc' dir='ltr'>καὶ</span> <span class='ocrx_word' id='word_1_235' title='bbox 781 3261 978 3361; x_wconf 85' lang='grc' dir='ltr'>ἡμεῖς</span> <span class='ocrx_word' id='word_1_236' title='bbox 1015 3259 1257 3343; x_wconf 81' lang='grc' dir='ltr'>αὐτόν.</span> <span class='ocrx_word' id='word_1_237' title='bbox 1334 3263 1572 3365; x_wconf 90' lang='grc' dir='ltr'>λέγων</span> <span class='ocrx_word' id='word_1_238' title='bbox 1604 3297 1751 3365; x_wconf 92' lang='grc' dir='ltr'>γαρ</span> <span class='ocrx_word' id='word_1_239' title='bbox 1788 3260 1872 3341; x_wconf 89' lang='grc' dir='ltr'>τό</span> <span class='ocrx_word' id='word_1_240' title='bbox 1906 3269 2017 3341; x_wconf 84' lang='grc' dir='ltr'>Ἐν</span> <span class='ocrx_word' id='word_1_241' title='bbox 2052 3262 2254 3377; x_wconf 65' lang='grc' dir='ltr'>ἐκείνῃ</span> <span class='ocrx_word' id='word_1_242' title='bbox 2308 3296 2382 3350; x_wconf 80' lang='grc' dir='ltr'>τη</span> <span class='ocrx_word' id='word_1_243' title='bbox 2432 3257 2641 3371; x_wconf 60' lang='grc' dir='ltr'>ἣμερα</span> 
     </span>
     <span class='ocr_line' id='line_1_25' title="bbox 233 3384 2633 3492; baseline -0.001 -26"><span class='ocrx_word' id='word_1_244' title='bbox 233 3385 589 3492; x_wconf 72' lang='grc' dir='ltr'>γνώσεσθε,</span> <span class='ocrx_word' id='word_1_245' title='bbox 628 3421 827 3468; x_wconf 71' lang='lat' dir='ltr'><strong><em>omne&gt;</em></strong></span> <span class='ocrx_word' id='word_1_246' title='bbox 880 3384 1208 3490; x_wconf 90' lang='grc' dir='ltr'>παρόντα</span> <span class='ocrx_word' id='word_1_247' title='bbox 1262 3384 1555 3467; x_wconf 84' lang='grc' dir='ltr'>δεικνύει</span> <span class='ocrx_word' id='word_1_248' title='bbox 1604 3385 1733 3466; x_wconf 80' lang='grc' dir='ltr'>τὸν</span> <span class='ocrx_word' id='word_1_249' title='bbox 1782 3389 1911 3485; x_wconf 85' lang='grc' dir='ltr'>τῆς</span> <span class='ocrx_word' id='word_1_250' title='bbox 1955 3385 2297 3485; x_wconf 77' lang='grc' dir='ltr'>εἶδήσεως</span> <span class='ocrx_word' id='word_1_251' title='bbox 2342 3384 2633 3491; x_wconf 66' lang='grc' dir='ltr'>χρόνον</span> 
     </span>
     <span class='ocr_line' id='line_1_26' title="bbox 107 3508 2907 3651; baseline -0.003 -59"><span class='ocrx_word' id='word_1_252' title='bbox 107 3530 203 3592; x_wconf 84' lang='lat'>25</span> <span class='ocrx_word' id='word_1_253' title='bbox 237 3508 391 3592; x_wconf 82' lang='grc' dir='ltr'>εἶτα</span> <span class='ocrx_word' id='word_1_254' title='bbox 440 3514 517 3593; x_wconf 91' lang='grc' dir='ltr'>τί</span> <span class='ocrx_word' id='word_1_255' title='bbox 559 3510 795 3611; x_wconf 88' lang='grc' dir='ltr'>μάτην</span> <span class='ocrx_word' id='word_1_256' title='bbox 830 3512 1018 3611; x_wconf 81' lang='grc' dir='ltr'>ἡμᾶς</span> <span class='ocrx_word' id='word_1_257' title='bbox 1060 3511 1474 3592; x_wconf 82' lang='grc' dir='ltr'>κατεκτύπει</span> <span class='ocrx_word' id='word_1_258' title='bbox 1510 3512 1816 3614; x_wconf 89' lang='grc' dir='ltr'>λέγων</span> <span class='ocrx_word' id='word_1_259' title='bbox 1786 3547 1826 3592; x_wconf 92' lang='grc' dir='ltr'>ο</span> <span class='ocrx_word' id='word_1_260' title='bbox 1869 3509 2135 3614; x_wconf 83' lang='grc' dir='ltr'>Κύριος</span> <span class='ocrx_word' id='word_1_261' title='bbox 2176 3522 2218 3558; x_wconf 88' lang='grc'><strong>“</strong></span> <span class='ocrx_word' id='word_1_262' title='bbox 2242 3513 2340 3591; x_wconf 93' lang='grc' dir='ltr'>Ο</span> <span class='ocrx_word' id='word_1_263' title='bbox 2380 3509 2638 3615; x_wconf 84' lang='grc' dir='ltr'>Πατὴρ</span> <span class='ocrx_word' id='word_1_264' title='bbox 2727 3520 2907 3651; x_wconf 49' lang='grc' dir='ltr'>ἓξιζὲ</span> 
     </span>
     <span class='ocr_line' id='line_1_27' title="bbox 239 3633 2631 3744; baseline 0 -29"><span class='ocrx_word' id='word_1_265' title='bbox 239 3646 284 3685; x_wconf 83' lang='grc'><strong>“</strong></span> <span class='ocrx_word' id='word_1_266' title='bbox 321 3639 575 3744; x_wconf 80' lang='grc' dir='ltr'>ἀγαπᾷ</span> <span class='ocrx_word' id='word_1_267' title='bbox 608 3635 736 3717; x_wconf 82' lang='grc' dir='ltr'>τὸν</span> <span class='ocrx_word' id='word_1_268' title='bbox 770 3633 1041 3717; x_wconf 81' lang='grc' dir='ltr'>Υὶόν·”</span> <span class='ocrx_word' id='word_1_269' title='bbox 976 3699 996 3733; x_wconf 89' lang='grc'>,</span> <span class='ocrx_word' id='word_1_270' title='bbox 1091 3670 1201 3716; x_wconf 93' lang='grc' dir='ltr'>οτι</span> <span class='ocrx_word' id='word_1_271' title='bbox 1237 3634 1381 3739; x_wconf 79' lang='grc' dir='ltr'>γὰρ</span> <span class='ocrx_word' id='word_1_272' title='bbox 1417 3638 1535 3715; x_wconf 85' lang='grc' dir='ltr'>καὶ</span> <span class='ocrx_word' id='word_1_273' title='bbox 1581 3634 1795 3720; x_wconf 82' lang='grc' dir='ltr'>αυτὸς</span> <span class='ocrx_word' id='word_1_274' title='bbox 1845 3638 2097 3744; x_wconf 81' lang='grc' dir='ltr'>ἀγαπᾶ</span> <span class='ocrx_word' id='word_1_275' title='bbox 2142 3634 2270 3716; x_wconf 83' lang='grc' dir='ltr'>τὸν</span> <span class='ocrx_word' id='word_1_276' title='bbox 2308 3636 2631 3741; x_wconf 74' lang='grc' dir='ltr'>Πατέρα,</span> 
     </span>
     <span class='ocr_line' id='line_1_28' title="bbox 236 3759 2639 3866; baseline 0.002 -26"><span class='ocrx_word' id='word_1_277' title='bbox 236 3761 350 3844; x_wconf 88' lang='grc' dir='ltr'>τίς</span> <span class='ocrx_word' id='word_1_278' title='bbox 386 3763 514 3841; x_wconf 83' lang='grc' dir='ltr'>οὐκ</span> <span class='ocrx_word' id='word_1_279' title='bbox 548 3764 695 3866; x_wconf 85' lang='grc' dir='ltr'>ἐρεῖ</span> <span class='ocrx_word' id='word_1_280' title='bbox 710 3794 733 3858; x_wconf 84' lang='grc'>;</span> <span class='ocrx_word' id='word_1_281' title='bbox 793 3768 949 3846; x_wconf 78' lang='grc' dir='ltr'>πῶς</span> <span class='ocrx_word' id='word_1_282' title='bbox 997 3760 1075 3843; x_wconf 81' lang='grc' dir='ltr'>δὲ</span> <span class='ocrx_word' id='word_1_283' title='bbox 1115 3759 1273 3842; x_wconf 81' lang='grc' dir='ltr'>εἶπέ</span> <span class='ocrx_word' id='word_1_284' title='bbox 1306 3775 1429 3860; x_wconf 76' lang='grc' dir='ltr'>μοι</span> <span class='ocrx_word' id='word_1_285' title='bbox 1478 3763 1594 3840; x_wconf 84' lang='grc' dir='ltr'>καὶ</span> <span class='ocrx_word' id='word_1_286' title='bbox 1643 3765 1773 3861; x_wconf 83' lang='grc' dir='ltr'>τῆς</span> <span class='ocrx_word' id='word_1_287' title='bbox 1825 3767 1922 3845; x_wconf 83' lang='grc' dir='ltr'>εὶς</span> <span class='ocrx_word' id='word_1_288' title='bbox 1969 3761 2153 3860; x_wconf 83' lang='grc' dir='ltr'>ἡμᾶς</span> <span class='ocrx_word' id='word_1_289' title='bbox 2205 3759 2639 3863; x_wconf 89' lang='grc' dir='ltr'>ἀγαπήσεως</span> 
     </span>
     <span class='ocr_line' id='line_1_29' title="bbox 238 3883 2707 3992; baseline 0.001 -27"><span class='ocrx_word' id='word_1_290' title='bbox 238 3883 609 3992; x_wconf 83' lang='grc' dir='ltr'>ἀπόδειξιν</span> <span class='ocrx_word' id='word_1_291' title='bbox 662 3888 961 3967; x_wconf 85' lang='grc' dir='ltr'>ἐποιεῖτο</span> <span class='ocrx_word' id='word_1_292' title='bbox 1023 3890 1236 3992; x_wconf 84' lang='grc' dir='ltr'>σαφῆ</span> <span class='ocrx_word' id='word_1_293' title='bbox 1309 3883 1395 3966; x_wconf 79' lang='grc' dir='ltr'>τὸ</span> <span class='ocrx_word' id='word_1_294' title='bbox 1469 3883 1764 3967; x_wconf 80' lang='grc' dir='ltr'>ἑλέσθαι</span> <span class='ocrx_word' id='word_1_295' title='bbox 1826 3891 2082 3966; x_wconf 90' lang='grc' dir='ltr'>παθεῖν</span> <span class='ocrx_word' id='word_1_296' title='bbox 2140 3883 2318 3986; x_wconf 78' lang='grc' dir='ltr'>ὑπὲρ</span> <span class='ocrx_word' id='word_1_297' title='bbox 2378 3886 2579 3984; x_wconf 81' lang='grc' dir='ltr'>ἡμῶν</span> <span class='ocrx_word' id='word_1_298' title='bbox 2611 3918 2631 3982; x_wconf 90' lang='lat'>;</span> <span class='ocrx_word' id='word_1_299' title='bbox 2664 3905 2707 3968; x_wconf 93' lang='lat' dir='ltr'><strong>b</strong></span> 
     </span>
     <span class='ocr_line' id='line_1_30' title="bbox 239 4007 2913 4160; baseline 0.002 -71"><span class='ocrx_word' id='word_1_300' title='bbox 239 4020 287 4058; x_wconf 77' lang='lat'>‘⁴</span> <span class='ocrx_word' id='word_1_301' title='bbox 329 4009 570 4114; x_wconf 79' lang='grc' dir='ltr'>Μείζω</span> <span class='ocrx_word' id='word_1_302' title='bbox 621 4007 784 4113; x_wconf 80' lang='grc' dir='ltr'>γὰρ,</span> <span class='ocrx_word' id='word_1_303' title='bbox 822 4015 1033 4160; x_wconf 79' lang='grc' dir='ltr'>φησὶ,</span> <span class='ocrx_word' id='word_1_304' title='bbox 1070 4009 1332 4110; x_wconf 84' lang='grc' dir='ltr'>ταύτης</span> <span class='ocrx_word' id='word_1_305' title='bbox 1378 4015 1507 4110; x_wconf 84' lang='grc' dir='ltr'>τῆς</span> <span class='ocrx_word' id='word_1_306' title='bbox 1562 4013 1852 4114; x_wconf 86' lang='grc' dir='ltr'>ἀγαπῆς</span> <span class='ocrx_word' id='word_1_307' title='bbox 1899 4008 2219 4094; x_wconf 50' lang='grc' dir='ltr'>οὐδεὶς*</span> <span class='ocrx_word' id='word_1_308' title='bbox 2170 4045 2333 4115; x_wconf 87' lang='grc' dir='ltr'>εχει,</span> <span class='ocrx_word' id='word_1_309' title='bbox 2369 4011 2485 4090; x_wconf 85' lang='grc' dir='ltr'>ἵνα</span> <span class='ocrx_word' id='word_1_310' title='bbox 2533 4044 2641 4095; x_wconf 82' lang='grc' dir='ltr'>τις</span> <span class='ocrx_word' id='word_1_311' title='bbox 2730 4015 2913 4143; x_wconf 43' lang='lat'>&amp;¹⁸53</span> 
     </span>
     <span class='ocr_line' id='line_1_31' title="bbox 110 4131 2636 4242; baseline 0 -28"><span class='ocrx_word' id='word_1_312' title='bbox 110 4163 207 4225; x_wconf 81' lang='lat'>30</span> <span class='ocrx_word' id='word_1_313' title='bbox 239 4144 284 4183; x_wconf 88' lang='lat'><strong><em>“</em></strong></span> <span class='ocrx_word' id='word_1_314' title='bbox 324 4131 457 4234; x_wconf 84' lang='grc' dir='ltr'>τὴν</span> <span class='ocrx_word' id='word_1_315' title='bbox 492 4133 746 4241; x_wconf 75' lang='grc' dir='ltr'>ψυχὴν</span> <span class='ocrx_word' id='word_1_316' title='bbox 784 4136 1001 4216; x_wconf 81' lang='grc' dir='ltr'>αὑτοῦ</span> <span class='ocrx_word' id='word_1_317' title='bbox 1051 4142 1145 4241; x_wconf 84' lang='grc' dir='ltr'>θῇ</span> <span class='ocrx_word' id='word_1_318' title='bbox 1197 4135 1370 4239; x_wconf 77' lang='grc' dir='ltr'>ὑπὲρ</span> <span class='ocrx_word' id='word_1_319' title='bbox 1418 4142 1564 4216; x_wconf 80' lang='grc' dir='ltr'>τῶν</span> <span class='ocrx_word' id='word_1_320' title='bbox 1601 4137 1846 4242; x_wconf 91' lang='grc' dir='ltr'>φίλων</span> <span class='ocrx_word' id='word_1_321' title='bbox 1883 4137 2124 4216; x_wconf 85' lang='grc' dir='ltr'>αὐτοῦ.</span> <span class='ocrx_word' id='word_1_322' title='bbox 2126 4133 2167 4163; x_wconf 89' lang='grc'>”</span> <span class='ocrx_word' id='word_1_323' title='bbox 2226 4136 2302 4215; x_wconf 88' lang='grc' dir='ltr'>τί</span> <span class='ocrx_word' id='word_1_324' title='bbox 2345 4134 2420 4216; x_wconf 80' lang='grc' dir='ltr'>δὲ</span> <span class='ocrx_word' id='word_1_325' title='bbox 2469 4135 2636 4240; x_wconf 86' lang='grc' dir='ltr'>παρ’</span> 
     </span>
     <span class='ocr_line' id='line_1_32' title="bbox 237 4257 2643 4366; baseline 0 -27"><span class='ocrx_word' id='word_1_326' title='bbox 237 4260 444 4360; x_wconf 79' lang='grc' dir='ltr'>ἡμῶν</span> <span class='ocrx_word' id='word_1_327' title='bbox 497 4257 631 4360; x_wconf 84' lang='grc' dir='ltr'>τὴν</span> <span class='ocrx_word' id='word_1_328' title='bbox 685 4266 782 4344; x_wconf 81' lang='grc' dir='ltr'>εἰς</span> <span class='ocrx_word' id='word_1_329' title='bbox 838 4258 1090 4341; x_wconf 82' lang='grc' dir='ltr'>ἑαυτὸν</span> <span class='ocrx_word' id='word_1_330' title='bbox 1144 4259 1437 4363; x_wconf 88' lang='grc' dir='ltr'>ἀγάπην</span> <span class='ocrx_word' id='word_1_331' title='bbox 1491 4259 1713 4365; x_wconf 80' lang='grc' dir='ltr'>ἐζήτει</span> <span class='ocrx_word' id='word_1_332' title='bbox 1776 4265 2062 4366; x_wconf 78' lang='grc' dir='ltr'>σαφῶς,</span> <span class='ocrx_word' id='word_1_333' title='bbox 2118 4258 2236 4339; x_wconf 89' lang='grc' dir='ltr'>διά</span> <span class='ocrx_word' id='word_1_334' title='bbox 2293 4294 2368 4341; x_wconf 89' lang='grc' dir='ltr'>τε</span> <span class='ocrx_word' id='word_1_335' title='bbox 2431 4269 2643 4340; x_wconf 90' lang='grc' dir='ltr'>τοῦτο</span> 
     </span>
     <span class='ocr_line' id='line_1_33' title="bbox 236 4381 2636 4493; baseline -0.003 -26"><span class='ocrx_word' id='word_1_336' title='bbox 236 4392 573 4486; x_wconf 86' lang='grc' dir='ltr'>πληροῦν</span> <span class='ocrx_word' id='word_1_337' title='bbox 608 4385 1017 4487; x_wconf 83' lang='grc' dir='ltr'>ἐπείγεσθαι</span> <span class='ocrx_word' id='word_1_338' title='bbox 1067 4381 1164 4464; x_wconf 81' lang='grc' dir='ltr'>τὰ</span> <span class='ocrx_word' id='word_1_339' title='bbox 1213 4388 1561 4466; x_wconf 89' lang='grc' dir='ltr'>δοκοῦντα</span> <span class='ocrx_word' id='word_1_340' title='bbox 1617 4386 1855 4493; x_wconf 74' lang='grc' dir='ltr'>αὖτῷς</span> <span class='ocrx_word' id='word_1_341' title='bbox 1921 4385 1961 4463; x_wconf 88' lang='lat'><em>6</em></span> <span class='ocrx_word' id='word_1_342' title='bbox 1995 4383 2138 4488; x_wconf 84' lang='grc' dir='ltr'>γὰρ</span> <span class='ocrx_word' id='word_1_343' title='bbox 2173 4385 2479 4483; x_wconf 83' lang='grc' dir='ltr'>ἀγαπῶν</span> <span class='ocrx_word' id='word_1_344' title='bbox 2515 4416 2636 4479; x_wconf 89' lang='grc' dir='ltr'>με,</span> 
     </span>
    </p>
   </div>
   <div class='ocr_carea' id='block_1_3' title="bbox 515 4601 2378 4679">
    <p class='ocr_par' dir='ltr' id='par_1_3' title="bbox 515 4601 2378 4679">
     <span class='ocr_line' id='line_1_34' title="bbox 515 4601 2378 4679; baseline -0.003 -19"><span class='ocrx_word' id='word_1_345' title='bbox 515 4619 601 4677; x_wconf 86' lang='lat'>27.</span> <span class='ocrx_word' id='word_1_346' title='bbox 638 4602 947 4678; x_wconf 75' lang='grc' dir='ltr'>ἅγαπὴσεως</span> <span class='ocrx_word' id='word_1_347' title='bbox 970 4615 1308 4679; x_wconf 72' lang='lat' dir='ltr'><strong>assumptum</strong></span> <span class='ocrx_word' id='word_1_348' title='bbox 1333 4624 1399 4662; x_wconf 77' lang='lat' dir='ltr'>ex</span> <span class='ocrx_word' id='word_1_349' title='bbox 1426 4605 1491 4663; x_wconf 90' lang='lat' dir='ltr'>E.</span> <span class='ocrx_word' id='word_1_350' title='bbox 1516 4605 1718 4679; x_wconf 75' lang='grc' dir='ltr'>ἀγάπης</span> <span class='ocrx_word' id='word_1_351' title='bbox 1742 4603 1964 4677; x_wconf 79' lang='lat' dir='ltr'><strong>conjecit</strong></span> <span class='ocrx_word' id='word_1_352' title='bbox 1987 4603 2043 4658; x_wconf 87' lang='lat' dir='ltr'>in</span> <span class='ocrx_word' id='word_1_353' title='bbox 2069 4603 2210 4658; x_wconf 79' lang='lat' dir='ltr'>notis</span> <span class='ocrx_word' id='word_1_354' title='bbox 2237 4601 2378 4656; x_wconf 82' lang='lat' dir='ltr'><strong>Aub.</strong></span> 
     </span>
    </p>
   </div>
  </div>
 </body>
</html>
