3238 5158
173 328 339 395 xvii.
366 352 428 419 3.
539 333 654 398 IN
715 335 785 399 S.
832 334 1351 401 JOANNEM.
1444 333 1639 400 LIB.
1687 333 1809 400 XI.
1898 333 2101 399 CAP.
2146 332 2230 398 V.
2455 326 2588 396 669

175 504 232 544 “
266 495 725 600 πιστεύσητε,
783 499 938 580 οὐδ’
996 501 1081 581 οὐ
1135 497 1234 600 μὴ
1289 501 1622 600 συνῆτε.”
1701 498 1813 579 ὅτι
1872 497 1948 578 δὲ
2009 495 2143 597 τὴν
2204 498 2281 576 ἐν
2332 498 2589 599 ψιλοῖς

174 619 603 722 θεωρήμασι
646 630 945 724 γνῶσιν,
993 628 1240 730 χρῆμα
1283 629 1659 707 παντελῶς
1694 620 2041 722 ἀνόνητον
2075 623 2150 700 αἶ
2182 624 2328 700 τῶν
2364 614 2590 719 ἁγίων

171 743 357 841 ἡμῖν
425 747 913 853 ἀποφαίνουσι
976 751 1431 855 συγγραφαὶ,
1497 744 1849 846 συνήσειν
1921 741 2116 844 οἶμαι
2189 745 2587 823 κάντεῦθεν.

171 866 330 974 ἔφη
365 865 510 973 γάρ
555 903 700 951 που
747 905 856 956 τις
888 878 1037 952 τῶν
1072 872 1298 974 ἁγίων
1334 876 1678 972 μαθητῶν
1726 880 1773 918 “
1801 866 1913 951 Σὺ
1954 866 2312 951 πιστεύεις
2349 863 2460 946 ὅτι
2492 863 2591 950 εἷς
2613 888 2651 934 0
2679 867 2855 1000 farao.
2870 866 2925 917 ἢ·

88 1024 134 1087 5
172 1001 232 1039 ‘⁶
267 994 470 1071 ἐστιν
513 994 554 1072 ὃ
591 990 797 1093 Θεὸς,
849 1001 1094 1081 καλῶς
1146 1001 1388 1095 ποιεῖς,
1440 996 1557 1076 καὶ
1611 991 1944 1095 δαιμόνια
1985 990 2435 1088 πιστεύουσι,
2473 991 2592 1069 καὶ

173 1125 233 1166 “
268 1115 743 1220 φρίσσουσι.”
818 1118 896 1198 τί
936 1120 1063 1199 οὖν
1098 1121 1394 1222 ἐροῦμεν
1434 1115 1622 1221 πρὸς
1657 1125 1885 1198 ταῦτα
1919 1149 1939 1211 ;
1996 1121 2152 1200 πῶς
2201 1112 2593 1216 ἀληθεύσει

168 1240 534 1342 Χριστὸς,
578 1241 763 1345 ζωὴν
817 1242 1102 1322 αἰώνιον
1155 1239 1331 1322 εἶναι
1386 1241 1628 1344 λέγων
1663 1239 1749 1321 τὸ
1804 1246 2073 1342 γνῶναι
2125 1236 2256 1319 τὸν
2298 1238 2422 1318 ἕνα
2473 1240 2591 1318 καὶ

169 1364 425 1462 ἀληθῆ
484 1354 777 1468 Πατέρα
831 1368 948 1445 καὶ
1004 1362 1214 1464 Θεὸν,
1274 1368 1392 1446 καὶ
1455 1361 1600 1444 σῦν
1657 1365 1850 1471 αὐτῷ
1910 1361 2037 1442 τὸν
2092 1359 2326 1458 Υἶόν;
2416 1361 2586 1440 ἀλλ’
2683 1355 2692 1362 ’

170 1482 381 1585 οἶμαι
418 1486 507 1586 δὴ
541 1490 686 1568 δεῖν
722 1486 905 1589 πρὸς
939 1496 1152 1569 τοῦτο
1196 1493 1435 1587 εἰπεῖν,
1474 1488 1584 1568 ὅτι
1621 1485 1711 1588 δὴ
1744 1482 2031 1569 πάντως
2068 1482 2348 1586 ἀληθὴς
2383 1484 2593 1564 ἕσται

48 1649 79 1689 1
92 1649 139 1690 0
169 1617 314 1690 τοῦ
348 1614 682 1712 Σωτῆρος·
714 1611 755 1691 ὃ
791 1610 1034 1715 λόγος·
1112 1609 1254 1714 ζωὴ
1288 1609 1432 1715 γὰρ
1467 1611 1514 1711 ἡ
1547 1615 1841 1713 γνῶσις,
1880 1611 1978 1693 ὦς
2014 1608 2199 1709 ὅλην
2233 1608 2594 1688 ὠδίνουσα

169 1739 314 1813 τοῦ
366 1734 767 1837 μυστηρίου
819 1732 953 1835 τὴν
989 1734 1308 1834 δύναμιν,
1347 1734 1465 1814 καὶ
1519 1731 2029 1836 εἶσκομίζὸυσα
2081 1728 2215 1832 μὲν
2261 1736 2391 1831 τῆς
2443 1765 2587 1831 μυ·

170 1858 439 1954 στικῆς
494 1858 826 1960 εὐλογίας
878 1855 1012 1959 τὴν
1064 1856 1375 1965 μέθεξιν,
1411 1858 1497 1937 δι’
1543 1856 1632 1957 ἧς
1685 1861 1791 1964 τῷ
1846 1854 2053 1958 ζῶντι
2104 1856 2221 1935 καὶ
2269 1852 2590 1963 ζωοποιῷ
2839 1956 2870 1970 ..

170 1980 822 2080 προσοικειούμεθα
859 1980 1103 2090 Λόγῳ.
1182 1981 1561 2079 σύσσωμα
1614 1979 1759 2085 γὰρ
1812 1983 1930 2059 καὶ
1983 1978 2408 2083 συμμέτοχα
2459 1986 2590 2058 τοῦ
2615 1976 2659 2042 d
2679 1956 2813 2073 {Ph-
2837 1957 2910 2008 ¹²¹·

172 2106 518 2203 Χριστοῦ
565 2102 682 2183 διὰ
729 2105 997 2204 ταύτην
1032 2101 1227 2204 οἶμαι
1274 2103 1407 2205 τὴν
1444 2106 1676 2185 αἰτίαν
1712 2106 1829 2186 καὶ
1868 2106 1908 2184 ὃ
1950 2108 2247 2200 Παῦλος
2292 2101 2385 2182 τὰ
2420 2101 2590 2203 ἔθνη

53 2258 137 2321 15
171 2227 521 2330 γενέσθαι
577 2230 831 2335 φησὶν,
880 2228 1004 2308 ἅτε
1061 2227 1148 2329 δὴ
1204 2232 1323 2308 καὶ
1375 2228 1874 2334 μετεσχηκότα
1930 2231 2061 2327 τῆς
2114 2227 2323 2329 ἀγίας
2372 2226 2592 2306 αὐτοῦ

172 2348 460 2451 σαρκός
506 2384 586 2429 τε
628 2354 744 2431 καὶ
795 2352 1117 2451 αἵματος.
1200 2352 1482 2452 νοηθείη
1531 2354 1594 2432 δ’
1634 2350 1724 2431 ἂν
1759 2353 1945 2432 οὕτω
1999 2351 2118 2430 καὶ
2166 2348 2355 2450 μέλη
2392 2354 2582 2452 Χρι-

172 2481 372 2554 στοῦ
415 2472 506 2553 τὰ
552 2475 859 2579 ἡμέτερα
908 2472 1124 2574 μέλη.
1196 2473 1336 2577 ζωὴ
1393 2483 1775 2578 τοιγαροῦν
1830 2475 1873 2574 ἡ
1932 2479 2205 2576 γνῶσις
2259 2474 2578 2572 εἰσκομί-

171 2597 411 2702 §buca
444 2596 625 2703 πρὸς
660 2601 889 2709 τούτῳ
926 2598 1058 2700 τὴν
1095 2598 1212 2680 διὰ
1248 2607 1376 2681 τοῦ
1407 2600 1830 2700 Πνεύματος
1857 2599 2214 2701 εὐλογίαν.
2281 2604 2599 2678 κατοικεῖ

169 2719 331 2825 γὰρ
382 2724 457 2802 ἐν
509 2728 665 2808 ταῖς
718 2725 1034 2827 καρδίαις
1085 2722 1310 2823 ἡμῶν,
1351 2726 1820 2829 ἀναμορφοῦν
1868 2725 1965 2805 εἷς
2020 2719 2382 2802 υἱοθεσίαν
2424 2717 2589 2806 τοῦς

51 2877 141 2919 20
174 2847 601 2951 δεχομένους
656 2845 850 2946 αὐτὸ,
895 2850 1011 2927 καὶ
1067 2845 1530 2927 ἀναπλάττον
1580 2851 1680 2931 εἶς
1734 2844 2156 2953 ἀφθαρσίαν
2205 2847 2323 2923 καὶ
2378 2844 2585 2924 εὗσέ·
2610 2856 2648 2900 ⁰

167 2977 388 3066 βειαν
422 2969 541 3050 διὰ
583 2972 948 3055 πολιτείας·
996 2971 1486 3074 εὖαγγελικῆς.
1565 2967 1918 3078 πρόξενον
1952 2970 2192 3050 τοίνυν
2226 2971 2343 3050 καὶ
2378 2971 2588 3079 οἱονεὶ

168 3091 727 3198 προμνήστριαν
779 3101 926 3174 τῶν
981 3093 1366 3199 εἰρημένων
1410 3096 1727 3197 ἀγαθῶν,
1773 3091 1905 3195 τὴν
1949 3096 2047 3177 εἷς
2102 3092 2268 3174 Θεὶν
2316 3091 2421 3174 τὶν
2464 3093 2587 3172 ἕνα

170 3220 300 3297 καὶ
352 3215 644 3312 ἀληθινὸν
700 3216 1171 3317 ἐπιστάμενος
1226 3223 1504 3320 γνῶσιν
1549 3219 1589 3296 ὁ
1640 3217 1906 3321 Κύριος
1959 3217 2163 3316 ἡμῶν
2204 3213 2489 3316 Ἰησοῦς
2543 3217 2586 3296 ὁ

171 3338 527 3445 Χριστὸς,
588 3338 760 3451 ζωῆν
820 3338 1004 3422 εἶναί
1055 3347 1289 3450 φησιν
1344 3338 1566 3439 αὐτὴν
1619 3338 1755 3439 τὴν
1809 3340 2069 3421 αἰώνιον
2142 3337 2269 3420 ἅτε
2324 3337 2413 3439 δὴ
2466 3342 2585 3421 καὶ

50 3505 85 3544 2
93 3498 134 3561 5
167 3463 453 3568 μητέρα
517 3467 634 3545 καὶ
705 3462 982 3572 τροφὸν
1040 3469 1169 3566 τῆς
1242 3465 1528 3545 αἰωνίου
1591 3463 1798 3567 ζωῆς,
1867 3464 2270 3543 ὠδίνουσαν
2332 3460 2585 3567 ὥσπερ

168 3589 254 3668 ἐν
303 3587 443 3695 ἰδίᾳ
478 3585 768 3690 δυνάμει
820 3591 939 3668 καὶ
994 3587 1217 3696 φύσει
1271 3587 1363 3668 τὰ
1412 3591 1541 3688 τῆς
1590 3587 1771 3691 ζωῆς
1820 3586 2013 3668 αἴτια
2053 3587 2171 3667 καὶ
2214 3590 2311 3672 εἰς
2360 3583 2583 3686 αὐτὴν

170 3709 659 3818 ἀποφέροντα.
716 3773 723 3777 -

291 3830 523 3934 Οἶμαι
577 3833 654 3914 δὲ
708 3839 854 3917 δεῖν
894 3837 1323 3941 ε’πιτηρῆσαι
1369 3841 1820 3944 φιλομαθῶς,
1863 3832 2047 3916 κατὰ
2104 3835 2262 3916 τίνα
2315 3833 2585 3939 τρόπον

166 3958 252 4036 ἐν
298 3957 468 4057 ἡμῖν
511 3957 783 4060 εἴρηκεν
836 3960 877 4039 ὃ
914 3956 1240 4063 Χριστὸς
1293 3956 1427 4059 τὴν
1469 3957 1922 4060 τελεωτάτην
1974 3962 2584 4061 ἀποπληροῦσθαι
2606 3986 2642 4027 a
2681 3972 2818 4029 984
2834 3971 2913 4027 A·

46 4113 135 4172 30
164 4086 455 4185 γνῶσιν
489 4090 615 4162 τοῦ
668 4079 893 4182 μόνου
937 4084 1053 4162 καὶ
1108 4081 1292 4163 κατὰ
1333 4082 1683 4183 ἀλήθειαν
1716 4081 1923 4168 ὄντος
1961 4088 2181 4163 Θεοῦ.
2258 4082 2388 4163 θέα
2437 4082 2582 4187 γὰρ

166 4203 370 4289 ὅπως
416 4205 501 4284 οὗ
556 4205 722 4310 δίχα
768 4208 898 4305 τῆς
942 4205 1056 4313 ἐφ’
1093 4210 1252 4314 ’Υἱῷ
1304 4206 1605 4310 θεωρίας
1654 4206 1998 4308 γίγνεται,
2054 4210 2282 4308 δῆλον
2335 4204 2414 4285 δὲ
2468 4203 2582 4285 ὅτι

2684 2350 2842 2427 ῙΙΟοτ.

2676 2431 2744 2467 νι.
2762 2428 2839 2479 15.

250 4498 335 4555 16.
374 4498 634 4583 Χριστοῦ]
662 4502 800 4556 Θεοῦ
823 4500 890 4556 Ε.
916 4502 952 4532 “
969 4498 1169 4556 Christi
1178 4501 1201 4589 ἵ
1205 4501 1222 4527 ’
1246 4499 1409 4591 habe}
1432 4498 1630 4626 Ἣ.
1654 4500 1817 4573 Trap-
1842 4504 2076 4573 Χριστοῦ
2103 4502 2168 4556 τὰ
2195 4499 2416 4572 ἡμέτερα
2444 4499 2579 4571 με’λη

167 4588 284 4628 om.
312 4570 520 4643 Mlgne.
949 4571 1037 4627 26.
1071 4571 1231 4640 αὐτην
1254 4571 1320 4627 Ε.
1344 4571 1500 4626 αυτὸν
1612 4611 1628 4627 .
