3238 5158
602 342 731 407 120
1208 345 1285 409 B.
1334 343 1756 410 OYRILLI
1814 344 2392 411 ALEXANDR.
2738 364 2870 408 vm
2895 358 3007 427 53.

601 502 857 591 αὐτοὺς
911 507 1529 615 ἀποτεθνήξεσθαι
1585 506 1754 616 φῂς,
1798 508 2072 612 μείζους
2126 509 2361 611 δήπου
2414 507 2704 592 πάντως
2759 507 2877 585 καὶ
2928 508 3012 585 ἐν

601 629 930 727 ἀμείνοσι
993 636 1141 711 τῶν
1197 632 1581 735 εἰρημένων
1647 638 1811 732 εἰσὶ,
1868 635 2021 715 κατ’
2081 632 2258 714 αὐτὸ
2323 632 2412 735 δὴ
2477 639 2690 712 τοῦτο
2754 628 2839 709 τὸ
2901 628 3011 730 μὴ

600 751 951 833 τεθνάναι.
1029 750 1139 859 ἆρ’
1179 756 1325 835 οὖν’
1382 754 1535 837 εἰπὲ
1581 755 1749 860 γὰρ,
1785 761 1997 864 φασὶ,
2036 761 2155 837 καὶ
2191 753 2569 861 ἀπόκριναι
2607 757 3005 834 διαπυνθα-

602 875 920 974 νομένοις
997 879 1245 958 ἐκεῖνο·
1332 881 1573 989 μείζων
1648 878 1861 965 αὐτὸς
1933 878 1994 961 εἷ
2059 883 2172 962 τοῧ
2233 877 2575 988 Ἀβρααμ
2657 880 2775 958 καὶ
2858 883 3012 956 τῶν

599 1005 1101 1106 προφητῶν,ο
1073 1003 1092 1029 ‘
1154 1006 1271 1082 καὶ
1320 1002 1594 1106 μείζους
1647 1003 1930 1086 ἐκείνων
1974 1004 2254 1108 ἑτέρους
2303 1006 2684 1085 ἀποτελεῖν
2725 1003 3079 1106 &max-5

603 1124 980 1223 νούμενος·
961 1187 983 1223 ,
1045 1122 1157 1230 ἆρ’
1198 1129 1283 1207 οῦ
1331 1126 1644 1234 τεθνήξῃ
1692 1125 2140 1282 τεθνηκότων
2187 1127 2493 1225 ἐκείνων,
2537 1130 2881 1225 διαμενεῖς
2931 1122 3013 1204 δὲ

267 1261 396 1319 5⁷¹7
414 1258 494 1315 A·
542 1273 579 1314 8
603 1246 978 1349 ἀθάνατος,
1015 1249 1393 1354 ἅνθρωπος
1442 1285 1562 1347 ων,
1598 1255 1718 1331 καὶ
1768 1251 1914 1332 ἀπὸ
1963 1256 2099 1355 γῆς
2153 1285 2339 1356 εχων
2385 1285 2471 1331 το
2521 1257 2786 1349 σῶμα·
2767 1312 2787 1345 ,
2848 1255 3014 1334 πῶς

602 1372 731 1453 οὖν
785 1372 877 1454 ἂν
928 1375 1238 1475 ἐπιδοίης
1298 1373 1557 1479 ἑτέροις
1617 1372 1659 1455 ὃ
1718 1376 1847 1455 οὐκ
1905 1375 2086 1481 ἔχεις
2146 1374 2411 1471 αὐτός;
2490 1371 2799 1481 τεθνήξῃ
2860 1372 3011 1477 γὰρ

599 1494 890 1584 πάντως
939 1498 1317 1603 ἅνθρωπος
1370 1495 1498 1579 ὧν.
1579 1504 1641 1579 εἰ
1691 1497 1767 1578 δὲ
1817 1501 1945 1579 οὐκ
1997 1496 2062 1580 εἶ
2101 1500 2342 1608 μείζων
2376 1499 2718 1607 Ἀβραάμ
2761 1531 2838 1578 τε
2887 1500 3014 1577 καὶ

596 1628 743 1701 τῶν
776 1627 1200 1728 προφητῶν,
1235 1620 1365 1702 τὸν
1400 1620 1640 1703 κοινὸν
1675 1623 1960 1707 ἐκείνοις
2012 1619 2610 1724 ὑποστησόμενος
2656 1619 3005 1719 θάνατον,
3046 1652 3126 1696 10

598 1745 728 1825 οὐκ
792 1746 934 1847 ἀρα
1009 1746 1264 1828 δώσεις
1332 1744 1592 1849 ἑτέροις
1668 1744 1709 1826 ὃ
1783 1746 1975 1847 μηδέ
2038 1779 2163 1826 σοι
2227 1745 2634 1850 πρόσεστιν
2697 1742 3005 1847 ἀγαθόν·

598 1867 935 1968 τοιαύτην
988 1867 1150 1950 τινὰ
1212 1868 1345 1969 τήν
1409 1868 1726 1950 διάνοιαν
1792 1869 1933 1975 ἔχει
1996 1869 2081 1951 τὸ
2143 1870 2477 1972 πλαγίως
2538 1869 2709 1972 παρ’
2768 1869 3015 1949 αὐτῶν

599 1988 983 2094 εἶρημένον.
1061 1996 1181 2074 καὶ
1232 1990 1335 2097 μὴ
1392 1993 1796 2101 θαυμάσῃς,
1833 1998 1892 2074 εἷ
1940 1992 2169 2074 πλέον
2213 1992 2417 2074 οὐδὲν
2465 1994 2795 2073 ἐννοοῦσι
2841 1995 3014 2095 περὶ

599 2119 956 2217 Χριστοῦ.
1057 2120 1155 2203 ὡς
1217 2114 1363 2221 γὰρ
1428 2116 1791 2202 πολλάκις
1853 2115 1992 2219 ἤδη
2053 2116 2171 2198 διὰ
2226 2124 2534 2198 πολλῶν
2591 2113 3006 2220 εἰρήκαμεν,

602 2237 983 2342 ἄνθρωπον
1062 2240 1281 2321 αὐτον
1362 2276 1538 2322 ειναι
1622 2241 1857 2348 ψιλὸν
1937 2276 2054 2322 και
2138 2248 2287 2321 τῶν
2369 2241 2537 2321 καθ’
2609 2241 2795 2340 ἡμᾶς
2880 2241 3014 2319 ἕνα
3048 2274 3124 2334 15

533 2361 577 2428 b
604 2361 997 2466 νομίζουσι,
1071 2398 1202 2444 τον
1278 2363 1629 2446 ἐνωθέντα
1711 2367 1934 2469 σαρκὶ
2013 2368 2401 2467 Μονογενῆ
2487 2361 2681 2444 Θεον
2757 2363 3017 2465 Λόγον

601 2492 976 2570 παντελῶς
1049 2485 1571 2591 ἀγνοήσαντες,
1650 2490 1800 2570 τίνα.
1874 2523 2147 2570 σεαυτον
2222 2492 2460 2579 ποιεῖς,
2536 2487 2626 2595 ἐξ
2695 2486 3015 2591 ἀμέτρου

601 2613 1181 2717 φρενοβλαβείας
1235 2647 1646 2770 povovovxtae
1676 2617 1794 2694 καὶ
1846 2614 2289 2717 ἐπανορθοῦν
2343 2611 2611 2692 οἴονται
2667 2621 3016 2711 πλημμε-

601 2741 875 2815 λοῦντα
915 2735 1045 2818 τὸν
1086 2736 1378 2841 Κύριον,
1414 2741 1530 2818 καὶ
1585 2736 1836 2840 ὥσπερ
1890 2735 2276 2840 ἠγνοηκότι
2327 2769 2413 2816 το
2467 2736 2765 2840 πρέπον,
2799 2769 3008 2834 συμ-

599 2858 1039 2954 βουλεύουσι
1077 2867 1370 2967 φρονεῖν
1406 2895 1475 2941 τι
1510 2860 2004 2965 μετριώτερον.
2083 2858 2441 2964 ἠγνόηκας
2475 2858 2621 2963 γὰρ
2670 2856 2729 2940 ὦ
2775 2858 3011 2957 οὗτος,
3048 2894 3128 2935 20

601 2985 814 3090 φασὶ,
851 2982 984 3084 τὴν
1018 2987 1272 3066 ἑαυτοῦ
1318 2983 1570 3091 φύσιν,
1606 2984 1964 3066 ἐπελάθου
2016 2984 2091 3065 δὲ
2140 2983 2391 3088 ῶσπερ
2446 2985 2824 3088 ἅνθρωπος
2879 2982 3012 3082 ὧν,

603 3107 732 3186 οῦκ
769 3106 1127 3210 ἠρκέσθης
1162 3111 1267 3216 τῷ
1302 3108 1579 3189 δοθέντι
1612 3106 1814 3212 παρὰ
1843 3113 2038 3189 Θεοῦ
2074 3111 2337 3217 μέτρῳ·
2370 3110 2519 3188 τίνα
2549 3104 2697 3210 γὰρ
2732 3108 3016 3189 σεαυτὶν

603 3234 842 3320 ποιεῖς,
883 3231 924 3310 ὃ
978 3237 1099 3309 καὶ
1151 3235 1280 3330 τῆς
1332 3235 1499 3337 παρ’
1539 3234 1760 3314 αὐτοῦ
1817 3235 2231 3340 φιλοτιμίας
2284 3228 2378 3311 τὰ
2432 3230 2696 3332 ἀμείνω
2742 3230 3016 3310 δώσειν

544 3381 581 3425 ο
603 3350 1334 3458 καθυπισχνούμενος,
1406 3360 1522 3436 καὶ
1604 3356 1889 3461 μείᾷινα
1975 3354 2465 3460 κατορθώσειν
2538 3358 2667 3456 τῆς
2742 3355 3015 3434 ἐκείνου

601 3473 964 3576 δυνάμεως
1038 3477 1560 3584 ῥιψοκινδύνως
1636 3480 1906 3578 εἶπών;
2006 3480 2517 3583 κατακρίνουσι
2591 3478 2831 3558 τοίνυν
2906 3479 3011 3563 ὡς
3045 3507 3129 3568 ²5

599 3598 1214 3705 δυσφημήσαντα,
1288 3606 1407 3683 καὶ
1491 3607 1867 3709 σκορπίων
1950 3604 2151 3705 δίκην
2222 3605 2631 3704 ἐπιπηδῶσι
2711 3598 3007 3699 λοιπὸν,

595 3724 924 3823 ἐπιτιμᾶν
961 3724 1036 3807 δὲ
1082 3729 1342 3833 χρῆναι
1391 3731 1510 3807 καὶ
1557 3725 1856 3835 σφόδρα
1906 3727 2192 3811 δικαίως
2246 3721 2853 3822 ὑπολαμβάνουσι
2902 3730 3014 3833 τῷ

597 3851 926 3953 Χριστῷ,
981 3851 1079 3933 ὧς
1132 3848 1218 3930 τὸ
1276 3848 1409 3949 μὲν
1463 3853 1590 3950 τῆς
1646 3848 2199 3953 ἀνθρωπότητος
2254 3847 2663 3952 ἀτιμάζοντι
2717 3845 3013 3950 μέτρον,

596 3974 1054 4071 ἀναπηδῶντι
1138 3971 1216 4053 δὲ
1298 3976 1415 4053 καὶ
1498 3972 1964 4084 ἐξαλλομένιρ
2050 3982 2424 4071 τοσοῦτον,
2500 3975 2598 4057 ὡς
2686 3969 3016 4052 ἐπέκεινα

597 4094 953 4201 φέρεσθαι
1017 4098 1147 4195 τῆς
1209 4096 1510 4197 ἐνούσης
1573 4095 1793 4204 δόξης
1855 4102 1960 4207 τῷ
2023 4094 2317 4179 πάντων
2373 4093 2746 4200 Δεσπότῃ,
2801 4092 3015 4174 ἀλλὰ
3045 4120 3134 4179 30

670 4305 929 4394 &dm-dem
931 4328 1033 4361 ιναι
1025 4304 1532 4517 6θεὶι(ἰέζηὲιὶτνόκριναι
1556 4309 1613 4365 δε
1642 4309 1842 4392 Heysse,
1869 4309 1965 4365 sed
1988 4309 2170 4400 potius
2195 4310 2470 4391 ἀπόκριναι
2488 4329 2546 4362 τε
2552 4305 2688 4397 .]ἀπ

598 4323 792 4431 ἀποκ’
769 4398 927 4431 amat
954 4376 1119 4431 Holnt
1296 4378 1446 4435 deest
1470 4381 1714 4436 clausula
1736 4398 1792 4436 m
1818 4398 1867 4435 8.
2052 4398 2107 4447 4.
2143 4379 2308 4435 ἐκεῖνο
2331 4378 2493 4434 edidi.
2520 4378 2694 4433 ἐκεινου
2769 4375 3012 4431 ,ἐκεῖνον

1025 4446 1078 4503 6.
1196 4447 1403 4521 ]αῦτὸς
1424 4468 1474 4505 8.
1671 4465 1721 4522 7.
1758 4448 1946 4521 ‹in-NJ·
1916 4473 1973 4506 εκ
1996 4469 2046 4506 8.
2227 4452 2282 4508 8.
2319 4450 2383 4506 ἂν
2407 4445 2662 4537 ἐπιδοίης]
2689 4446 2931 4520 ἐπιδίδφς
2952 4462 3010 4501 t.

598 4535 655 4644 g.
662 4456 903 4601 ιμείζῶν]
936 4524 997 4582 -Ι-
1026 4445 1222 4575 αὐτὸς]
1204 4536 1253 4574 8.
1493 4537 1580 4576 21.
1698 4544 1756 4578 σι
1781 4530 1835 4577 et
1859 4524 2060 4578 σαυτοῦ
2083 4538 2134 4578 8.
2323 4529 2436 4577 ’22.
2472 4519 2677 4576 Mum
2699 4517 2841 4589 παρὰ
2866 4520 3012 4572 Θεοῦ

639 4605 704 4644 oc
728 4588 914 4645 ordine
938 4588 1007 4648 B.
1009 4607 1059 4646 8.
1157 4590 1379 4647 σεαυτὸν
1402 4590 1470 4646 Β.
1495 4593 1554 4647 ἑο
1648 4592 1803 4649 vflt.
1830 4591 1935 4648 Ed.
