3238 5158
635 344 722 406 80
1244 348 1322 412 B.
1371 347 1794 413 CYRILLI
1851 347 2427 414 ALEXANDR.
2645 348 3034 437 viii.39,40<.

637 514 972 615 πανταχῆ
1021 509 1153 612 μὲν
1188 514 1417 620 ἑαυτῷ
1466 512 1862 620 φυλάττων
1898 511 1985 591 τὸ
2038 511 2486 622 ἀδιάφθορον
2520 516 2617 599 ὡς
2656 519 2824 621 Θεῷ
2859 513 3038 594 κατὰ

639 633 891 740 φύσιν,
928 633 1127 735 πλὴν
1165 638 1249 716 οὐ
1300 639 1625 741 διορίσας
1677 640 1931 718 ἑαυτοῦ
1978 636 2107 738 τὸν
2144 639 2322 720 ἴδιον
2358 637 2552 736 ναὸν,
2590 638 2760 718 ἀλλ’
2801 642 2900 722 ὡς
2947 637 3039 724 εἷς

643 754 988 862 ὑπάρχων
1030 758 1225 855 Υἱὸς,
1272 762 1389 838 καὶ
1447 760 1563 839 ὅτε
1622 761 1917 872 γε’χονεν
1975 761 2383 865 ἅνθρωπος·
2447 761 2760 857 ἀλήθειαν
2814 761 3039 864 γεμὴν

644 883 978 980 λαλῆσαί
1027 889 1284 990 φησιν.
1387 885 1471 963 οὐ
1529 883 1673 987 γὰρ
1729 887 1805 964 ἐν
1859 885 2110 969 τύποις
2169 886 2271 966 ἔτι
2334 890 2451 967 καὶ
2515 885 2858 992 σχήμασι
2913 884 3039 986 τὴν

642 1005 1015 1102 εὐσέβειαν
1050 1008 1479 1107 ἐπιτηδεύειν
1522 1008 1713 1107 ἡμᾶς
1761 1010 1801 1088 5
1851 1018 1981 1090 τοῦ
2028 1014 2366 1112 Σωτῆρος
2417 1009 2741 1091 διδάσκει
2787 1010 3035 1114 λόγος,
3061 1027 3096 1088 5

645 1128 846 1209 ἀλλὰ
920 1128 1052 1229 τὴν
1113 1134 1188 1210 ἐν
1252 1130 1601 1231 πνεύματι
1675 1137 1791 1213 καὶ
1864 1133 2217 1235 ἀληθινὴν
2279 1135 2621 1238 λατρείαν
2687 1136 3042 1216 ἀναπείθει

647 1254 959 1354 ἀγαπᾶν.

580 1371 624 1436 (Ῑ
747 1374 988 1457 ‘'Orav
1023 1376 1101 1458 δὲ
1146 1378 1327 1485 λε’γῃ
1370 1379 1479 1459 ὅτι
1501 1377 1607 1459 *A
1647 1381 1931 1481 ἥκουσα
1964 1379 2163 1483 παρὰ
2200 1389 2328 1460 τοῦ
2364 1380 2682 1485 Πατρὸς,
2718 1387 3038 1463 σκανδα-

645 1500 939 1581 λιστέον
975 1503 1325 1600 οὐδαμῶς.
1402 1501 1643 1603 ἐπειδὴ
1693 1502 1838 1608 γὰρ
1885 1502 2137 1585 ἑαυτὸν
2180 1503 2508 1609 ἄνθρωπον
2551 1502 2735 1586 εἷναί
2782 1512 3042 1611 φησιν,

644 1627 1274 1729 ἀνθρωποπρεπῶς
1322 1630 1439 1706 καὶ
1489 1634 1704 1707 τοῦτο
1752 1635 1984 1710 λαλεῖ.
2072 1631 2168 1712 ὡς
2224 1627 2368 1731 γὰρ
2423 1628 2912 1729 ἀποθνήσκειν
2954 1634 3048 1714 ὣς
3075 1655 3142 1698 10

644 1748 1023 1850 ἅνθρωπος
1061 1749 1369 1852 λέγεται,
1409 1749 1743 1854 λεγέσθω
1779 1755 1898 1831 καὶ
1934 1751 2214 1832 ἀκούειν
2251 1755 2349 1836 ὡς
2385 1751 2791 1855 ἅνθρωπος.
2869 1751 3050 1836 εἰκὸς

648 1872 723 1951 δὲ
763 1869 873 1951 ὅτι
908 1872 1042 1973 τὴν
1077 1872 1396 1980 ἔμφυτον
1432 1881 1732 1978 γνῶσιν,
1769 1874 1860 1976 ἢν
1897 1875 2040 1980 ἕχει
2076 1879 2239 1979 περὶ
2276 1883 2422 1956 τῶν
2458 1872 2889 1977 θελημᾶτων
2925 1886 3050 1956 τοῦ

648 1995 828 2074 ἰδίου
865 1995 1323 2101 Γεννήτορος,
1359 2002 1454 2082 ὡς
1490 2002 1567 2077 ἐν
1601 2005 1707 2107 τῷ
1740 2002 2097 2080 Ἀκοῦσαι
2134 2000 2440 2100 τίθησιν·
2492 2001 2680 2080 οὕτω
2716 1998 2862 2103 γὰρ
2896 2000 3052 2086 ἔθος

648 2121 768 2199 καὶ
805 2121 984 2226 αὐτῇ
1022 2120 1261 2223 λέγειν
1294 2121 1655 2206 πολλάκις
1700 2129 1791 2228 τῇ
1841 2125 2298 2233 θεοπνεύστῳ
2336 2130 2591 2230 γραφῇ
2627 2128 2792 2228 περὶ
2827 2129 3047 2205 Θεοῦ·

650 2242 825 2324 ὅταν
872 2243 1015 2347 γὰρ
1071 2244 1233 2351 εἴπῃ
1291 2249 1434 2324 Καὶ
1479 2245 1750 2345 ἤκουσε
1803 2247 2090 2352 Κύριος,
2126 2248 2285 2353 οὐχὶ
2340 2246 2429 2348 δὴ
2483 2245 2770 2332 πάντως
2824 2246 3053 2348 ἰδικὴν
3081 2276 3147 2336 15

593 2400 628 2443 e
652 2372 767 2448 καὶ
840 2368 1355 2475 ἀφωρισμένην
1417 2368 1550 2471 τὴν
1613 2369 2051 2471 ἀκουστικὴν
2115 2372 2310 2478 αὐτῷ
2380 2370 2869 2477 περιθήσομεν
2940 2372 3050 2452 αἶ-

651 2497 948 2593 σθησιν,
985 2490 1314 2598 καθάπερ
1350 2493 1478 2573 οὖν
1515 2496 1719 2575 ἐστιν
1755 2497 1831 2574 ἐν
1862 2494 2057 2595 ἡμῖν.
2139 2497 2343 2596 ἁπλῆ
2387 2492 2532 2600 γάρ
2580 2498 2784 2575 ἐστιν
2820 2497 2864 2596 ἡ
2900 2498 3058 2576 θεία

653 2613 900 2724 φύσις,
939 2619 1056 2699 καὶ
1090 2617 1502 2705 συνθέσεως
1539 2616 1835 2720 ἁπάσης
1878 2621 2439 2721 ἀπηλλαγμένη·
2497 2619 3057 2728 παραδεξόμεθα

653 2739 728 2822 δὲ
769 2748 1064 2841 μᾶλλον
1101 2745 1197 2828 ὡς
1248 2742 1470 2839 ἀκοὴν
1504 2741 1638 2843 τὴν
1676 2750 1974 2845 γνῶσιν,
2011 2747 2129 2822 καὶ
2178 2741 2312 2843 τὴν
2348 2750 2624 2846 γνῶσιν
2658 2747 2756 2829 ὡς
2804 2743 3052 2845 ἀκοήν*

651 2864 1005 2949 σύνθετον
1054 2866 1130 2948 δὲ
1187 2867 1387 2948 οὐδὲν
1436 2869 1513 2948 ἐν
1561 2870 1797 2976 ἁπλῷ,
1836 2866 2161 2973 καθάπερ
2216 2865 2615 2970 εἰρήκαμεν.
2687 2870 2936 2972 τρίτον
2981 2867 3061 2949 δὲ
3089 2897 3163 2938 ²0

652 2993 929 3077 τούτοις
1000 2994 1388 3093 ἐποίσομεν
1452 2991 1704 3095 λόγον,
1771 2994 1899 3072 οὐκ
1970 2991 2115 3073 ἀπὸ
2187 3001 2316 3073 τοῦ
2376 2990 2771 3094 πρέποντος
2833 2991 3062 3077 ἰόντες

654 3125 963 3197 σκοποῦ.
1041 3115 1182 3223 ἔφη
1237 3152 1381 3198 που
1434 3119 1596 3222 περὶ
1654 3121 1988 3219 Χριστοῦ
2039 3112 2225 3220 πρός
2281 3115 2614 3198 Μωυσέα
2675 3114 2803 3197 τὸν
2859 3117 3066 3220 ἰερῶ-

320 3264 458 3319 550
476 3263 555 3318 Δ.
596 3276 635 3317 a
657 3275 874 3321 τατον
913 3242 952 3320 5
982 3240 1169 3324 Θεὸς
1206 3242 1324 3322 καὶ
1353 3238 1635 3344 Πατὴρ,
1660 3240 1770 3321 ὅτι
1803 3251 1846 3289 “
1873 3239 2280 3346 Προφήτην
2315 3240 2716 3341 ἀναστήσω
2753 3242 3061 3326 αὐτοῖς·”

319 3339 561 3455 ἓᾷᾞᾈε,
656 3367 883 3461 δῆλον
938 3361 1014 3442 δὲ
1074 3363 1185 3443 ὅτι
1239 3373 1389 3450 τοῖς
1449 3364 1539 3471 ἐξ
1586 3363 1924 3468 Ἰσραήλ·
2009 3375 2052 3413 “
2090 3366 2168 3444 ἐκ
2223 3370 2371 3444 τῶν
2424 3367 2768 3471 ἀδελφῶν
2821 3366 3071 3446 αὐτῶν

656 3495 700 3534 “
737 3482 991 3590 ὥσπερ
1024 3486 1135 3585 σὲ,
1176 3492 1295 3568 καὶ
1333 3488 1540 3589 θήσω
1578 3486 1745 3572 τοῦς
1780 3487 2047 3592 λόγους
2080 3523 2221 3587 μου
2257 3493 2355 3575 εἰς
2388 3487 2476 3569 τὸ
2511 3486 2760 3588 στόμα
2799 3490 3064 3589 αὐτοῦ,
3101 3508 3182 3569 ²5

655 3619 700 3658 ‘⁶
734 3612 854 3691 καὶ
890 3610 1208 3712 λαλήσει
1245 3613 1484 3694 αὐτοῖς
1519 3611 1704 3691 κατὰ
1738 3612 1980 3693 πάντα
2016 3610 2165 3693 ὅσα
2200 3609 2292 3692 ἂν
2323 3612 2745 3713 ἐντείλωμαι
2794 3615 3068 3723 αὐτ-ᾦ.”

652 3734 771 3816 διὰ
824 3734 1093 3837 ταύτην
1143 3736 1270 3816 οὖν
1320 3731 1515 3836 οἶμαι
1570 3732 1704 3836 τὴν
1751 3737 1982 3818 αἰτίαν
2026 3739 2067 3817 5
2114 3734 2382 3840 Κύριος
2434 3737 2637 3838 ἡμῶν
2672 3737 2969 3838 Ἰησοῦς
3027 3741 3074 3820 5

652 3858 979 3963 Χριστὸς
1054 3861 1371 3942 ἀκοῦσαί
1437 3868 1630 3968 φησι
1704 3858 1903 3969 παρα
1973 3864 2085 3943 τοῦ
2161 3858 2455 3966 Πατρὸς
2532 3858 2641 3956 riv
2710 3858 3070 3961 ἀλήθειαν,

648 3985 918 4086 ταύτην
971 4021 1049 4065 τε
1110 3991 1443 4087 λαλῆσαι
1495 3993 1644 4071 τοῖς
1698 3986 2088 4084 Ἰουδαίοις,
2144 3986 2326 4085 ὁμοῦ
2389 3987 2507 4065 καὶ
2565 3986 2761 4093 αὐτῷ
2814 4021 3069 4091 μαχο-

648 4108 903 4210 μένους
973 4109 1291 4216 ἐλέγχων
1365 4108 1622 4195 αὐτοῦς
1695 4116 1799 4218 τῷ
1865 4116 2033 4218 Θεῷ
2103 4112 2222 4190 καὶ
2289 4114 2364 4191 Π
2367 4114 2549 4213 ατρὶ,
2612 4113 2733 4190 καὶ
2803 4110 3081 4192 ἑαυτὸν
3111 4133 3198 4192 30

727 4335 775 4374 1.
810 4321 1050 4391 πανταχῆ
1078 4321 1195 4377 Ba.
1221 4320 1402 4376 Holet.
1425 4323 1696 4393 πανταχοῦ
1719 4320 1866 4375 Aub.
1987 4321 2120 4378 Θεὸς
2143 4337 2192 4375 a.
2220 4318 2340 4375 Cat.
2371 4320 2529 4376 Harl.
2760 4318 2816 4375 6.
2851 4319 3085 4393 ἀγαπᾶν

650 4389 913 4446 ἀναπείθει
936 4392 1151 4446 inverso
1173 4392 1362 4447 ordine
1385 4409 1434 4446 a.
1648 4392 1701 4447 8.
1737 4391 1820 4447 ὅτι
1846 4391 1912 4447 Β.
1940 4390 2040 4446 Ht.
2067 4392 2129 4447 τὸ
2154 4409 2184 4445 e
2209 4390 2329 4446 Cat.
2355 4391 2502 4446 Aub.
2595 4389 2792 4446 Statim
2816 4389 2852 4444 ἃ
2873 4409 2995 4448 om.
3021 4410 3082 4448 a.

652 4459 771 4517 Cat.
804 4460 960 4517 Harl.
1180 4479 1203 4516 1
1250 4502 1263 4517 .
1300 4461 1433 4517 οὕτω
1456 4463 1526 4533 γὸ
1582 4462 1702 4518 ἔθος
1726 4479 1776 4517 a.
1801 4460 1936 4518 οὕτω
1958 4462 2062 4534 γὰρ
2085 4461 2309 4518 ἀκοῦσαι
2333 4462 2453 4518 ἔθος
2477 4460 2583 4518 Ed.
2791 4476 2876 4531 19.
2911 4463 2996 4519 ὣς
3020 4468 3085 4518 et

648 4532 744 4602 τὴν
765 4532 858 4586 alt.
884 4532 1187 4603 transponit
1249 4551 1347 4589 ene
1370 4542 1434 4589 ut
1458 4484 1566 4589 vaf.
1595 4533 1803 4605 Migne.
2019 4548 2106 4588 Μ.
2140 4531 2288 4606 περὶ]
2314 4538 2374 4598 -1-
2395 4536 2493 4589 τοῦ
2513 4550 2566 4590 ι.
2782 4544 2872 4603 27.
2906 4536 2945 4589 ὁ
2970 4534 3082 4590 alt.

648 4612 991 4675 assumptum
1016 4620 1081 4658 ex
1111 4602 1177 4659 B.
