3238 5158
616 325 705 388 34
1221 335 1298 401 Β.
1344 334 1759 400 CYRILLI
1818 332 2391 400 ALEXANDR.
2744 323 2880 389 viii.
2908 319 3024 387 28.

559 492 663 592 θῆ
736 493 881 598 γὰρ
943 505 1073 577 τοῦ
1137 499 1380 605 φωτὸς
1451 498 1794 599 συστολή
1866 533 1946 581 τε
2012 501 2129 579 καὶ
2193 494 2655 602 ἀναχώρησις
2717 486 3028 569 σκοτίας

618 616 904 719 γένεσιν
956 628 1162 719 ποιεῖ,
1220 625 1337 701 καὶ
1399 623 1626 704 πάλιν
1692 623 1736 721 ἡ
1794 632 1924 703 τοῦ
1982 619 2227 728 φωτὸς
2289 617 2654 723 παρουσία
2717 609 3030 693 σκοτίας

618 740 1037 846 ἀφανισμὸν
1097 743 1482 849 ἐργάζεται.
1587 748 1842 826 οὐκοῦν
1899 747 2395 826 ἀποδείκνυται
2460 748 2619 847 φῶς
2677 735 3033 841 ὑπάρχων

619 863 803 944 κατὰ
852 866 1194 967 ἀλήθειαν
1242 871 1282 948 ὁ
1333 867 1681 973 Χριστὸς,
1726 872 2080 952 σκοτίσας
2126 867 2257 967 μὲν
2292 864 2676 947 Ἰουδαίους
2726 859 2843 941 διὰ
2890 863 3034 958 τῆς

619 987 740 1067 ἀπ’
780 989 1014 1070 αὑτῶν
1049 990 1547 1090 ἀποστάσεως,
1586 995 2105 1099 καταφωτίσας
2146 991 2222 1072 δὲ
2272 988 2365 1071 τὰ
2400 989 2568 1087 ἔθνη
2606 985 2722 1066 διὰ
2757 987 2886 1083 τῆς
2920 988 3030 1065 εἷς
3060 1004 3101 1064 5

620 1110 802 1191 αὑτὰ
855 1114 1276 1217 παρουσίας,
1330 1118 1446 1196 καὶ
1500 1115 1758 1221 πικρὸν
1802 1116 2103 1217 μάθημα
2157 1121 2305 1198 τοῖς
2354 1111 2719 1193 Ἰουδαίοις
2772 1108 2817 1208 ἡ
2872 1112 3031 1186 τῶν

622 1239 868 1316 δεινῶν
913 1236 1166 1339 γέγονε
1214 1246 1447 1343 πεῖρα.

291 1473 514 1533 519Δ·
565 1488 602 1531 a
1449 1503 1736 1550 ΑΛΛΩΣ
1795 1503 1897 1550 ‘ro
1958 1502 2194 1549 Ar‘ro,

676 1691 887 1758 Ὅταν
941 1696 1253 1775 ὑψώσητε
1306 1698 1418 1764 τὸν
1474 1695 1610 1767 υἱὸν
1664 1703 1780 1764 τοῦ
1834 1696 2209 1788 ἀνθρώπου,
2261 1698 2412 1763 τότε
2467 1694 2791 1770 Γνώσεσθε
2844 1694 2951 1758 ὅτι

1651 1822 1786 1899 ἐγώ
1840 1820 1992 1901 εἰμι.
3063 1823 3139 1862 ¹0

736 1984 1074 2088 Ἐπείπερ
1125 1990 1219 2071 εἷς
1269 1985 1402 2087 τὴν
1445 1988 1710 2091 σάρκα,
1750 1994 2001 2095 φησὶν,
2040 1993 2450 2097 ἀφορῶντες
2496 1984 2744 2085 μόνην,
2786 1981 3032 2090 ψιλὸν

625 2104 1006 2209 ἄνθρωπον
1054 2106 1236 2191 εἶναι’
1281 2145 1370 2209 με
1423 2112 1816 2210 πιστεύετε,
1863 2118 1980 2194 καὶ
2034 2122 2180 2195 τῶν
2230 2111 2392 2193 καθ’
2440 2113 2623 2210 ὑμᾶς
2676 2106 3030 2213 ὑπάρχειν

625 2230 748 2309 ἕνα
812 2232 1145 2335 νομίζετε,
1202 2233 1288 2315 τὸ
1343 2235 1420 2315 δὲ
1473 2239 1601 2335 τῆς
1658 2235 1991 2337 θεότητος
2050 2237 2361 2344 ἀξίωμα,
2422 2238 2538 2314 καὶ
2598 2235 2642 2331 ἡ
2701 2234 3026 2312 ἐντεῦθεν

624 2353 828 2461 δόξα,
877 2355 1031 2435 οὐδ’
1090 2357 1272 2438 ὅσον
1323 2366 1421 2443 εἰς
1477 2368 1648 2439 νοῦν
1701 2361 1935 2440 ἄνεισι
1989 2359 2117 2441 τὸν
2172 2363 2392 2457 ὑμῶν·
2456 2358 2664 2437 ἔσται
2719 2363 3026 2454 σημεῖον

628 2479 792 2577 ὑμῖν
841 2478 1366 2582 ἐναργέστατον
1401 2491 1530 2564 τοῦ
1578 2483 1763 2564 κατὰ
1811 2483 2153 2585 ἀλήθειαν
2197 2486 2276 2564 ἐκ
2320 2488 2514 2563 Θεοῦ
2550 2479 2742 2561 Θεὸν
2779 2478 3016 2581 ὑπάρ-
3061 2494 3140 2554 15

559 2618 605 2684 b
626 2634 780 2706 χειν
815 2600 958 2701 ἐμὲ,
995 2608 1112 2683 καὶ
1163 2613 1320 2712 φῶς
1368 2609 1446 2687 ἐκ
1497 2606 1761 2713 φωτὸς,
1799 2608 1884 2688 τὸ
1931 2609 2307 2690 πάνδεινον
2358 2610 2555 2705 ὑμῶν
2605 2607 2722 2685 καὶ
2772 2637 3015 2705 παρα-

626 2724 1041 2824 νομώτατον
1083 2728 1446 2831 τόλμημα,
1497 2732 1890 2829 τουτέστιν,
1944 2734 1985 2812 ὃ
2039 2730 2355 2835 σταυρός
2410 2733 2529 2811 καὶ
2584 2732 2625 2808 ὁ
2680 2728 2785 2808 ἐπ’
2827 2727 3024 2834 αὑτῷ

624 2851 754 2948 τῆς
809 2849 1081 2954 σαρκὸς
1138 2852 1466 2939 θάνατος.
1532 2855 1707 2935 ὅταν
1750 2855 1895 2958 γὰρ
1951 2857 2143 2956 ἰ’δητε
2194 2861 2325 2956 τῆς
2379 2859 2647 2936 ἑαυτῶν
2682 2851 3023 2933 ἀπονοίας·

626 2974 993 3076 ἄπρακτον
1046 2974 1178 3073 μὲν
1231 2978 1617 3079 γενομένην
1670 2978 1802 3078 τὴν
1858 2980 2178 3076 ἔκβασιν,
2225 2975 2900 3080 συντεθραυσμένην
2943 2971 3025 3053 δὲ

627 3100 744 3176 καὶ
803 3096 936 3198 τὴν
998 3101 1112 3179 ἐπὶ
1185 3107 1288 3207 τῷ
1360 3101 1650 3209 θανάτῳ
1723 3100 1991 3205 πάγην·
2082 3100 2656 3201 διαναστήσομαι
2727 3098 2870 3201 γὰρ
2944 3099 3024 3176 ἐκ
3062 3128 3147 3169 20

627 3228 918 3323 νεκρῶν·
1002 3223 1164 3303 τότε
1220 3227 1336 3303 καὶ
1391 3226 1527 3329 οὑχ
1584 3221 1860 3309 ἑκόντες
1916 3229 2013 3310 ὡς
2067 3226 2156 3332 ἐξ
2204 3224 2520 3326 ἀνάγκης
2576 3224 2712 3323 ἤδη
2764 3219 3030 3302 Λοιπὸν

628 3343 1094 3445 συνθήσεσθε
1144 3353 1291 3431 τοῖς
1339 3347 1506 3451 παρ’
1546 3352 1718 3447 ἐμοῦ
1764 3348 1946 3451 πρὸς
1998 3351 2181 3447 ὑμᾶς
2215 3344 2557 3452 γεγονόσι
2593 3344 2865 3448 λόγοις,
2907 3348 3029 3423 καὶ

632 3465 824 3548 Θεὸν
882 3464 1059 3547 εἶναι
1122 3469 1305 3549 κατὰ
1370 3470 1596 3576 φύσιν
1663 3471 2178 3575 ὁμολογήσετε.
2284 3471 2622 3574 κρείττων
2688 3467 2819 3567 μὲν
2881 3465 3027 3569 γὰρ

572 3623 609 3667 ο
633 3592 890 3693 ἔσομαι
927 3591 1236 3674 θανάτου
1270 3598 1384 3674 καὶ
1425 3600 1728 3699 φθορᾶς,
1771 3600 1871 3680 ὡς
1906 3592 1985 3675 δὲ
2017 3594 2157 3699 ζωὴ
2197 3594 2379 3675 κατὰ
2416 3593 2645 3699 φύσιν
2682 3590 3027 3695 ὑπάρχων

630 3713 758 3796 τὸν
820 3715 993 3814 ἐμὸν
1055 3719 1453 3817 ἀναστήσω
1520 3716 1713 3798 ναόν.
1819 3720 1988 3798 ἀλλ’
2059 3718 2254 3821 ε’ίπερ
2325 3720 2483 3797 ἐστὶ
2554 3716 2641 3796 τὸ
2714 3713 3028 3796 θανάτου
3065 3741 3148 3800 25

631 3847 913 3943 κρατεῖν
984 3846 1103 3920 καὶ
1174 3847 1320 3922 τῶν
1393 3845 1521 3940 τῆς
1594 3847 1873 3947 φθορᾶς
1950 3840 2644 3944 καταλαζονεύεσθαι
2730 3838 3029 3943 βρόχων

632 3969 800 4072 Θεῷ
843 3966 1121 4067 πρέπον
1158 3970 1263 4072 τῷ
1314 3962 1497 4044 κατὰ
1545 3964 1795 4071 φύσιν,
1834 3968 1950 4045 καὶ
1988 3966 2121 4070 οὑχ
2157 3966 2372 4072 ἑτέρῳ
2407 3971 2554 4045 τῶν
2590 3963 2819 4043 ὄντων
2854 3965 3025 4060 τινὶ,

630 4095 786 4173 πῶς
860 4090 943 4169 οὑ
1015 4085 1196 4168 κατὰ
1272 4085 1519 4188 πάσης
1592 4088 1911 4168 ἐκποδὼν
1978 4089 2359 4190 γενομένης
2436 4087 2847 4188 ἀντιλογίας
2913 4089 3034 4165 καὶ

632 4211 901 4295 παντὸς
953 4215 1382 4309 ἐνδοιασμοῦ
1438 4213 2046 4317 ἀναδειχθήσομαι
2098 4210 2335 4292 πάντα
2391 4210 2508 4291 διὰ
2562 4221 2775 4292 τοῦτο
2832 4216 3037 4288 νικᾶν

704 4430 757 4487 5.
793 4417 1133 4472 ὑποστάσεως
1158 4414 1223 4470 Β.
1248 4412 1551 4470 emendavit
1576 4413 1760 4469 Holst.
1906 4429 1954 4467 ’“.
1995 4414 2174 4469 δεινῶν
2200 4413 2266 4470 Β.
2290 4414 2451 4468 ἐθνῶν
2471 4413 2570 4468 Ht.
2592 4412 2695 4468 Ed.
2846 4428 2927 4467 12.
2964 4435 3031 4481 με

632 4504 742 4541 om.
770 4486 836 4540 Β.
865 4486 1025 4542 habet
1048 4505 1096 4542 a.
1217 4488 1469 4558 ὑπάρχειν
1494 4485 1560 4540 Β.
1586 4486 1724 4553 ὑπερ
1764 4506 1885 4538 om
1911 4449 2011 4540 ht.
2038 4484 2142 4539 Ed.
2363 4501 2446 4558 19.
2482 4485 2577 4554 τὴν
2600 4491 2939 4554 assumptum
2964 4501 3032 4538 ει

631 4556 786 4613 a.b.0.
814 4556 975 4613 Cord.
1038 4561 1046 4570 “
1191 4572 1277 4628 25.
1314 4559 1374 4611 τὸ
1393 4556 1469 4611 Β.
1493 4560 1586 4611 τοῦ
1613 4555 1713 4610 Ht.
1788 4554 1842 4610 d.
