3238 5158
190 332 345 398 xvii.
368 335 520 401 6-8.
575 337 691 401 IN
752 338 816 404 S.
867 339 1380 406 JOANNEM.
1474 340 1664 405 LIB.
1713 339 1833 404 XI.
1926 340 2136 405 CAP.
2176 340 2333 406 VII.
2466 343 2588 404 681

189 502 309 577 καὶ
366 498 575 609 τύπῳ
635 508 760 604 τῆς
822 505 1000 590 ἰδίας
1063 508 1351 613 μορφῆς
1411 509 1485 585 ἐν
1542 508 1634 610 τῇ
1698 514 1828 584 τοῦ
1887 505 2325 606 γεννήματος
2384 504 2584 612 δόξῃ.

188 619 416 724 λόγος
458 625 590 724 μὲν
629 626 770 729 γὰρ
819 627 1018 732 παρὰ
1067 635 1213 714 τοῖς
1261 630 1744 734 ἀρχαιοτέροις·
1794 629 2109 713 τοιοῦτός
2155 663 2263 713 τις
2312 627 2400 729 ἦν
2434 634 2595 731 περὶ

186 748 436 827 αὐτοῦ·
521 754 675 831 νυνὶ
750 753 825 833 δὲ
898 757 1015 834 καί
1090 756 1175 834 δι’
1241 756 1457 854 αὐτῆς
1530 753 1699 853 ἡμῖν
1762 751 2002 859 ὅψεως
2069 753 2588 859 πεφανέρωται·

184 871 429 975 μεῖζον
466 873 542 954 δὲ
577 881 675 960 εἰς
709 879 960 957 πίστιν
997 878 1112 958 ἀεί
1153 912 1306 962 πως
1354 880 1512 957 ἐστὶ
1550 882 1694 957 τῶν
1730 879 1806 956 ἐν
1844 876 2092 979 λόγοις
2143 878 2224 958 τὸ
2281 877 2588 980 θεωρού-

117 1017 156 1078 5
184 1029 435 1094 μενον.

306 1118 539 1219 Οἶμαι
585 1122 718 1224 μὲν
753 1127 879 1206 οῦν
916 1127 1043 1207 οὐκ
1093 1125 1237 1208 ἀπὸ
1285 1134 1571 1207 σκοποῦ
1622 1124 1749 1206 τὸν
1792 1128 1907 1207 ἐπὶ
1959 1124 2232 1210 τούτοις·
2275 1126 2443 1225 ἡμῖν
2478 1159 2599 1227 γε-

184 1247 542 1346 γενῆσθαι
579 1248 826 1351 λόγον·
885 1251 1066 1331 ἰτέον
1101 1250 1328 1354 γεμὴν
1364 1253 1481 1330 καὶ
1528 1251 1615 1330 δι’
1657 1250 1898 1352 ἑτέρας
1947 1249 2171 1346 οἵμου,
2208 1249 2596 1342 τουτεὶττιν,
2623 1285 2657 1328 ο

186 1370 365 1449 ὁδοῦ
414 1372 916 1474 θεωρημάτων.
997 1372 1423 1483 πεφανέρωκε
1473 1372 1615 1478 γὰρ
1667 1371 1739 1456 τό
1791 1376 2000 1479 ὄνομα,
2040 1381 2169 1454 τοῦ
2218 1372 2511 1476 Πατρὸς
2558 1376 2597 1453 5

186 1492 393 1590 Υἱὸς,
415 1499 512 1579 εἰς
547 1496 819 1579 ἔννοιαν
847 1499 1185 1599 δηλονότι
1221 1502 1338 1579 καὶ
1375 1505 1473 1583 εἰς
1508 1502 1869 1606 ἀκραιφνῆ
1908 1498 2208 1602 θεωρίαν
2234 1497 2593 1597 καταστή-

86 1651 163 1691 ιο
186 1651 337 1701 σας
374 1619 582 1718 ἡμᾶς,
611 1622 746 1727 οὐχ
779 1622 890 1705 ὅτι
923 1622 1147 1725 μόνον
1183 1623 1289 1726 εἴη
1328 1623 1538 1708 Θεός·
1600 1623 2021 1727 ε’κηρύττετο
2055 1620 2198 1725 γὰρ
2233 1631 2446 1703 τοῦτο
2484 1625 2600 1702 καὶ

185 1739 339 1845 πρὸ
394 1747 522 1842 τῆς
577 1746 947 1847 ἐπιδημίας
1003 1748 1122 1830 διὰ
1175 1752 1302 1849 τῆς
1358 1745 1847 1829 θεοπνεύστου
1902 1751 2216 1854 γραφῆς·
2282 1749 2450 1826 ἀλλ’
2491 1746 2602 1826 ὅτι

188 1865 384 1970 πρὸς
442 1875 548 1977 τῷ
606 1869 794 1957 Θεὸς
851 1869 1027 1952 εἰναι
1090 1870 1276 1954 κατὰ
1332 1871 1699 1972 ἀλήθειαν,
1759 1876 1874 1953 καὶ
1938 1869 2199 1974 Πατήρ
2257 1873 2461 1951 ἐστιν
2519 1872 2603 1951 οὐ

190 1993 711 2098 ψευδωνύμως,
749 1996 933 2102 ἔχων
969 1999 1046 2077 ἐν
1083 1999 1312 2106 ἑαυτῷ
1350 2000 1469 2078 καὶ
1503 1997 1592 2105 ἐξ
1631 1999 1886 2078 ἑαυτοῦ
1922 1994 2007 2077 τὸ
2044 1997 2224 2077 ἴδιον
2261 1996 2602 2098 γέννημα,

190 2115 616 2219 σύνδρομόν
651 2153 728 2200 τε
783 2124 901 2201 καὶ
959 2120 1326 2202 συναΐδιον
1370 2127 1461 2228 τῇ
1514 2123 1659 2229 ἰδίᾳ
1709 2121 1957 2229 φύσει·
2033 2122 2411 2224 γεγέννηκε
2460 2119 2605 2225 γὰρ

88 2264 165 2320 15
193 2242 331 2322 οὐκ
388 2242 464 2321 ἐν
518 2243 759 2352 χρόνῳ
811 2243 942 2325 τὸν
994 2252 1139 2326 τῶν
1194 2246 1472 2326 αἰώνων
1531 2243 1992 2349 δημιουργόν.
2056 2246 2479 2349 κυριώτερον
2527 2246 2616 2325 δέ

190 2401 357 2449 πως
396 2367 603 2473 ὄνομα
638 2374 740 2476 τῷ
777 2371 945 2477 Θεῷ
979 2369 1065 2450 τό
1106 2370 1366 2474 Πατὴρ
1415 2368 1461 2471 ἢ
1499 2369 1717 2455 Θεός·
1776 2368 1863 2451 τὸ
1912 2369 2041 2468 μὲν
2078 2370 2223 2473 γάρ
2269 2372 2429 2450 ἐστι
2477 2375 2606 2469 τῆς

193 2488 414 2599 ἀξίας
465 2491 930 2594 σημαντικὸν,
974 2493 1059 2574 τὸ
1116 2492 1192 2575 δὲ
1247 2498 1374 2595 τῆς
1416 2493 1823 2577 οὖσιώδους
1880 2489 2224 2593 ἰδιότητος
2278 2492 2420 2599 ἔχει
2473 2492 2607 2593 τὴν

195 2616 557 2717 δήλωσιν.
649 2619 842 2699 Θεὸν
895 2617 1027 2717 μὲν
1080 2617 1223 2723 γάρ
1286 2653 1395 2703 τις
1460 2617 1698 2717 εἰπὼν,
1753 2616 1881 2700 τὸν
1935 2623 2081 2697 τῶν
2138 2616 2332 2698 ὅλων
2386 2616 2605 2723 ἔδειξε
2631 2627 2676 2693 d

198 2740 503 2844 Κύριον·
564 2743 858 2848 Πατέρα
893 2743 1122 2846 γεμὴν
1158 2743 1551 2842 ὀνομάσας,
1577 2750 1725 2823 τῶν
1757 2747 1884 2843 τῆς
1923 2739 2269 2843 ἰδιότητος
2305 2737 2606 2822 ἅπτεται

86 2898 166 2939 20
196 2863 473 2968 λόγων,
501 2868 960 2974 πεφανέρωκε
1005 2865 1150 2971 γὰρ
1203 2866 1314 2949 ὅτι
1363 2867 1807 2971 γεγέννηκεν.
1878 2866 2295 2968 οἰκειότερον
2331 2864 2416 2944 δέ
2451 2898 2605 2948 πως

193 2993 319 3071 καὶ
370 2993 861 3095 ἀληθέστερον
897 2990 1123 3091 ὄνομα
1170 2998 1274 3100 τῷ
1313 2996 1480 3100 Θεῷ
1532 2987 1617 3071 τό
1666 2989 1925 3094 Πατὴρ
1980 2992 2099 3070 καί
2147 2987 2359 3073 αὐτὸς
2413 2990 2601 3068 ἀπο-

194 3114 436 3213 νέμων
477 3116 518 3194 ὁ
559 3115 759 3213 Υἱὸς,
793 3114 970 3197 ποτὲ
1022 3113 1154 3215 μὲν
1197 3112 1470 3219 ἐ’λεγεν,
1509 3116 1640 3195 οῦκ
1674 3110 1876 3217 Ἐγὼ
1932 3117 2052 3195 καὶ
2106 3115 2147 3194 5
2192 3111 2379 3196 Θεὸς
2432 3112 2603 3190 ἀλλ’

195 3250 245 3287 “
280 3236 483 3339 Ἐγὼ
531 3243 648 3320 καὶ
696 3241 737 3320 5
786 3239 1046 3343 Πατὴρ
1096 3239 1172 3319 ἕν
1208 3237 1489 3339 ἐσμεν,”
1531 3236 1708 3319 ποτὲ
1758 3238 1833 3318 δὲ
1883 3236 2110 3318 πάλιν
2141 3239 2304 3340 περὶ
2353 3237 2606 3315 ἑαυτοῦ
2695 3250 2859 3364 ξψέ

194 3373 245 3411 “
282 3368 568 3445 Τοῦτον
621 3362 766 3468 γὰρ
831 3365 872 3444 5
941 3362 1200 3467 Πατὴρ
1263 3360 1720 3472 ἐσφράγισεν
1787 3363 1828 3441 5
1888 3360 2142 3445 Θεός·”
2226 3356 2425 3440 ἀλλὰ
2489 3361 2607 3439 καὶ
2696 3329 2875 3430 Ιῦ-ὃνῖ.

83 3514 163 3576 25
193 3487 570 3592 βαπτίζειν
605 3488 844 3569 πάντα
879 3488 972 3569 τὰ
1006 3487 1173 3588 ἔθνη
1212 3496 1359 3574 τοῖς
1395 3490 1650 3568 ἑαυτοῦ
1687 3491 2036 3587 μαθηταῖς
2079 3484 2440 3592 ἐπιτάξας,
2478 3484 2607 3565 οῦκ

194 3618 300 3697 εἰς
356 3612 582 3710 ὄνομα
635 3622 765 3694 τοῦ
822 3619 1014 3694 Θεοῦ
1069 3621 1282 3694 τοῦτο
1337 3618 1539 3716 δρᾶν,
1596 3612 1767 3692 ἀλλ’
1828 3621 1872 3660 “
1899 3616 1997 3696 εἰς
2050 3609 2136 3692 τὸ
2192 3609 2420 3711 ὄνομα
2478 3618 2607 3690 τοῦ
2696 3619 2943 3736 ξέξὶῗίξὼ·

194 3746 244 3784 “
283 3735 579 3840 Harpas-
633 3740 751 3818 καὶ
804 3745 934 3817 τοῦ
981 3741 1164 3817 Υἰοῦ
1222 3741 1339 3817 καὶ
1395 3746 1525 3817 τοῦ
1568 3737 1828 3840 Ἀγίου
1874 3736 2358 3835 Πνεύματος,”
2398 3737 2596 3839 διαῤ-
2704 3767 2778 3818 ¹9·

192 3859 428 3966 ῥήδην
463 3861 882 3960 ἐνομοθέτει.
966 3864 1298 3961 Μωυσῆς
1340 3857 1474 3960 μὲν
1510 3860 1656 3965 γὰρ
1704 3864 1742 3941 5
1786 3860 2194 3958 θεσπέσιος,
2232 3859 2365 3960 τὴν
2400 3862 2607 3941 τοῦδε

194 3993 331 4066 τοῦ
394 3982 676 4085 κόσμου
738 3985 1035 4085 ποίησιν
1099 3984 1600 4092 ἐξηγούμενος,
1667 3986 1804 4090 οὐχ
1875 3987 1973 4066 ἑνὶ
2037 3984 2412 4091 προσώπῳ
2474 3981 2608 4082 τὴν

83 4149 166 4208 30
197 4110 672 4214 δημιουργίαν
709 4110 1009 4190 ἀνετίθει
1043 4106 1352 4214 γράφων
1380 4119 1424 4156 “
1450 4112 1597 4209 Καὶ
1635 4106 1827 4191 εἶπεν
1864 4111 1905 4188 5
1945 4107 2131 4192 Θεός
2171 4106 2606 4208 Ποιήσωμεν
2628 4141 2666 4182 a
2708 4129 2842 4183 962
2862 4127 2942 4182 A.

196 4247 244 4284 α
301 4236 336 4265 2
856 4235 874 4259 ο
965 4239 982 4264 ,
1051 4229 1069 4257 t
1240 4232 1257 4256 e
1414 4233 1438 4261 t
1711 4236 1734 4264 χ
1937 4233 1954 4259 0
2023 4232 2041 4257 ε
2161 4231 2180 4264 p
2365 4232 2423 4278 ,υ
2577 4233 2603 4263 χ
2695 4203 2887 4253 Gen-i.

281 4241 670 4338 ανθρωπον
722 4267 860 4314 κατ
927 4267 1162 4314 εικονα
1216 4268 1563 4338 ημετεραν
1617 4267 1736 4313 και
1791 4238 1932 4313 καθ
2009 4265 2357 4332 ομοιωσιν
2487 4263 2607 4311 και
2697 4267 2779 4319 26.

277 4528 329 4568 2.
366 4533 447 4568 τις
467 4509 530 4580 ἢν
553 4511 658 4567 hoc
681 4510 870 4567 ordine
895 4511 1061 4569 Cord.
1272 4524 1324 4582 7.
1363 4511 1541 4566 ἰστέον
1565 4510 1632 4566 Ε.
1840 4512 1893 4568 8.
1931 4509 2051 4582 τοῦ]
2083 4517 2141 4574 4-
2172 4512 2309 4562 Θεοῦ
2332 4509 2414 4563 καὶ
2440 4507 2606 4564 Cord-

202 4603 257 4656 9.
297 4583 372 4640 εἰς
394 4584 486 4638 alt.
512 4600 622 4638 om.
651 4583 715 4639 E.
742 4582 907 4641 Cord.
1013 4579 1371 4653 καταστῆσας]
1398 4581 1672 4654 ἀναγαγὼν
1698 4579 1863 4640 Cord.
2077 4597 2166 4651 31.
2201 4579 2450 4651 ἡμέτερον
2475 4580 2541 4636 Ε.

294 4684 439 4731 von.
474 4686 552 4731 11.
1363 4684 1407 4746 4
1439 4685 1471 4729 s
