<?xml version="1.0" encoding="UTF-8"?>
<!DOCTYPE html PUBLIC "-//W3C//DTD XHTML 1.0 Transitional//EN"
    "http://www.w3.org/TR/xhtml1/DTD/xhtml1-transitional.dtd">
<html xmlns="http://www.w3.org/1999/xhtml" xml:lang="en" lang="en">
 <head>
  <title>
</title>
<meta http-equiv="Content-Type" content="text/html;charset=utf-8" />
  <meta name='ocr-system' content='tesseract 3.04.00' />
  <meta name='ocr-capabilities' content='ocr_page ocr_carea ocr_par ocr_line ocrx_word'/>
</head>
<body>
  <div class='ocr_page' id='page_1' title='image "./sanctipatrisnos03pusegoog_0108.png"; bbox 0 0 3238 5158; ppageno 0'>
   <div class='ocr_carea' id='block_1_1' title="bbox 309 1092 524 1223">
    <p class='ocr_par' dir='ltr' id='par_1_1' title="bbox 309 1092 524 1223">
     <span class='ocr_line' id='line_1_1' title="bbox 309 1092 524 1142; baseline -0.015 0"><span class='ocrx_word' id='word_1_1' title='bbox 309 1092 524 1142; x_wconf 56' lang='lat' dir='ltr'>meiv.</span> 
     </span>
     <span class='ocr_line' id='line_1_2' title="bbox 316 1170 502 1223; baseline -0.006 -16"><span class='ocrx_word' id='word_1_2' title='bbox 316 1173 391 1223; x_wconf 84' lang='lat'>¹9·</span> <span class='ocrx_word' id='word_1_3' title='bbox 422 1170 502 1206; x_wconf 62' lang='grc' dir='ltr'>ιο.</span> 
     </span>
    </p>
   </div>
   <div class='ocr_carea' id='block_1_2' title="bbox 632 332 3043 414">
    <p class='ocr_par' dir='ltr' id='par_1_2' title="bbox 632 332 3043 414">
     <span class='ocr_line' id='line_1_3' title="bbox 632 332 3043 414; baseline -0.004 -8"><span class='ocrx_word' id='word_1_4' title='bbox 632 343 720 406; x_wconf 87' lang='grc'>96</span> <span class='ocrx_word' id='word_1_5' title='bbox 1233 340 1313 404; x_wconf 91' lang='grc' dir='ltr'>Β.</span> <span class='ocrx_word' id='word_1_6' title='bbox 1360 337 1784 403; x_wconf 86' lang='lat' dir='ltr'><strong>CYRILLI</strong></span> <span class='ocrx_word' id='word_1_7' title='bbox 1844 336 2418 403; x_wconf 84' lang='lat' dir='ltr'><strong>ALEXANDR.</strong></span> <span class='ocrx_word' id='word_1_8' title='bbox 2771 332 3043 414; x_wconf 83' lang='lat' dir='ltr'><strong>viii.44.</strong></span> 
     </span>
    </p>
   </div>
   <div class='ocr_carea' id='block_1_3' title="bbox 581 497 3224 3696">
    <p class='ocr_par' dir='ltr' id='par_1_3' title="bbox 581 497 3224 3696">
     <span class='ocr_line' id='line_1_4' title="bbox 637 497 3042 607; baseline -0.002 -24"><span class='ocrx_word' id='word_1_9' title='bbox 637 504 871 607; x_wconf 82' lang='grc' dir='ltr'>ἕτερός</span> <span class='ocrx_word' id='word_1_10' title='bbox 920 537 1027 587; x_wconf 88' lang='grc' dir='ltr'>τις</span> <span class='ocrx_word' id='word_1_11' title='bbox 1076 500 1408 603; x_wconf 88' lang='grc' dir='ltr'>ἠπάτησε</span> <span class='ocrx_word' id='word_1_12' title='bbox 1450 502 1578 582; x_wconf 80' lang='grc' dir='ltr'>τὸν</span> <span class='ocrx_word' id='word_1_13' title='bbox 1611 501 1873 602; x_wconf 81' lang='grc' dir='ltr'>Ἀδὰμ,</span> <span class='ocrx_word' id='word_1_14' title='bbox 1911 500 2307 603; x_wconf 84' lang='grc' dir='ltr'>καταλήγει</span> <span class='ocrx_word' id='word_1_15' title='bbox 2356 499 2432 581; x_wconf 81' lang='grc' dir='ltr'>δὲ</span> <span class='ocrx_word' id='word_1_16' title='bbox 2483 501 2687 581; x_wconf 80' lang='grc' dir='ltr'>οὔπω</span> <span class='ocrx_word' id='word_1_17' title='bbox 2741 501 2871 598; x_wconf 87' lang='grc' dir='ltr'>τῆς</span> <span class='ocrx_word' id='word_1_18' title='bbox 2925 497 3042 603; x_wconf 80' lang='grc' dir='ltr'>ἐφ’</span> 
     </span>
     <span class='ocr_line' id='line_1_5' title="bbox 638 623 3044 730; baseline -0.004 -19"><span class='ocrx_word' id='word_1_19' title='bbox 638 627 724 727; x_wconf 81' lang='grc' dir='ltr'>ἧς</span> <span class='ocrx_word' id='word_1_20' title='bbox 779 634 1279 730; x_wconf 82' lang='grc' dir='ltr'>κατηγορεῖται</span> <span class='ocrx_word' id='word_1_21' title='bbox 1332 627 1611 726; x_wconf 87' lang='grc' dir='ltr'>μανίας,</span> <span class='ocrx_word' id='word_1_22' title='bbox 1658 625 2068 708; x_wconf 88' lang='grc' dir='ltr'>ἀνυπαίτιος</span> <span class='ocrx_word' id='word_1_23' title='bbox 2123 624 2255 725; x_wconf 79' lang='grc' dir='ltr'>μὲν</span> <span class='ocrx_word' id='word_1_24' title='bbox 2309 624 2516 705; x_wconf 83' lang='grc' dir='ltr'>ἔσται</span> <span class='ocrx_word' id='word_1_25' title='bbox 2569 628 2948 705; x_wconf 78' lang='grc' dir='ltr'>παντελῶς</span> <span class='ocrx_word' id='word_1_26' title='bbox 3001 623 3044 701; x_wconf 90' lang='lat'><em>5</em></span> 
     </span>
     <span class='ocr_line' id='line_1_6' title="bbox 639 741 3046 857; baseline -0.001 -26"><span class='ocrx_word' id='word_1_27' title='bbox 639 757 926 852; x_wconf 83' lang='grc' dir='ltr'>πρῶτος</span> <span class='ocrx_word' id='word_1_28' title='bbox 958 753 1036 830; x_wconf 83' lang='grc' dir='ltr'>ἐν</span> <span class='ocrx_word' id='word_1_29' title='bbox 1067 757 1214 836; x_wconf 91' lang='grc' dir='ltr'>τοῖς</span> <span class='ocrx_word' id='word_1_30' title='bbox 1252 750 1415 831; x_wconf 88' lang='grc' dir='ltr'>καθ’</span> <span class='ocrx_word' id='word_1_31' title='bbox 1457 751 1663 851; x_wconf 79' lang='grc' dir='ltr'>ἡμᾶς,</span> <span class='ocrx_word' id='word_1_32' title='bbox 1701 747 2117 857; x_wconf 79' lang='grc' dir='ltr'>ἀπαλλάξει</span> <span class='ocrx_word' id='word_1_33' title='bbox 2155 747 2230 830; x_wconf 77' lang='grc' dir='ltr'>δὲ</span> <span class='ocrx_word' id='word_1_34' title='bbox 2267 752 2364 834; x_wconf 82' lang='grc' dir='ltr'>ὡς</span> <span class='ocrx_word' id='word_1_35' title='bbox 2400 745 2584 831; x_wconf 77' lang='grc' dir='ltr'>εἰκὸς</span> <span class='ocrx_word' id='word_1_36' title='bbox 2618 748 2736 826; x_wconf 86' lang='grc' dir='ltr'>καὶ</span> <span class='ocrx_word' id='word_1_37' title='bbox 2769 741 3046 829; x_wconf 74' lang='grc' dir='ltr'>παντὸς</span> 
     </span>
     <span class='ocr_line' id='line_1_7' title="bbox 640 870 3046 981; baseline -0.002 -29"><span class='ocrx_word' id='word_1_38' title='bbox 640 872 1092 976; x_wconf 83' lang='grc' dir='ltr'>ἐγκλήματος</span> <span class='ocrx_word' id='word_1_39' title='bbox 1160 876 1201 954; x_wconf 97' lang='lat'><em>5</em></span> <span class='ocrx_word' id='word_1_40' title='bbox 1269 874 1493 975; x_wconf 92' lang='grc' dir='ltr'>λόγος</span> <span class='ocrx_word' id='word_1_41' title='bbox 1545 873 1783 971; x_wconf 80' lang='grc' dir='ltr'>αὐτὸν,</span> <span class='ocrx_word' id='word_1_42' title='bbox 1841 876 2001 955; x_wconf 78' lang='grc' dir='ltr'>οὔτε</span> <span class='ocrx_word' id='word_1_43' title='bbox 2058 872 2137 954; x_wconf 76' lang='grc' dir='ltr'>δὲ</span> <span class='ocrx_word' id='word_1_44' title='bbox 2198 871 2600 981; x_wconf 89' lang='grc' dir='ltr'>πεφόνευκέ</span> <span class='ocrx_word' id='word_1_45' title='bbox 2643 904 2825 966; x_wconf 86' lang='grc' dir='ltr'>τινα,</span> <span class='ocrx_word' id='word_1_46' title='bbox 2881 870 3046 949; x_wconf 80' lang='grc' dir='ltr'>οὔτε</span> 
     </span>
     <span class='ocr_line' id='line_1_8' title="bbox 641 991 3107 1110; baseline -0.001 -35"><span class='ocrx_word' id='word_1_47' title='bbox 641 994 1036 1098; x_wconf 82' lang='grc' dir='ltr'>ἠπάτησεν,</span> <span class='ocrx_word' id='word_1_48' title='bbox 1095 999 1255 1077; x_wconf 80' lang='grc' dir='ltr'>οὔτε</span> <span class='ocrx_word' id='word_1_49' title='bbox 1313 997 1706 1110; x_wconf 81' lang='grc' dir='ltr'>ἐψεύσατο.</span> <span class='ocrx_word' id='word_1_50' title='bbox 1799 996 1972 1076; x_wconf 83' lang='grc' dir='ltr'>ἀλλ’</span> <span class='ocrx_word' id='word_1_51' title='bbox 2032 995 2194 1077; x_wconf 82' lang='grc' dir='ltr'>οὐδε</span> <span class='ocrx_word' id='word_1_52' title='bbox 2250 996 2435 1099; x_wconf 79' lang='grc' dir='ltr'>πρὸς</span> <span class='ocrx_word' id='word_1_53' title='bbox 2493 991 2711 1075; x_wconf 80' lang='grc' dir='ltr'>αὐτὸν</span> <span class='ocrx_word' id='word_1_54' title='bbox 2760 992 3045 1075; x_wconf 75' lang='grc' dir='ltr'>δικαίως</span> <span class='ocrx_word' id='word_1_55' title='bbox 3071 1013 3107 1073; x_wconf 84' lang='grc'>5</span> 
     </span>
     <span class='ocr_line' id='line_1_9' title="bbox 581 1116 3046 1226; baseline -0.002 -28"><span class='ocrx_word' id='word_1_56' title='bbox 581 1137 616 1181; x_wconf 76' lang='lat'>0</span> <span class='ocrx_word' id='word_1_57' title='bbox 643 1119 1012 1226; x_wconf 83' lang='grc' dir='ltr'>λελέξεται</span> <span class='ocrx_word' id='word_1_58' title='bbox 1065 1119 1265 1224; x_wconf 82' lang='grc' dir='ltr'>παρὰ</span> <span class='ocrx_word' id='word_1_59' title='bbox 1316 1129 1446 1201; x_wconf 87' lang='grc' dir='ltr'>τοῦ</span> <span class='ocrx_word' id='word_1_60' title='bbox 1502 1126 1696 1201; x_wconf 83' lang='grc' dir='ltr'>Θεοῦ</span> <span class='ocrx_word' id='word_1_61' title='bbox 1734 1132 1777 1169; x_wconf 85' lang='grc'><strong>“</strong></span> <span class='ocrx_word' id='word_1_62' title='bbox 1796 1119 1953 1201; x_wconf 65' lang='lat' dir='ltr'>*On</span> <span class='ocrx_word' id='word_1_63' title='bbox 2006 1119 2277 1225; x_wconf 84' lang='grc' dir='ltr'>τρόπον</span> <span class='ocrx_word' id='word_1_64' title='bbox 2333 1118 2615 1219; x_wconf 79' lang='grc' dir='ltr'>ἱμάτιον</span> <span class='ocrx_word' id='word_1_65' title='bbox 2668 1119 2745 1196; x_wconf 84' lang='grc' dir='ltr'>ἐν</span> <span class='ocrx_word' id='word_1_66' title='bbox 2798 1116 3046 1214; x_wconf 83' lang='grc' dir='ltr'>αἵματι</span> 
     </span>
     <span class='ocr_line' id='line_1_10' title="bbox 644 1238 3047 1350; baseline -0.003 -25.728"><span class='ocrx_word' id='word_1_67' title='bbox 644 1242 1179 1350; x_wconf 85' lang='grc' dir='ltr'>“πεφυρμε’νον</span> <span class='ocrx_word' id='word_1_68' title='bbox 1253 1244 1381 1324; x_wconf 80' lang='grc' dir='ltr'>οὐκ</span> <span class='ocrx_word' id='word_1_69' title='bbox 1456 1243 1666 1324; x_wconf 80' lang='grc' dir='ltr'>ἔσται</span> <span class='ocrx_word' id='word_1_70' title='bbox 1752 1243 2090 1347; x_wconf 88' lang='grc' dir='ltr'>καθαρον,</span> <span class='ocrx_word' id='word_1_71' title='bbox 2163 1246 2389 1327; x_wconf 78' lang='grc' dir='ltr'>οὕτως</span> <span class='ocrx_word' id='word_1_72' title='bbox 2474 1240 2636 1321; x_wconf 81' lang='grc' dir='ltr'>οὐδὲ</span> <span class='ocrx_word' id='word_1_73' title='bbox 2722 1238 2824 1317; x_wconf 76' lang='grc' dir='ltr'>σὺ</span> <span class='ocrx_word' id='word_1_74' title='bbox 2908 1238 3047 1343; x_wconf 81' lang='grc' dir='ltr'>ἔσῃ</span> 
     </span>
     <span class='ocr_line' id='line_1_11' title="bbox 646 1360 3046 1471; baseline -0.003 -24"><span class='ocrx_word' id='word_1_75' title='bbox 646 1376 689 1415; x_wconf 85' lang='grc'><strong>“</strong></span> <span class='ocrx_word' id='word_1_76' title='bbox 726 1365 1059 1471; x_wconf 85' lang='grc' dir='ltr'>καθαρός,</span> <span class='ocrx_word' id='word_1_77' title='bbox 1107 1365 1287 1448; x_wconf 85' lang='grc' dir='ltr'>διότι</span> <span class='ocrx_word' id='word_1_78' title='bbox 1340 1367 1473 1468; x_wconf 89' lang='grc' dir='ltr'>τὴν</span> <span class='ocrx_word' id='word_1_79' title='bbox 1521 1372 1661 1469; x_wconf 86' lang='grc' dir='ltr'>γῆν</span> <span class='ocrx_word' id='word_1_80' title='bbox 1702 1401 1845 1466; x_wconf 89' lang='grc' dir='ltr'>μου</span> <span class='ocrx_word' id='word_1_81' title='bbox 1895 1369 2286 1450; x_wconf 79' lang='grc' dir='ltr'>ἀπώλεσας</span> <span class='ocrx_word' id='word_1_82' title='bbox 2343 1370 2460 1446; x_wconf 82' lang='grc' dir='ltr'>καὶ</span> <span class='ocrx_word' id='word_1_83' title='bbox 2509 1363 2638 1444; x_wconf 80' lang='grc' dir='ltr'>τὸν</span> <span class='ocrx_word' id='word_1_84' title='bbox 2681 1360 2865 1442; x_wconf 90' lang='grc' dir='ltr'>λαόν</span> <span class='ocrx_word' id='word_1_85' title='bbox 2904 1395 3046 1459; x_wconf 88' lang='grc' dir='ltr'>μου</span> 
     </span>
     <span class='ocr_line' id='line_1_12' title="bbox 646 1487 3047 1593; baseline -0.003 -22.799"><span class='ocrx_word' id='word_1_86' title='bbox 646 1491 1200 1575; x_wconf 84' lang='grc' dir='ltr'>“ἀπέκτεινας.”</span> <span class='ocrx_word' id='word_1_87' title='bbox 1280 1489 1369 1570; x_wconf 80' lang='grc' dir='ltr'>ἂν</span> <span class='ocrx_word' id='word_1_88' title='bbox 1419 1490 1658 1571; x_wconf 83' lang='grc' dir='ltr'>τοίνυν</span> <span class='ocrx_word' id='word_1_89' title='bbox 1706 1496 1853 1571; x_wconf 78' lang='grc' dir='ltr'>τῶν</span> <span class='ocrx_word' id='word_1_90' title='bbox 1908 1493 2166 1593; x_wconf 89' lang='grc' dir='ltr'>ἀρτίως</span> <span class='ocrx_word' id='word_1_91' title='bbox 2221 1491 2389 1590; x_wconf 85' lang='grc' dir='ltr'>ἡμῖν</span> <span class='ocrx_word' id='word_1_92' title='bbox 2444 1487 3047 1591; x_wconf 70' lang='grc' dir='ltr'>ἀπηριθμημένων</span> 
     </span>
     <span class='ocr_line' id='line_1_13' title="bbox 645 1610 3218 1718; baseline -0.002 -23"><span class='ocrx_word' id='word_1_93' title='bbox 645 1622 885 1695; x_wconf 78' lang='grc' dir='ltr'>κακῶν</span> <span class='ocrx_word' id='word_1_94' title='bbox 933 1618 1247 1716; x_wconf 81' lang='grc' dir='ltr'>ἀμοιρεῖν</span> <span class='ocrx_word' id='word_1_95' title='bbox 1292 1616 1575 1711; x_wconf 88' lang='grc' dir='ltr'>ἐκεῖνον,</span> <span class='ocrx_word' id='word_1_96' title='bbox 1613 1649 1699 1694; x_wconf 90' lang='grc' dir='ltr'>ον</span> <span class='ocrx_word' id='word_1_97' title='bbox 1744 1648 1862 1694; x_wconf 88' lang='grc' dir='ltr'>και</span> <span class='ocrx_word' id='word_1_98' title='bbox 1907 1620 2195 1718; x_wconf 79' lang='grc' dir='ltr'>πρῶτον</span> <span class='ocrx_word' id='word_1_99' title='bbox 2245 1610 2428 1694; x_wconf 83' lang='grc' dir='ltr'>εἷναί</span> <span class='ocrx_word' id='word_1_100' title='bbox 2470 1619 2725 1718; x_wconf 86' lang='grc' dir='ltr'>φασιν,</span> <span class='ocrx_word' id='word_1_101' title='bbox 2763 1610 3038 1713; x_wconf 86' lang='grc' dir='ltr'>ε’πιτρέ·</span> <span class='ocrx_word' id='word_1_102' title='bbox 3077 1639 3145 1680; x_wconf 81' lang='lat'>¹0</span> <span class='ocrx_word' id='word_1_103' title='bbox 3217 1674 3218 1683; x_wconf 14' lang='grc' dir='ltr'><strong>κ</strong></span> 
     </span>
     <span class='ocr_line' id='line_1_14' title="bbox 646 1734 3049 1841; baseline -0.002 -22"><span class='ocrx_word' id='word_1_104' title='bbox 646 1772 895 1838; x_wconf 87' lang='grc' dir='ltr'>πομεν,</span> <span class='ocrx_word' id='word_1_105' title='bbox 955 1739 1114 1818; x_wconf 90' lang='grc' dir='ltr'>τίνα</span> <span class='ocrx_word' id='word_1_106' title='bbox 1177 1743 1552 1835; x_wconf 85' lang='grc' dir='ltr'>μιμεῖσθαι</span> <span class='ocrx_word' id='word_1_107' title='bbox 1618 1737 1879 1819; x_wconf 84' lang='grc' dir='ltr'>λοιπὸν</span> <span class='ocrx_word' id='word_1_108' title='bbox 1946 1736 2323 1841; x_wconf 83' lang='grc' dir='ltr'>ὁριούμεθα</span> <span class='ocrx_word' id='word_1_109' title='bbox 2386 1734 2515 1816; x_wconf 83' lang='grc' dir='ltr'>τὸν</span> <span class='ocrx_word' id='word_1_110' title='bbox 2575 1735 2726 1833; x_wconf 85' lang='grc' dir='ltr'>μετ’</span> <span class='ocrx_word' id='word_1_111' title='bbox 2786 1736 3049 1814; x_wconf 84' lang='grc' dir='ltr'>ἐκεῖνον</span> 
     </span>
     <span class='ocr_line' id='line_1_15' title="bbox 648 1858 3048 1968; baseline -0.001 -28"><span class='ocrx_word' id='word_1_112' title='bbox 648 1861 994 1964; x_wconf 84' lang='grc' dir='ltr'>δεύτερον,</span> <span class='ocrx_word' id='word_1_113' title='bbox 1059 1858 1106 1958; x_wconf 83' lang='grc' dir='ltr'>ἢ</span> <span class='ocrx_word' id='word_1_114' title='bbox 1181 1858 1365 1964; x_wconf 82' lang='grc' dir='ltr'>πρὸς</span> <span class='ocrx_word' id='word_1_115' title='bbox 1437 1861 1598 1940; x_wconf 86' lang='grc' dir='ltr'>τίνα</span> <span class='ocrx_word' id='word_1_116' title='bbox 1672 1860 1933 1941; x_wconf 85' lang='grc' dir='ltr'>λοιπὸν</span> <span class='ocrx_word' id='word_1_117' title='bbox 1999 1861 2388 1968; x_wconf 80' lang='grc' dir='ltr'>ἐμορφώθη</span> <span class='ocrx_word' id='word_1_118' title='bbox 2460 1864 2912 1941; x_wconf 77' lang='grc' dir='ltr'>πλεονεκτῶν</span> <span class='ocrx_word' id='word_1_119' title='bbox 2975 1861 3048 1937; x_wconf 86' lang='grc' dir='ltr'>ἐν</span> 
     </span>
     <span class='ocr_line' id='line_1_16' title="bbox 650 1981 3047 2093; baseline -0.001 -30"><span class='ocrx_word' id='word_1_120' title='bbox 650 1984 861 2091; x_wconf 77' lang='grc' dir='ltr'>κακίᾳ</span> <span class='ocrx_word' id='word_1_121' title='bbox 894 1981 1023 2064; x_wconf 80' lang='grc' dir='ltr'>τὸν</span> <span class='ocrx_word' id='word_1_122' title='bbox 1057 1982 1470 2086; x_wconf 83' lang='grc' dir='ltr'>ἡγούμενον,</span> <span class='ocrx_word' id='word_1_123' title='bbox 1508 1987 1629 2064; x_wconf 86' lang='grc' dir='ltr'>καὶ</span> <span class='ocrx_word' id='word_1_124' title='bbox 1663 1988 1791 2084; x_wconf 84' lang='grc' dir='ltr'>τῆς</span> <span class='ocrx_word' id='word_1_125' title='bbox 1828 1985 2066 2093; x_wconf 74' lang='grc' dir='ltr'>ἐκείνῳ</span> <span class='ocrx_word' id='word_1_126' title='bbox 2117 1982 2575 2090; x_wconf 89' lang='grc' dir='ltr'>φαυλότητος</span> <span class='ocrx_word' id='word_1_127' title='bbox 2608 1981 3047 2086; x_wconf 83' lang='grc' dir='ltr'>παχυτέρους</span> 
     </span>
     <span class='ocr_line' id='line_1_17' title="bbox 650 2103 1569 2213; baseline 0.002 -26"><span class='ocrx_word' id='word_1_128' title='bbox 650 2106 836 2212; x_wconf 82' lang='grc' dir='ltr'>ἔχων</span> <span class='ocrx_word' id='word_1_129' title='bbox 866 2103 1031 2192; x_wconf 78' lang='grc' dir='ltr'>τοὺς</span> <span class='ocrx_word' id='word_1_130' title='bbox 1063 2110 1519 2213; x_wconf 80' lang='grc' dir='ltr'>χαρακτῆρας</span> <span class='ocrx_word' id='word_1_131' title='bbox 1548 2140 1569 2204; x_wconf 86' lang='lat'>3</span> 
     </span>
     <span class='ocr_line' id='line_1_18' title="bbox 581 2226 3142 2331; baseline 0.001 -21"><span class='ocrx_word' id='word_1_132' title='bbox 581 2230 625 2295; x_wconf 75' lang='lat' dir='ltr'><strong>d</strong></span> <span class='ocrx_word' id='word_1_133' title='bbox 761 2232 979 2310; x_wconf 88' lang='grc' dir='ltr'>Ἀλλ’</span> <span class='ocrx_word' id='word_1_134' title='bbox 1019 2228 1109 2331; x_wconf 83' lang='grc' dir='ltr'>ἦν</span> <span class='ocrx_word' id='word_1_135' title='bbox 1141 2228 1274 2328; x_wconf 77' lang='grc' dir='ltr'>μὲν</span> <span class='ocrx_word' id='word_1_136' title='bbox 1312 2230 1491 2314; x_wconf 83' lang='grc' dir='ltr'>ἴσως</span> <span class='ocrx_word' id='word_1_137' title='bbox 1546 2231 1675 2310; x_wconf 85' lang='grc' dir='ltr'>οὐκ</span> <span class='ocrx_word' id='word_1_138' title='bbox 1730 2228 2021 2313; x_wconf 80' lang='grc' dir='ltr'>ἀπεικὸς</span> <span class='ocrx_word' id='word_1_139' title='bbox 2075 2233 2191 2309; x_wconf 84' lang='grc' dir='ltr'>καὶ</span> <span class='ocrx_word' id='word_1_140' title='bbox 2245 2227 2363 2310; x_wconf 79' lang='grc' dir='ltr'>διὰ</span> <span class='ocrx_word' id='word_1_141' title='bbox 2416 2226 2772 2312; x_wconf 87' lang='grc' dir='ltr'>πλειόνων</span> <span class='ocrx_word' id='word_1_142' title='bbox 2815 2230 3051 2309; x_wconf 82' lang='grc' dir='ltr'>ἐλθεῖν</span> <span class='ocrx_word' id='word_1_143' title='bbox 3079 2252 3142 2313; x_wconf 82' lang='lat'>15</span> 
     </span>
     <span class='ocr_line' id='line_1_19' title="bbox 651 2351 3043 2460; baseline -0.001 -26"><span class='ocrx_word' id='word_1_144' title='bbox 651 2351 781 2434; x_wconf 78' lang='grc' dir='ltr'>τὸν</span> <span class='ocrx_word' id='word_1_145' title='bbox 814 2355 932 2434; x_wconf 84' lang='grc' dir='ltr'>ἐπὶ</span> <span class='ocrx_word' id='word_1_146' title='bbox 978 2353 1209 2460; x_wconf 73' lang='grc' dir='ltr'>τούτῳ</span> <span class='ocrx_word' id='word_1_147' title='bbox 1251 2358 1748 2456; x_wconf 83' lang='grc' dir='ltr'>διερευνῶντας</span> <span class='ocrx_word' id='word_1_148' title='bbox 1782 2351 2029 2456; x_wconf 90' lang='grc' dir='ltr'>λόγον,</span> <span class='ocrx_word' id='word_1_149' title='bbox 2066 2351 2152 2433; x_wconf 81' lang='grc' dir='ltr'>τὸ</span> <span class='ocrx_word' id='word_1_150' title='bbox 2188 2351 2417 2454; x_wconf 82' lang='grc' dir='ltr'>γεμὴν</span> <span class='ocrx_word' id='word_1_151' title='bbox 2452 2353 2752 2460; x_wconf 90' lang='grc' dir='ltr'>σφόδρα</span> <span class='ocrx_word' id='word_1_152' title='bbox 2787 2354 3043 2434; x_wconf 85' lang='grc' dir='ltr'>διατεί·</span> 
     </span>
     <span class='ocr_line' id='line_1_20' title="bbox 654 2474 3049 2585; baseline 0 -29"><span class='ocrx_word' id='word_1_153' title='bbox 654 2482 906 2556; x_wconf 90' lang='grc' dir='ltr'>νεσθαι</span> <span class='ocrx_word' id='word_1_154' title='bbox 941 2475 1273 2581; x_wconf 80' lang='grc' dir='ltr'>περιττὸν</span> <span class='ocrx_word' id='word_1_155' title='bbox 1308 2474 1421 2583; x_wconf 84' lang='grc' dir='ltr'>ἐφ’</span> <span class='ocrx_word' id='word_1_156' title='bbox 1462 2475 1565 2561; x_wconf 85' lang='grc' dir='ltr'>οἷς</span> <span class='ocrx_word' id='word_1_157' title='bbox 1601 2478 1866 2578; x_wconf 84' lang='grc' dir='ltr'>ἥκιστα</span> <span class='ocrx_word' id='word_1_158' title='bbox 1918 2476 2058 2583; x_wconf 86' lang='grc' dir='ltr'>χρὴ</span> <span class='ocrx_word' id='word_1_159' title='bbox 2109 2475 2564 2581; x_wconf 74' lang='grc' dir='ltr'>λογιζόμεθα.</span> <span class='ocrx_word' id='word_1_160' title='bbox 2644 2478 2903 2557; x_wconf 84' lang='grc' dir='ltr'>οὐκοῦν</span> <span class='ocrx_word' id='word_1_161' title='bbox 2939 2479 3049 2585; x_wconf 84' lang='grc' dir='ltr'>ἐφ’</span> 
     </span>
     <span class='ocr_line' id='line_1_21' title="bbox 651 2600 3057 2706; baseline 0.001 -27"><span class='ocrx_word' id='word_1_162' title='bbox 651 2601 896 2704; x_wconf 79' lang='grc' dir='ltr'>ἑτέραν</span> <span class='ocrx_word' id='word_1_163' title='bbox 946 2600 1130 2682; x_wconf 80' lang='grc' dir='ltr'>ἰτέον</span> <span class='ocrx_word' id='word_1_164' title='bbox 1179 2600 1517 2700; x_wconf 90' lang='grc' dir='ltr'>διάνοιαν,</span> <span class='ocrx_word' id='word_1_165' title='bbox 1555 2605 1675 2682; x_wconf 80' lang='grc' dir='ltr'>καὶ</span> <span class='ocrx_word' id='word_1_166' title='bbox 1730 2602 2063 2706; x_wconf 76' lang='grc' dir='ltr'>ζητητέον</span> <span class='ocrx_word' id='word_1_167' title='bbox 2111 2604 2427 2705; x_wconf 79' lang='grc' dir='ltr'>ἀκριβῶς</span> <span class='ocrx_word' id='word_1_168' title='bbox 2478 2603 2638 2682; x_wconf 84' lang='grc' dir='ltr'>τίνα</span> <span class='ocrx_word' id='word_1_169' title='bbox 2692 2608 2841 2685; x_wconf 90' lang='grc' dir='ltr'>τοῖς</span> <span class='ocrx_word' id='word_1_170' title='bbox 2877 2602 3057 2682; x_wconf 88' lang='grc' dir='ltr'>Ἰου-</span> 
     </span>
     <span class='ocr_line' id='line_1_22' title="bbox 654 2723 3224 2830; baseline -0.001 -24"><span class='ocrx_word' id='word_1_171' title='bbox 654 2725 874 2809; x_wconf 87' lang='grc' dir='ltr'>δαίοις</span> <span class='ocrx_word' id='word_1_172' title='bbox 928 2723 1204 2828; x_wconf 80' lang='grc' dir='ltr'>πατέρα</span> <span class='ocrx_word' id='word_1_173' title='bbox 1253 2725 1462 2828; x_wconf 86' lang='grc' dir='ltr'>ὁρίζει</span> <span class='ocrx_word' id='word_1_174' title='bbox 1518 2727 1559 2805; x_wconf 92' lang='lat'><em>5</em></span> <span class='ocrx_word' id='word_1_175' title='bbox 1607 2723 1936 2829; x_wconf 78' lang='grc' dir='ltr'>Χριστὸς</span> <span class='ocrx_word' id='word_1_176' title='bbox 1992 2724 2385 2830; x_wconf 81' lang='grc' dir='ltr'>ἶσότροπόν</span> <span class='ocrx_word' id='word_1_177' title='bbox 2426 2759 2504 2805; x_wconf 88' lang='grc' dir='ltr'>τε</span> <span class='ocrx_word' id='word_1_178' title='bbox 2558 2727 2676 2804; x_wconf 82' lang='grc' dir='ltr'>καὶ</span> <span class='ocrx_word' id='word_1_179' title='bbox 2732 2724 3060 2826; x_wconf 79' lang='grc' dir='ltr'>ὃμογνῶ-</span> <span class='ocrx_word' id='word_1_180' title='bbox 3223 2817 3224 2826; x_wconf 15' lang='lat'>¹</span> 
     </span>
     <span class='ocr_line' id='line_1_23' title="bbox 654 2846 3224 2955; baseline -0 -27"><span class='ocrx_word' id='word_1_181' title='bbox 654 2883 861 2949; x_wconf 89' lang='grc' dir='ltr'>μονα,</span> <span class='ocrx_word' id='word_1_182' title='bbox 902 2846 1153 2952; x_wconf 77' lang='grc' dir='ltr'>ὥσπερ</span> <span class='ocrx_word' id='word_1_183' title='bbox 1205 2846 1297 2929; x_wconf 85' lang='grc' dir='ltr'>ἀν</span> <span class='ocrx_word' id='word_1_184' title='bbox 1333 2848 1618 2932; x_wconf 75' lang='grc' dir='ltr'>εἰκότως</span> <span class='ocrx_word' id='word_1_185' title='bbox 1675 2853 1792 2928; x_wconf 77' lang='grc' dir='ltr'>καὶ</span> <span class='ocrx_word' id='word_1_186' title='bbox 1842 2848 2083 2952; x_wconf 84' lang='grc' dir='ltr'>πατὴρ</span> <span class='ocrx_word' id='word_1_187' title='bbox 2132 2847 2604 2955; x_wconf 81' lang='grc' dir='ltr'>ἐπιγράφοιτο</span> <span class='ocrx_word' id='word_1_188' title='bbox 2659 2848 3053 2948; x_wconf 89' lang='grc' dir='ltr'>δαιμόνιον,</span> <span class='ocrx_word' id='word_1_189' title='bbox 3085 2879 3151 2921; x_wconf 81' lang='lat'>20</span> <span class='ocrx_word' id='word_1_190' title='bbox 3223 2851 3224 2882; x_wconf 82' lang='lat'>³</span> 
     </span>
     <span class='ocr_line' id='line_1_24' title="bbox 657 2971 3059 3078; baseline -0.001 -25"><span class='ocrx_word' id='word_1_191' title='bbox 657 2976 911 3056; x_wconf 83' lang='grc' dir='ltr'>ἐκεῖνος</span> <span class='ocrx_word' id='word_1_192' title='bbox 961 2974 1002 3052; x_wconf 95' lang='lat'><em>5</em></span> <span class='ocrx_word' id='word_1_193' title='bbox 1054 2974 1466 3078; x_wconf 85' lang='grc' dir='ltr'>ἀρχέκακος,</span> <span class='ocrx_word' id='word_1_194' title='bbox 1502 2974 1895 3071; x_wconf 87' lang='grc' dir='ltr'>τουτέστιν,</span> <span class='ocrx_word' id='word_1_195' title='bbox 1933 2975 1974 3053; x_wconf 96' lang='lat'><em>5</em></span> <span class='ocrx_word' id='word_1_196' title='bbox 2013 2979 2360 3057; x_wconf 86' lang='grc' dir='ltr'>σατανᾶς.</span> <span class='ocrx_word' id='word_1_197' title='bbox 2437 2971 2773 3078; x_wconf 84' lang='grc' dir='ltr'>ἀναφέρει</span> <span class='ocrx_word' id='word_1_198' title='bbox 2820 2972 3059 3053; x_wconf 88' lang='grc' dir='ltr'>τοίνυν</span> 
     </span>
     <span class='ocr_line' id='line_1_25' title="bbox 658 3092 3061 3201; baseline -0 -26"><span class='ocrx_word' id='word_1_199' title='bbox 658 3096 914 3180; x_wconf 76' lang='grc' dir='ltr'>αὐτοὺς</span> <span class='ocrx_word' id='word_1_200' title='bbox 952 3099 1068 3176; x_wconf 83' lang='grc' dir='ltr'>ἐπὶ</span> <span class='ocrx_word' id='word_1_201' title='bbox 1104 3095 1234 3176; x_wconf 85' lang='grc' dir='ltr'>τὸν</span> <span class='ocrx_word' id='word_1_202' title='bbox 1262 3093 1470 3195; x_wconf 84' lang='grc' dir='ltr'>Κάῖν,</span> <span class='ocrx_word' id='word_1_203' title='bbox 1500 3092 1578 3179; x_wconf 79' lang='grc' dir='ltr'>ὃς</span> <span class='ocrx_word' id='word_1_204' title='bbox 1613 3101 1898 3199; x_wconf 82' lang='grc' dir='ltr'>πρῶτος</span> <span class='ocrx_word' id='word_1_205' title='bbox 1935 3096 2336 3201; x_wconf 83' lang='grc' dir='ltr'>ἀνθρώπων</span> <span class='ocrx_word' id='word_1_206' title='bbox 2363 3094 2704 3177; x_wconf 79' lang='grc' dir='ltr'>ἁπάντων</span> <span class='ocrx_word' id='word_1_207' title='bbox 2739 3094 3061 3200; x_wconf 84' lang='grc' dir='ltr'>ἐλέγχων</span> 
     </span>
     <span class='ocr_line' id='line_1_26' title="bbox 658 3216 3063 3326; baseline -0 -27"><span class='ocrx_word' id='word_1_208' title='bbox 658 3216 791 3317; x_wconf 77' lang='grc' dir='ltr'>μὲν</span> <span class='ocrx_word' id='word_1_209' title='bbox 847 3220 973 3299; x_wconf 81' lang='grc' dir='ltr'>οὐκ</span> <span class='ocrx_word' id='word_1_210' title='bbox 1030 3217 1369 3320; x_wconf 81' lang='grc' dir='ltr'>ἠγάπησε</span> <span class='ocrx_word' id='word_1_211' title='bbox 1425 3218 1553 3300; x_wconf 79' lang='grc' dir='ltr'>τὸν</span> <span class='ocrx_word' id='word_1_212' title='bbox 1609 3217 2149 3326; x_wconf 85' lang='grc' dir='ltr'>σωφρονιστὴν,</span> <span class='ocrx_word' id='word_1_213' title='bbox 2194 3216 2469 3326; x_wconf 91' lang='grc' dir='ltr'>φθόνου</span> <span class='ocrx_word' id='word_1_214' title='bbox 2526 3217 2602 3298; x_wconf 82' lang='grc' dir='ltr'>δὲ</span> <span class='ocrx_word' id='word_1_215' title='bbox 2657 3221 2775 3299; x_wconf 85' lang='grc' dir='ltr'>καὶ</span> <span class='ocrx_word' id='word_1_216' title='bbox 2831 3218 3063 3325; x_wconf 89' lang='grc' dir='ltr'>φόνου</span> 
     </span>
     <span class='ocr_line' id='line_1_27' title="bbox 602 3340 3062 3448; baseline 0.003 -33"><span class='ocrx_word' id='word_1_217' title='bbox 602 3372 639 3415; x_wconf 78' lang='lat' dir='ltr'>e</span> <span class='ocrx_word' id='word_1_218' title='bbox 662 3343 781 3421; x_wconf 85' lang='grc' dir='ltr'>καὶ</span> <span class='ocrx_word' id='word_1_219' title='bbox 830 3340 1053 3422; x_wconf 85' lang='grc' dir='ltr'>δόλου</span> <span class='ocrx_word' id='word_1_220' title='bbox 1098 3347 1215 3421; x_wconf 80' lang='grc' dir='ltr'>καὶ</span> <span class='ocrx_word' id='word_1_221' title='bbox 1248 3341 1560 3448; x_wconf 80' lang='grc' dir='ltr'>ψεύδους</span> <span class='ocrx_word' id='word_1_222' title='bbox 1598 3345 1716 3424; x_wconf 79' lang='grc' dir='ltr'>καὶ</span> <span class='ocrx_word' id='word_1_223' title='bbox 1752 3340 2032 3442; x_wconf 78' lang='grc' dir='ltr'>ἀπάτης</span> <span class='ocrx_word' id='word_1_224' title='bbox 2071 3342 2259 3448; x_wconf 83' lang='grc' dir='ltr'>ἀρχὴ</span> <span class='ocrx_word' id='word_1_225' title='bbox 2297 3341 2448 3443; x_wconf 89' lang='grc' dir='ltr'>μετ’</span> <span class='ocrx_word' id='word_1_226' title='bbox 2488 3345 2749 3423; x_wconf 85' lang='grc' dir='ltr'>ἐκεῖνον</span> <span class='ocrx_word' id='word_1_227' title='bbox 2781 3344 3062 3447; x_wconf 82' lang='grc' dir='ltr'>ἐδείχθη</span> 
     </span>
     <span class='ocr_line' id='line_1_28' title="bbox 662 3460 3157 3569; baseline 0.003 -27"><span class='ocrx_word' id='word_1_228' title='bbox 662 3460 790 3542; x_wconf 84' lang='grc' dir='ltr'>τὸν</span> <span class='ocrx_word' id='word_1_229' title='bbox 826 3470 1174 3561; x_wconf 81' lang='grc' dir='ltr'>σατανᾶν,</span> <span class='ocrx_word' id='word_1_230' title='bbox 1215 3466 1435 3567; x_wconf 75' lang='grc' dir='ltr'>οὗπερ</span> <span class='ocrx_word' id='word_1_231' title='bbox 1485 3463 1575 3545; x_wconf 80' lang='grc' dir='ltr'>ἂν</span> <span class='ocrx_word' id='word_1_232' title='bbox 1611 3466 1895 3552; x_wconf 79' lang='grc' dir='ltr'>δικαίως</span> <span class='ocrx_word' id='word_1_233' title='bbox 1946 3466 2362 3569; x_wconf 76' lang='grc' dir='ltr'>ὀνομάζοιτο</span> <span class='ocrx_word' id='word_1_234' title='bbox 2413 3469 2530 3546; x_wconf 84' lang='grc' dir='ltr'>καὶ</span> <span class='ocrx_word' id='word_1_235' title='bbox 2582 3464 2754 3562; x_wconf 77' lang='grc' dir='ltr'>υἱὸς,</span> <span class='ocrx_word' id='word_1_236' title='bbox 2798 3464 2924 3545; x_wconf 82' lang='grc' dir='ltr'>ἅτε</span> <span class='ocrx_word' id='word_1_237' title='bbox 2973 3465 3062 3565; x_wconf 83' lang='grc' dir='ltr'>δὴ</span> <span class='ocrx_word' id='word_1_238' title='bbox 3089 3492 3157 3550; x_wconf 83' lang='lat'>²5</span> 
     </span>
     <span class='ocr_line' id='line_1_29' title="bbox 663 3589 3064 3696; baseline 0 -30"><span class='ocrx_word' id='word_1_239' title='bbox 663 3589 781 3666; x_wconf 83' lang='grc' dir='ltr'>καὶ</span> <span class='ocrx_word' id='word_1_240' title='bbox 817 3592 1067 3668; x_wconf 82' lang='grc' dir='ltr'>πᾶσαν</span> <span class='ocrx_word' id='word_1_241' title='bbox 1104 3592 1232 3685; x_wconf 86' lang='grc' dir='ltr'>τῆς</span> <span class='ocrx_word' id='word_1_242' title='bbox 1268 3589 1530 3667; x_wconf 82' lang='grc' dir='ltr'>ἐκείνου</span> <span class='ocrx_word' id='word_1_243' title='bbox 1560 3592 1903 3693; x_wconf 88' lang='grc' dir='ltr'>πονηρίας</span> <span class='ocrx_word' id='word_1_244' title='bbox 1940 3590 2515 3690; x_wconf 89' lang='grc' dir='ltr'>ἀναματτόμενος</span> <span class='ocrx_word' id='word_1_245' title='bbox 2559 3592 2635 3670; x_wconf 85' lang='grc' dir='ltr'>ἐν</span> <span class='ocrx_word' id='word_1_246' title='bbox 2670 3592 2897 3696; x_wconf 74' lang='grc' dir='ltr'>ἑαυτῷ</span> <span class='ocrx_word' id='word_1_247' title='bbox 2928 3589 3064 3688; x_wconf 83' lang='grc' dir='ltr'>τὴν</span> 
     </span>
    </p>
   </div>
   <div class='ocr_carea' id='block_1_4' title="bbox 327 3709 3063 3860">
    <p class='ocr_par' dir='ltr' id='par_1_4' title="bbox 327 3709 3063 3860">
     <span class='ocr_line' id='line_1_30' title="bbox 327 3709 3063 3860; baseline 0.003 -77"><span class='ocrx_word' id='word_1_248' title='bbox 327 3721 407 3770; x_wconf 79' lang='lat' dir='ltr'>Of·</span> <span class='ocrx_word' id='word_1_249' title='bbox 424 3735 577 3785; x_wconf 66' lang='lat' dir='ltr'><strong>supra</strong></span> <span class='ocrx_word' id='word_1_250' title='bbox 663 3709 1078 3860; x_wconf 85' lang='grc' dir='ltr'>μόρφωσιν.</span> <span class='ocrx_word' id='word_1_251' title='bbox 1161 3743 1379 3813; x_wconf 87' lang='grc' dir='ltr'>ονπερ</span> <span class='ocrx_word' id='word_1_252' title='bbox 1429 3709 1577 3815; x_wconf 78' lang='grc' dir='ltr'>γὰρ</span> <span class='ocrx_word' id='word_1_253' title='bbox 1627 3711 1896 3816; x_wconf 90' lang='grc' dir='ltr'>τρόπον</span> <span class='ocrx_word' id='word_1_254' title='bbox 1933 3715 2116 3822; x_wconf 84' lang='grc' dir='ltr'>ἀγίω</span> <span class='ocrx_word' id='word_1_255' title='bbox 2166 3749 2245 3794; x_wconf 89' lang='grc' dir='ltr'>τε</span> <span class='ocrx_word' id='word_1_256' title='bbox 2295 3717 2413 3793; x_wconf 83' lang='grc' dir='ltr'>καὶ</span> <span class='ocrx_word' id='word_1_257' title='bbox 2450 3715 2697 3822; x_wconf 76' lang='grc' dir='ltr'>δικαίῳ</span> <span class='ocrx_word' id='word_1_258' title='bbox 2733 3747 2810 3792; x_wconf 92' lang='grc' dir='ltr'>τε</span> <span class='ocrx_word' id='word_1_259' title='bbox 2845 3747 3063 3793; x_wconf 91' lang='grc' dir='ltr'>παντι</span> 
     </span>
    </p>
   </div>
   <div class='ocr_carea' id='block_1_5' title="bbox 330 3799 485 3850">
    <p class='ocr_par' dir='ltr' id='par_1_5' title="bbox 330 3799 485 3850">
     <span class='ocr_line' id='line_1_31' title="bbox 330 3799 485 3850; baseline 0.014 -2"><span class='ocrx_word' id='word_1_260' title='bbox 330 3799 485 3850; x_wconf 77' lang='lat'>5500</span> 
     </span>
    </p>
   </div>
   <div class='ocr_carea' id='block_1_6' title="bbox 660 3833 3166 4187">
    <p class='ocr_par' dir='ltr' id='par_1_6' title="bbox 660 3833 3166 4187">
     <span class='ocr_line' id='line_1_32' title="bbox 662 3833 3064 3940; baseline 0 -25"><span class='ocrx_word' id='word_1_261' title='bbox 662 3833 903 3937; x_wconf 82' lang='grc' dir='ltr'>πατὴρ</span> <span class='ocrx_word' id='word_1_262' title='bbox 976 3842 1235 3916; x_wconf 86' lang='grc' dir='ltr'>νοεῖται</span> <span class='ocrx_word' id='word_1_263' title='bbox 1301 3834 1508 3934; x_wconf 83' lang='grc' dir='ltr'>Θεὸς,</span> <span class='ocrx_word' id='word_1_264' title='bbox 1572 3871 1786 3922; x_wconf 90' lang='grc' dir='ltr'>αυτος</span> <span class='ocrx_word' id='word_1_265' title='bbox 1859 3837 1960 3918; x_wconf 82' lang='grc' dir='ltr'>ὧν</span> <span class='ocrx_word' id='word_1_266' title='bbox 2022 3838 2067 3937; x_wconf 83' lang='grc' dir='ltr'><strong><em>ἡ</em></strong></span> <span class='ocrx_word' id='word_1_267' title='bbox 2140 3836 2433 3918; x_wconf 79' lang='grc' dir='ltr'>πάντων</span> <span class='ocrx_word' id='word_1_268' title='bbox 2505 3839 2871 3940; x_wconf 86' lang='grc' dir='ltr'>ἀγιασμοῦ</span> <span class='ocrx_word' id='word_1_269' title='bbox 2946 3841 3064 3916; x_wconf 82' lang='grc' dir='ltr'>καὶ</span> 
     </span>
     <span class='ocr_line' id='line_1_33' title="bbox 664 3957 3065 4067; baseline 0.001 -30"><span class='ocrx_word' id='word_1_270' title='bbox 664 3958 1118 4059; x_wconf 82' lang='grc' dir='ltr'>δικαιοσυνης</span> <span class='ocrx_word' id='word_1_271' title='bbox 1181 3958 1389 4064; x_wconf 85' lang='grc' dir='ltr'>ἀρχὴ,</span> <span class='ocrx_word' id='word_1_272' title='bbox 1447 3958 1575 4040; x_wconf 83' lang='grc' dir='ltr'>τὸν</span> <span class='ocrx_word' id='word_1_273' title='bbox 1633 3960 1852 4041; x_wconf 81' lang='grc' dir='ltr'>αὐτὸν</span> <span class='ocrx_word' id='word_1_274' title='bbox 1907 3957 2103 4060; x_wconf 81' lang='grc' dir='ltr'>οἶμαι</span> <span class='ocrx_word' id='word_1_275' title='bbox 2166 3959 2437 4064; x_wconf 89' lang='grc' dir='ltr'>τρόπον</span> <span class='ocrx_word' id='word_1_276' title='bbox 2490 3963 2706 4041; x_wconf 78' lang='grc' dir='ltr'>παντὶ</span> <span class='ocrx_word' id='word_1_277' title='bbox 2769 3994 3065 4067; x_wconf 77' lang='grc' dir='ltr'>πονηρῳ</span> 
     </span>
     <span class='ocr_line' id='line_1_34' title="bbox 660 4071 3166 4187; baseline 0 -25"><span class='ocrx_word' id='word_1_278' title='bbox 660 4080 904 4183; x_wconf 86' lang='grc' dir='ltr'>πατὴρ</span> <span class='ocrx_word' id='word_1_279' title='bbox 946 4079 1036 4162; x_wconf 82' lang='grc' dir='ltr'>ἀν</span> <span class='ocrx_word' id='word_1_280' title='bbox 1072 4071 1389 4185; x_wconf 68' lang='grc' dir='ltr'>εὐλόγως</span> <span class='ocrx_word' id='word_1_281' title='bbox 1441 4085 1482 4164; x_wconf 96' lang='lat'><em>5</em></span> <span class='ocrx_word' id='word_1_282' title='bbox 1531 4090 1855 4169; x_wconf 82' lang='grc' dir='ltr'>σατανᾶς</span> <span class='ocrx_word' id='word_1_283' title='bbox 1899 4084 2337 4187; x_wconf 79' lang='grc' dir='ltr'>ὀνομάζοιτο,</span> <span class='ocrx_word' id='word_1_284' title='bbox 2375 4084 2588 4168; x_wconf 78' lang='grc' dir='ltr'>αὐτὸς</span> <span class='ocrx_word' id='word_1_285' title='bbox 2632 4082 2734 4164; x_wconf 76' lang='grc' dir='ltr'>ὧν</span> <span class='ocrx_word' id='word_1_286' title='bbox 2769 4082 3065 4183; x_wconf 76' lang='grc' dir='ltr'>ἀπάσης</span> <span class='ocrx_word' id='word_1_287' title='bbox 3092 4098 3166 4156; x_wconf 84' lang='lat'>30</span> 
     </span>
    </p>
   </div>
   <div class='ocr_carea' id='block_1_7' title="bbox 667 4323 3069 4487">
    <p class='ocr_par' dir='ltr' id='par_1_7' title="bbox 667 4323 3069 4487">
     <span class='ocr_line' id='line_1_35' title="bbox 743 4323 3069 4434; baseline 0.003 -40"><span class='ocrx_word' id='word_1_288' title='bbox 743 4357 789 4394; x_wconf 88' lang='lat'>1.</span> <span class='ocrx_word' id='word_1_289' title='bbox 825 4343 918 4410; x_wconf 83' lang='grc' dir='ltr'>τῆς</span> <span class='ocrx_word' id='word_1_290' title='bbox 941 4340 1026 4411; x_wconf 74' lang='grc' dir='ltr'>ἐφ’</span> <span class='ocrx_word' id='word_1_291' title='bbox 1052 4340 1112 4410; x_wconf 80' lang='grc' dir='ltr'>ἧς</span> <span class='ocrx_word' id='word_1_292' title='bbox 1134 4323 1383 4398; x_wconf 54' lang='lat' dir='ltr'><strong>emen-dat</strong></span> <span class='ocrx_word' id='word_1_293' title='bbox 1410 4345 1610 4417; x_wconf 75' lang='lat' dir='ltr'><strong>Heyse.</strong></span> <span class='ocrx_word' id='word_1_294' title='bbox 1637 4348 1747 4403; x_wconf 83' lang='grc' dir='ltr'>τοῖς</span> <span class='ocrx_word' id='word_1_295' title='bbox 1769 4344 1859 4417; x_wconf 77' lang='grc' dir='ltr'>ἐφ’</span> <span class='ocrx_word' id='word_1_296' title='bbox 1883 4343 1963 4402; x_wconf 82' lang='grc' dir='ltr'>οἷς</span> <span class='ocrx_word' id='word_1_297' title='bbox 1987 4346 2053 4402; x_wconf 89' lang='grc' dir='ltr'>Β.</span> <span class='ocrx_word' id='word_1_298' title='bbox 2078 4349 2170 4416; x_wconf 79' lang='grc' dir='ltr'>τῆς</span> <span class='ocrx_word' id='word_1_299' title='bbox 2192 4346 2279 4434; x_wconf 72' lang='grc' dir='ltr'>ἐφ’</span> <span class='ocrx_word' id='word_1_300' title='bbox 2304 4343 2381 4403; x_wconf 79' lang='grc' dir='ltr'>οἷς</span> <span class='ocrx_word' id='word_1_301' title='bbox 2407 4345 2509 4400; x_wconf 85' lang='lat' dir='ltr'>Ed.</span> <span class='ocrx_word' id='word_1_302' title='bbox 2679 4363 2733 4417; x_wconf 82' lang='grc'>3.</span> <span class='ocrx_word' id='word_1_303' title='bbox 2768 4345 3069 4415; x_wconf 71' lang='grc' dir='ltr'>ἀπαλλάξει</span> 
     </span>
     <span class='ocr_line' id='line_1_36' title="bbox 667 4411 3069 4487; baseline 0.002 -23"><span class='ocrx_word' id='word_1_304' title='bbox 667 4411 734 4465; x_wconf 90' lang='grc' dir='ltr'>Β.</span> <span class='ocrx_word' id='word_1_305' title='bbox 763 4411 945 4465; x_wconf 74' lang='lat' dir='ltr'><strong>Holst.</strong></span> <span class='ocrx_word' id='word_1_306' title='bbox 971 4412 1293 4467; x_wconf 81' lang='grc' dir='ltr'>ἀπαλλάττει</span> <span class='ocrx_word' id='word_1_307' title='bbox 1318 4413 1463 4469; x_wconf 81' lang='lat' dir='ltr'><strong>Aub.</strong></span> <span class='ocrx_word' id='word_1_308' title='bbox 1676 4416 1729 4471; x_wconf 90' lang='grc'>6.</span> <span class='ocrx_word' id='word_1_309' title='bbox 1767 4416 2039 4485; x_wconf 78' lang='grc' dir='ltr'>λελέξεται</span> <span class='ocrx_word' id='word_1_310' title='bbox 2069 4417 2132 4472; x_wconf 89' lang='grc' dir='ltr'><strong>Β.</strong></span> <span class='ocrx_word' id='word_1_311' title='bbox 2158 4417 2367 4486; x_wconf 78' lang='grc' dir='ltr'>λέξεται</span> <span class='ocrx_word' id='word_1_312' title='bbox 2396 4416 2491 4472; x_wconf 80' lang='lat' dir='ltr'>Ht.</span> <span class='ocrx_word' id='word_1_313' title='bbox 2517 4415 2622 4472; x_wconf 85' lang='lat' dir='ltr'>Ed.</span> <span class='ocrx_word' id='word_1_314' title='bbox 2826 4429 2878 4487; x_wconf 78' lang='grc'>7.</span> <span class='ocrx_word' id='word_1_315' title='bbox 2915 4418 3069 4472; x_wconf 76' lang='grc' dir='ltr'>ἔσται</span> 
     </span>
    </p>
   </div>
   <div class='ocr_carea' id='block_1_8' title="bbox 667 4480 3074 4629">
    <p class='ocr_par' dir='ltr' id='par_1_8' title="bbox 667 4480 3074 4629">
     <span class='ocr_line' id='line_1_37' title="bbox 667 4480 3074 4558; baseline 0.004 -23"><span class='ocrx_word' id='word_1_316' title='bbox 667 4481 732 4535; x_wconf 92' lang='grc' dir='ltr'>Β.</span> <span class='ocrx_word' id='word_1_317' title='bbox 759 4482 876 4537; x_wconf 73' lang='grc' dir='ltr'>ἔστι</span> <span class='ocrx_word' id='word_1_318' title='bbox 904 4480 1002 4537; x_wconf 86' lang='lat' dir='ltr'>Ht.</span> <span class='ocrx_word' id='word_1_319' title='bbox 1026 4481 1128 4538; x_wconf 88' lang='lat' dir='ltr'>Ed.</span> <span class='ocrx_word' id='word_1_320' title='bbox 1314 4501 1394 4539; x_wconf 84' lang='lat'>11.</span> <span class='ocrx_word' id='word_1_321' title='bbox 1431 4485 1708 4556; x_wconf 81' lang='grc' dir='ltr'>ὁριούμεθα</span> <span class='ocrx_word' id='word_1_322' title='bbox 1735 4487 1800 4541; x_wconf 89' lang='grc' dir='ltr'>Β.</span> <span class='ocrx_word' id='word_1_323' title='bbox 1832 4486 1928 4543; x_wconf 84' lang='lat' dir='ltr'>Ht.</span> <span class='ocrx_word' id='word_1_324' title='bbox 1955 4488 2242 4557; x_wconf 81' lang='grc' dir='ltr'>ὁρισόμεθα</span> <span class='ocrx_word' id='word_1_325' title='bbox 2265 4488 2412 4544; x_wconf 84' lang='lat' dir='ltr'><strong>Aub.</strong></span> <span class='ocrx_word' id='word_1_326' title='bbox 2585 4489 2666 4542; x_wconf 83' lang='lat'>16.</span> <span class='ocrx_word' id='word_1_327' title='bbox 2704 4487 3074 4558; x_wconf 71' lang='grc' dir='ltr'>διερευνῶντας</span> 
     </span>
     <span class='ocr_line' id='line_1_38' title="bbox 667 4552 2153 4629; baseline 0.005 -23"><span class='ocrx_word' id='word_1_328' title='bbox 667 4552 732 4607; x_wconf 92' lang='grc' dir='ltr'>Β.</span> <span class='ocrx_word' id='word_1_329' title='bbox 765 4552 861 4607; x_wconf 86' lang='lat' dir='ltr'>Ht.</span> <span class='ocrx_word' id='word_1_330' title='bbox 889 4552 1220 4623; x_wconf 76' lang='grc' dir='ltr'>διερευνῶντα</span> <span class='ocrx_word' id='word_1_331' title='bbox 1246 4553 1391 4609; x_wconf 85' lang='lat' dir='ltr'><strong>Aub.</strong></span> <span class='ocrx_word' id='word_1_332' title='bbox 1604 4573 1694 4627; x_wconf 82' lang='lat'>30.</span> <span class='ocrx_word' id='word_1_333' title='bbox 1733 4555 1829 4629; x_wconf 79' lang='grc' dir='ltr'>ὣν]</span> <span class='ocrx_word' id='word_1_334' title='bbox 1864 4567 1920 4622; x_wconf 75' lang='grc' dir='ltr'>-Ι-</span> <span class='ocrx_word' id='word_1_335' title='bbox 1951 4558 1981 4626; x_wconf 82' lang='grc' dir='ltr'><strong><em>ἡ</em></strong></span> <span class='ocrx_word' id='word_1_336' title='bbox 2007 4558 2153 4614; x_wconf 78' lang='grc' dir='ltr'><strong>Αιὼ.</strong></span> 
     </span>
    </p>
   </div>
   <div class='ocr_carea' id='block_1_9' title="bbox 3215 1354 3223 2167">
    <p class='ocr_par' dir='ltr' id='par_1_9' title="bbox 3215 1354 3223 2167">
     <span class='ocr_line' id='line_1_39' title="bbox 3215 1354 3223 2167; baseline 0 0"><span class='ocrx_word' id='word_1_337' title='bbox 3215 1354 3223 2167; x_wconf 95' lang='lat' dir='ltr'> </span> 
     </span>
    </p>
   </div>
  </div>
 </body>
</html>
