3238 5158
231 350 305 419 ix.
332 355 384 434 8,
410 378 470 442 9.
586 358 701 424 IN
765 359 830 425 S.
880 358 1392 425 JOANNEM.
1487 356 1834 423 LIB.VI.
1925 357 2129 422 CAP.
2179 358 2234 423 Ι.
2489 356 2615 419 159

233 531 271 567 “
302 523 608 625 δίψυχος
656 522 839 627 ἀνὴρ
888 525 1389 608 ἀκατάστατος
1435 525 1511 605 ἐν
1554 522 1833 607 πάσαις
1882 527 2037 604 ταῖς
2088 522 2276 603 ὁδοῖς
2327 519 2611 613 αὐτοῦ,”

231 644 399 723 καθὰ
478 646 910 749 γέγραπται,
991 652 1107 729 καὶ
1199 646 1518 754 λήψεται
1607 644 1810 748 παρὰ
1894 646 2164 749 Κυρίου
2244 650 2617 725 παντελῶς

230 768 438 848 οὐδέν.

229 980 300 1048 Οἰ
362 981 476 1059 οὖν
548 986 832 1060 Γείτονεο
904 987 1010 1052 καὶ
1080 985 1141 1054 οἶ
1214 992 1619 1078 θεωροῦντες
1701 988 1900 1053 αὐτὸν
1969 986 2047 1053 τὸ
2117 985 2440 1074 πρότερον
2512 983 2678 1048 ὅτι8

170 1111 204 1172 5
317 1110 674 1200 προσαίτης
746 1108 846 1194 ἦν,
915 1113 1143 1188 ἕλει-ον
1215 1113 1349 1202 Οὐχ
1418 1111 1610 1180 οὗτός
1691 1114 1866 1178 ἐστιν
1936 1112 1973 1180 ὀ
2058 1111 2426 1187 καθήμενος
2508 1107 2615 1172 καὶ

317 1237 692 1326 προσαιτῶν
719 1268 737 1321 5
826 1237 1029 1305 ἄλλος
1110 1240 1334 1315 ἔλεγεν
1406 1238 1583 1327 Οὐχὶ,
1650 1238 1790 1305 ἀλλ’
1870 1240 2097 1315 ὅμοιος
2167 1235 2349 1321 αὐτῷ
2401 1234 2680 1302 -ὲστιν.9

314 1358 566 1428 ἐκεῖνος
619 1363 843 1439 ἔλεγεν
895 1365 998 1431 ὅτι
1051 1363 1184 1439 ferd)
1237 1361 1388 1442 εἰμι.

326 1533 914 1639 Δυσπαράδεκτά
966 1570 1121 1621 πως
1176 1542 1273 1622 εἰς
1326 1535 1578 1616 πίστιν
1622 1533 1715 1615 τὰ
1768 1541 1916 1616 τῶν
1962 1531 2347 1631 θαυμάτων
2403 1533 2617 1634 ὑπερ-
2639 1531 2685 1597 ἃ

222 1661 419 1760 φερῆ,
493 1663 611 1739 καὶ
682 1660 769 1740 τὸ
841 1658 1258 1761 μηδαμόθεν
1326 1722 1648 1743 ......
1716 1660 1845 1740 οὐκ
1916 1658 2428 1759 ἀταλαίπωρον
2503 1658 2613 1763 ἐφ’

133 1803 201 1845 10
221 1781 439 1890 ἑαυτῷ
489 1781 623 1884 τὴν
658 1782 958 1865 σύνεσιν
992 1782 1155 1889 ἔχει,
1193 1791 1481 1884 τιμᾶται
1526 1782 1602 1865 δὲ
1648 1782 1862 1884 μόλις
1899 1779 2337 1885 ἀπεριέργως
2369 1786 2610 1859 εἰσκο-

216 1904 474 2002 μισθὲν
522 1914 677 1992 ταῖς
731 1913 946 1988 τινῶν
996 1910 1356 1992 διανοίαις.
1429 1906 1516 1989 τὸ
1571 1906 1717 2011 γὰρ
1771 1905 2186 2009 βασανίζειν
2230 1909 2619 2007 πειρᾶσθαι

216 2026 305 2109 τὰ
353 2027 537 2135 ὑπὲρ
585 2039 754 2112 νοῦν
789 2034 937 2112 δεῖν
972 2035 1089 2113 καὶ
1128 2030 1379 2134 λόγον,
1414 2033 1730 2132 εὐηθείας
1779 2032 1863 2111 οὐ
1917 2025 2220 2132 μακράν.
2299 2032 2619 2109 ἐντεῦθεν

214 2148 404 2252 οἶμαι
462 2157 579 2235 καί
633 2153 1049 2255 ἀπιστῆσαί
1099 2191 1299 2241 τινας
1354 2162 1500 2237 τῶν
1554 2141 1847 2237 εἰδότων
1901 2153 2032 2255 μὲν
2084 2152 2436 2257 πρότερον
2487 2149 2617 2233 τὸν

211 2284 363 2363 ταῖς
425 2278 734 2381 τριόδοις
798 2281 1445 2386 ἐμφιλοχωροῦντα
1507 2277 1814 2384 τυφλὸν,
1877 2275 2471 2376 κατατεθηπότων
2535 2274 2614 2358 δὲ

121 2415 189 2479 15
213 2401 432 2501 αὖθις,
494 2403 778 2505 ἐπείπερ
844 2400 1062 2483 αὐτὸν
1119 2402 1483 2504 ἀδοκήτως
1550 2404 1834 2509 φαιδρῷ
1899 2397 2379 2503 διαπρέποντα
2434 2400 2614 2495 βλέ-

208 2558 477 2607 πουσιν
512 2527 903 2635 ὀφθαλμῷ.
984 2526 1566 2631 καταμερίζονται
1623 2525 1698 2608 δὲ
1755 2521 1937 2628 πρὸς
1993 2520 2422 2622 ἐνδοιασμὸν
2464 2520 2609 2604 ἀπὸ
2637 2552 2673 2599 e

204 2657 331 2729 τοῦ
389 2649 965 2751 συμβεβηκότος,
1024 2655 1142 2731 καὶ
1197 2656 1263 2731 οἰ
1317 2649 1449 2748 μὲν
1503 2656 1607 2758 τῷ
1663 2650 1943 2751 μεγέθει
1997 2656 2124 2728 τοῦ
2182 2646 2613 2751 πράγματος

205 2773 586 2876 ἐνορῶντες
649 2775 1184 2878 ἀκριβέστερον,
1250 2773 1412 2855 οὐδὲ
1473 2771 1694 2853 αὐτὸν
1760 2768 1934 2851 εἶναι
1998 2769 2127 2851 τὸν
2190 2770 2574 2871 ἄνθρωπον
2579 2833 2606 2871 ,

203 2898 482 3005 ε’μφερῆ
546 2896 621 2977 δὲ
680 2900 850 2978 λίαν
904 2904 1008 3006 τῷ
1070 2898 1583 3006 γινωσκομένῳ
1644 2897 1856 3001 φασί.
1957 2897 2075 2974 καὶ
2129 2892 2273 2997 γὰρ
2339 2892 2429 2993 δὴ
2492 2899 2610 2975 καὶ

108 3044 180 3087 ²0
201 3019 427 3107 ὄντως
487 3023 616 3101 οὐκ
674 3019 959 3105 ἀπεικός
1012 3056 1083 3102 τι
1136 3026 1392 3102 παθεῖν
1436 3022 1512 3101 ἐν
1558 3018 1834 3103 τούτοις
1882 3015 2077 3101 τινὰς
2124 3017 2307 3120 πρὸς
2355 3016 2439 3098 τὸ
2491 3022 2608 3098 καὶ

200 3144 429 3246 αὐτὴν
455 3150 960 3248 παραιτεῖσθαι
997 3143 1129 3246 τὴν
1164 3145 1530 3246 ἀλήθειαν,
1559 3148 1662 3251 τῷ
1699 3141 1983 3243 μεγέθει
2016 3144 2145 3240 τῆς
2181 3142 2607 3242 θεοσημείας

196 3270 292 3353 εἰς
358 3266 800 3368 ἀνεθέλητον
858 3266 1108 3370 ὥσπερ
1169 3268 1696 3376 ἐξωθουμένους
1756 3265 2273 3374 ψευδομυθίαν.
2382 3265 2606 3368 ἕτεροι

195 3389 274 3473 δὲ
328 3399 482 3473 τῶν
526 3392 1068 3495 εὐμαθεστέρων
1112 3398 1565 3493 μελλησμῶν
1613 3389 1995 3494 ἐλευθέραν
2048 3397 2418 3469 ποιοῦνται
2472 3389 2606 3490 τὴν

195 3516 526 3615 σύνεσιν,
583 3520 776 3596 αἰδοῖ
831 3514 908 3597 δὲ
965 3522 1083 3597 καὶ
1148 3515 1364 3623 φόβῳ
1429 3514 1513 3596 τὸ
1579 3520 1823 3614 θαῦμα
1885 3511 2319 3615 τιμήσαντες
2386 3510 2604 3595 αὐτὸν
2628 3548 2664 3588 a
2706 3536 2846 3590 604
2861 3533 2945 3592 A.

100 3660 169 3720 ²5
193 3641 464 3721 ἐκεῖνον
522 3636 705 3719 εἶναί
764 3647 981 3748 φασι.
1085 3638 1243 3719 λύει
1306 3639 1383 3719 δὲ
1436 3644 1880 3745 παραχρῆμα
1936 3637 2021 3717 τὸ
2079 3636 2503 3740 ζητούμενον
2562 3639 2603 3718 ὁ

190 3765 818 3867 τεθεραπευμένος,
879 3760 1470 3870 ἀξιολογωτάτην
1534 3766 1646 3867 ἐφ’
1710 3764 1938 3868 ἑαυτῷ
2000 3759 2132 3862 τὴν
2195 3762 2381 3841 ἰδίαν
2437 3768 2595 3841 εἰσ-

188 3888 442 3992 φέρων
497 3888 917 3990 ὁμολογίαν.
1000 3889 1084 3967 οὐ
1138 3885 1282 3990 γὰρ
1340 3885 1430 3967 ἂν
1479 3885 1730 3967 ἑαυτὸν
1776 3882 2104 3986 ἠγνόησέ
2147 3918 2277 3981 τις,
2324 3884 2485 3966 οὐδὲ
2540 3891 2601 3967 εἰ

184 4009 502 4117 σφόδρα
550 4018 765 4091 νοσοῖ
807 4007 892 4092 τὸ
943 4018 1213 4113 ληρεῖν.
1292 4008 1749 4116 πανταχόθεν
1797 4007 1872 4090 δὲ
1925 4014 2028 4117 τῷ
2077 4011 2603 4113 θαυματουργῷ

254 4268 310 4320 9.
338 4249 658 4375 finbapdoo
681 4250 774 4304 οὐκ
802 4250 889 4314 Β.,
915 4248 1007 4304 εὀἁ
1035 4249 1220 4340 defuso
1242 4248 1455 4341 videtu!-
1477 4247 1698 4321 aliquid.
2007 4261 2094 4300 21.
2130 4240 2315 4315 αὐτὴν]
2342 4240 2528 4301 αὐτοὺς
2549 4261 2600 4331 a:

183 4320 307 4448 331.-
336 4315 2129 4463 112522.fmssssamfflxae‘zsffizzmsaffim‘ffiss
2152 4384 2271 4440 Β...
2298 4314 2417 4440 ὅξε
2437 4316 2601 4440 ἐς...

178 4464 367 4534 φέρον
398 4461 505 4515 Ht.
532 4460 635 4515 Ed.
844 4475 930 4532 27.
968 4458 1243 4532 ἧγνοήσειε
1266 4460 1384 4517 Cat.
1415 4461 1569 4517 HarL
1775 4458 1864 4514 28.
1901 4460 2055 4513 νοσοῖ
2079 4456 2147 4511 Β.
2172 4454 2304 4511 ὅσοι
2333 4455 2431 4511 Ht.
2459 4454 2604 4509 unde

175 4537 331 4589 νοσεῖ
367 4530 683 4587 emendavit
716 4549 748 4586 e
786 4530 905 4586 Cat.
943 4532 1096 4586 Harl.
1126 4542 1190 4586 ut
1224 4531 1447 4587 aduam
1479 4532 1594 4602 ipse
1622 4529 1770 4585 Aub.
1912 4530 1973 4583 τὸ
2009 4527 2382 4598 θαυματουργᾷ
2417 4528 2509 4581 τὸν
2534 4524 2600 4579 Β.

176 4602 502 4660 emendavit
526 4601 670 4657 Aub.
