3238 5158
164 360 277 409 xv.
301 343 365 409 8.
538 346 655 411 IN
714 346 783 412 S.
831 347 1343 414 JOANNEM.
1432 348 1630 415 LIB.
1674 347 1760 413 X.
1832 346 2056 413 ‘CAR
2104 347 2201 413 11.
2436 346 2566 409 567

164 543 382 607 ματα,
412 515 528 591 καὶ
561 520 708 593 τῶν
733 517 1052 621 ἀρχαίων
1085 517 1683 619 συγγραμμάτων
1699 515 1844 617 τὴν
1880 513 2192 616 μνήμην.
2259 515 2301 594 ὁ
2338 511 2569 614 γεμὴν

164 632 515 734 κατήκοός
576 673 652 718 τε
717 642 834 720 καὶ
900 637 1210 740 εὐμαθὴς
1277 642 1393 720 καὶ
1457 645 1585 740 τῆς
1647 640 2118 742 εὖαγγελικῆς
2185 638 2566 745 δᾳδουχίας

163 756 572 860 ἀνάπλεως,
607 760 837 847 πολὺς
892 766 1008 843 καὶ
1057 766 1356 849 διπλοῦς
1394 770 1490 849 εἷς
1531 772 1877 861 πλοῦτον,
1916 761 2043 842 τὸν
2078 766 2154 842 ἐν
2197 759 2567 860 Πνεύματι

164 880 246 961 δὲ
296 884 632 981 δηλονότι
680 886 890 993 φημί.
932 904 952 928 ’
969 888 1090 966 νέα
1144 885 1289 991 γὰρ
1329 886 1676 983 ἐκβάλλει
1732 890 1848 967 καὶ
1903 884 2213 983 παλαιὰ,
2255 884 2387 984 τὴν
2437 892 2565 965 τοῦ

98 1026 137 1083 5
164 1004 392 1105 νόμου
445 1007 666 1089 σκιὰν
710 1012 826 1089 καὶ
879 1012 1008 1108 τῆς
1056 1010 1132 1088 ἐν
1170 1006 1366 1117 νόμῳ
1420 1010 1755 1112 λατρείας
1809 1007 1942 1109 τὴν
1991 1009 2291 1108 δύναμιν
2334 1042 2600 1107 μετα·-

161 1129 514 1211 πλάττων
561 1139 658 1217 εἷς
713 1137 968 1238 σχῆμα
1019 1133 1384 1220 πολιτείας
1436 1134 1928 1236 εὐαγγελικῆς.
2009 1131 2050 1212 ὃ
2105 1130 2249 1236 γὰρ
2304 1133 2565 1233 ἐδήλου

166 1253 290 1334 διὰ
334 1262 478 1336 τῶν
523 1260 769 1337 τύπων
817 1259 859 1337 ὁ
904 1256 1140 1355 νόμος,
1187 1266 1398 1338 τοῦτο
1447 1256 1774 1360 Χριστὸς
1828 1255 2434 1364 ἀπημφιεσμένως
2487 1259 2566 1335 ἐν

167 1380 495 1487 ἀληθείᾳ.
576 1380 690 1460 διὸ
725 1384 843 1461 καὶ
878 1378 1129 1485 ἔλεγεν
1169 1391 1213 1430 “
1241 1384 1403 1461 Οὐκ
1439 1380 1669 1482 ἦλθον
1704 1389 2114 1461 καταλῦσαι
2157 1379 2285 1460 τὸν
2322 1378 2560 1479 νόμον,
2585 1409 2620 1453 e
2647 1365 2898 1495 {jlfsstth‘

171 1512 216 1550 ‘⁶
254 1502 456 1582 ἀλλὰ
516 1507 967 1609 πληρῶσαι,”
1032 1507 1151 1585 καὶ
1208 1502 1434 1586 πάλιν
1494 1515 1539 1553 “
1574 1503 1811 1605 Ἀμὴν
1872 1501 2064 1604 ἀμὴν
2126 1504 2318 1604 λέγω
2378 1505 2561 1601 ὑμῖν,
2651 1529 2730 1579 Ib.
2757 1531 2828 1580 ιε.

68 1651 148 1693 10
174 1637 219 1674 “
260 1627 513 1706 ἶώτα
482 1663 556 1707 εν
589 1627 635 1730 ἢ
672 1629 802 1726 μία
849 1629 1094 1731 κεραία
1140 1630 1222 1708 οὖ
1267 1626 1371 1729 μὴ
1420 1627 1752 1735 παρέλθῃ
1796 1627 1944 1710 ἀπὸ
1988 1636 2116 1710 τοῦ
2154 1629 2394 1725 νόμου,
2433 1627 2563 1713 ἕως

171 1760 219 1797 “
256 1751 346 1830 ἂν
379 1751 613 1831 πάντα
661 1750 996 1854 γένηται.’
1099 1750 1358 1859 καρπός
1401 1753 1527 1832 οὖν
1564 1752 1707 1855 ἄρα
1745 1750 1965 1837 mabs-
2017 1752 2057 1832 ὁ
2104 1753 2180 1831 ἐν
2216 1750 2563 1850 πνεύματι

169 1876 292 1954 καὶ
341 1875 659 1982 ἀληθεία,
709 1880 837 1976 τῆς
889 1878 1358 1979 εὖαγγελικῆς
1417 1876 1752 1980 λατρείας
1802 1876 1847 1976 ἦ
1904 1875 2220 1975 δύναμις,
2276 1876 2564 1977 ἐπείπερ

169 2004 267 2084 εἰς
302 1998 525 2105 δόξαν
566 2008 696 2080 τοῦ
736 2005 926 2080 Θεοῦ
976 2003 1092 2080 καὶ
1130 1997 1424 2102 Πατρός
1467 2000 1844 2103 ἅνθρωπος
1888 2000 2184 2103 γέγονεν
2221 2001 2262 2079 ὁ
2303 2004 2554 2079 Μονο-

165 2119 399 2226 γενής.
474 2122 892 2222 συμβέβηκε
933 2123 1010 2205 δὲ
1048 2123 1165 2204 διὰ
1211 2132 1426 2204 τοῦτο
1471 2127 1588 2205 καὶ
1626 2126 1844 2205 αὑτοῦ
1881 2122 2215 2226 γενέσθαι
2253 2120 2564 2229 μαθητὰς

58 2261 142 2323 -ῐό
167 2246 333 2333 τοὺς
367 2246 580 2332 ὄντας
628 2251 742 2328 ἐπὶ
779 2253 906 2347 τῆς
951 2252 1110 2351 γῆς·
1186 2247 1633 2352 προσελάλει
1688 2246 1833 2352 γὰρ
1877 2255 2026 2333 τοῖς
2079 2246 2562 2351 ἀρχαιοτέροις
2650 2269 2895 2321 Eeb-ia.

168 2375 284 2451 καὶ
337 2369 570 2452 πάλαι
625 2370 743 2452 διὰ
793 2379 938 2453 τῶν
995 2379 1389 2478 προφητῶν
1436 2375 1532 2458 ὡς
1569 2372 1777 2469 Θεὸς,
1813 2373 1982 2450 ἀλλ’
2042 2406 2138 2455 εις
2198 2372 2382 2471 ἡμᾶς
2442 2374 2558 2450 καὶ

166 2498 326 2598 περὶ
386 2497 589 2596 ἡμῶν
648 2495 953 2651 ἐλέγετο
994 2505 1037 2543 “
1070 2497 1214 2577 Καὶ
1267 2496 1556 2576 ἔσονται
1608 2492 1870 2579 πάντες
1927 2496 2237 2576 διδακτοὶ
2292 2494 2554 2575 Θεοῦ.”
2582 2517 2619 2555 a
2670 2501 2797 2556 881
2817 2499 2898 2556 A.

65 2701 70 2706 ,
168 2621 334 2718 ἡμῖν
369 2618 518 2724 γὰρ
553 2628 701 2706 τοῖς
737 2627 843 2705 εἶς
869 2619 1088 2701 αὐτον
1120 2621 1630 2719 πιστεύσασιν,
1659 2621 1793 2724 οὐχ
1829 2618 2063 2722 ἕτερός
2096 2653 2204 2702 τις
2240 2629 2560 2716 μεσολα-
2649 2592 2823 2718 ῗῖρῖζ

169 2743 415 2844 βήσας
450 2780 579 2825 τον
622 2747 791 2849 παρ’
832 2746 1049 2825 αὐτοῦ
1086 2742 1598 2847 διεπόρθμευσε
1651 2743 1899 2846 λόγον,
1937 2741 2107 2822 ἀλλ’
2147 2741 2307 2823 οὐδὲ
2342 2744 2552 2841 μεσί-

70 2905 145 2947 20
169 2901 292 2968 της
327 2869 586 2969 γε’γονε
623 2876 769 2950 τῶν
802 2865 1228 2968 θελημοὶτων
1261 2868 1480 2948 αὐτοῦ
1514 2866 1697 2969 πρὸς
1733 2868 1938 2967 ἡμᾶς,
1965 2863 2287 2969 καθάπερ
2313 2867 2561 2963 ἀμέλει

172 2996 508 3090 Μωυσῆς
554 2999 703 3076 τοῖς
751 2992 841 3100 ἐξ
880 2990 1189 3095 Ἰσραὴλ
1243 2994 1321 3071 ἐν
1369 2997 1472 3100 τῷ
1521 2990 1670 3095 ὄρει
1732 2995 1933 3086 Σινᾶ,
1984 2988 2209 3092 ἤγουν
2263 2994 2330 3070 οἱ
2380 2988 2561 3087 μετὰ

171 3118 505 3197 Μωυσέα
555 3121 923 3222 προφῆται
976 3123 1124 3200 τοῖς
1180 3117 1329 3196 κατ’
1370 3114 1649 3212 αὐτοὺς,
1687 3113 1858 3195 ἀλλ’
1911 3112 2122 3199 αὐτὸς
2177 3113 2363 3212 ἡμᾶς
2411 3114 2553 3192 ἐδί-

169 3240 382 3346 δαξεν
422 3240 463 3319 ὁ
500 3237 848 3342 Χριστός.
924 3244 1235 3320 διδακτοὶ
1274 3239 1349 3319 δὲ
1388 3244 1579 3320 Θεοῦ
1625 3236 1743 3318 διὰ
1788 3244 1998 3317 τοῦτο
2034 3234 2296 3321 πάντες
2330 3237 2550 3335 ἡμεῖς.

171 3364 297 3445 οὐκ
345 3360 436 3445 ἂν
474 3364 600 3443 οὖν
636 3362 827 3447 ὅλως
876 3364 1093 3443 αὑτοῦ
1139 3361 1535 3464 γεγόναμεν
1569 3361 1891 3469 μαθηταὶ,
1927 3361 2056 3440 οὐκ
2101 3357 2189 3439 ἂν
2234 3361 2562 3459 ἐτεκομεν

74 3522 146 3582 25
171 3485 295 3566 τὸν
336 3490 469 3587 τῆς
505 3485 878 3593 φιλοθεΐας
936 3491 1190 3592 καρπὶν
1241 3489 1356 3566 καὶ
1405 3494 1660 3567 τοῦτον
1713 3483 1946 3581 πολῗιν,
1985 3490 2046 3564 εἰ
2098 3484 2197 3585 μὴ
2242 3480 2558 3593 ἐδοξάσθη
2583 3491 2626 3555 b

172 3611 254 3688 δι’
295 3609 727 3714 ἡμερότητος
765 3619 796 3692 ὁ
838 3608 1088 3714 Παιτῆρ,
1127 3609 1519 3710 εὐδοκήσας
1555 3612 1633 3689 ἐν
1668 3610 1854 3709 ἡμῖν,
1893 3611 1988 3692 ὡς
2025 3610 2141 3687 καὶ
2178 3607 2560 3711 ἄνθρωπον

170 3735 506 3833 γενέσθαι
540 3733 668 3815 τὸν
702 3736 780 3814 ἐκ
817 3738 945 3833 τῆς
982 3735 1233 3816 οὐσίας
1280 3733 1497 3813 αὐτοῦ
1541 3731 1993 3834 προελθόντα
2031 3730 2300 3834 Λόγον.
2382 3730 2550 3833 νοή-

171 3889 393 3955 σομεν
439 3893 584 3962 γαρ
633 3859 876 3954 οὕτως,
912 3857 1028 3937 ὅτε
1067 3853 1426 3959 λεγούσης
1464 3856 1813 3955 ἀκούομεν
1850 3860 1978 3954 τῆς
2027 3857 2217 3940 θείας
2266 3860 2558 3960 γραφῆς

76 3969 103 3980 ‘-
173 4013 279 4058 οτι
314 3981 569 4062 δέδωκε
608 4016 735 4060 τον
756 3981 934 4061 ἴδιον
956 3979 1158 4061 Υιόν.
1218 3977 1699 4079 συνευδόκησε
1738 3979 1882 4084 γὰρ
1918 3988 2131 4059 τοῦτο
2167 3982 2271 4087 τῷ
2303 3986 2560 4061 παθεῖν

74 4133 149 4190 30
175 4101 343 4203 ὑπερ
397 4104 602 4205 ἡμῶν
655 4105 991 4213 ελομένῳ,
1030 4107 1145 4183 καὶ
1202 4101 1318 4183 δια
1370 4111 1583 4183 τοῦτο
1637 4109 1753 4183 καὶ
1811 4102 2182 4183 δεδωκέναι
2239 4102 2551 4207 λέγεται,

173 4229 284 4304 καὶ
319 4226 522 4325 μα’λα
559 4226 865 4312 εἰκότως.

1201 4376 1284 4415 10.
1306 4358 1454 4430 κερέα
1480 4359 1544 4414 Ε.
