3238 5158
300 1971 468 2036 Eph.
452 1973 506 2026 ιί.

308 2053 323 2086 ι
338 2052 382 2087 a.

306 2205 544 2258 18.Joan.

300 2273 354 2321 ii.
374 2287 453 2333 υ,
468 2287 548 2338 ²3·

634 316 767 379 450
1244 315 1324 379 B.
1373 313 1790 380 CYRILLI
1849 314 2425 381 ALEXANDR.
2788 314 2930 379 xiv.
2964 331 3064 378 11.

635 539 681 577 „
720 476 944 577 ὄντες,
1012 481 1236 582 ἀμιγῆ
1307 477 1491 585 πρὸς
1564 477 1781 561 αὐτὸν
1853 479 2110 585 ἔχομεν
2182 479 2317 581 τὴν
2389 476 2836 562 ὑπόστασιν·
2934 477 3069 557 τὸν

634 664 679 699 ,,
719 601 937 686 αὐτὸν
982 602 1254 706 τρόπον
1301 608 1420 684 καὶ
1475 607 1515 685 5
1567 603 1744 691 Υἱὸς
1799 608 1877 686 ἐν
1922 611 2026 713 τῷ
2078 608 2318 710 Πατρὶ
2370 601 2774 709 τυγχάνων,
2815 606 3063 682 διακε·

634 788 679 826 ,,
719 725 1056 828 κριμένην
1105 736 1233 809 τοῦ
1288 727 1681 831 ἀγεννήτου
1733 734 1925 810 Θεοῦ
1980 729 2123 834 ἔχει
2178 726 2311 828 τὴν
2360 725 2688 809 οὐσίαν.”
2741 727 2829 806 τί
2878 723 3063 833 φῂς,

633 850 1129 955 ἐμβρόντητεζ
1214 851 1499 955 γυμνὴν
1573 856 1762 935 οὕτω
1835 855 1968 953 τὴν
2042 860 2140 939 εἰς
2212 854 2341 934 τὸν
2400 850 2584 933 Υἱὸν
2650 853 3070 951 πεποίησαι

634 977 1107 1082 δυσφημίαν·
1086 1037 1109 1074 ,
1197 972 1309 1079 ἀρ’
1379 978 1506 1059 οὖν
1578 977 1681 1077 μὴ
1764 977 2086 1058 διάκενον
2157 981 2303 1082 ἐρεῖ
2366 1011 2472 1063 τις
2547 977 3069 1080 συκοφαντίαν
3088 1003 3121 1063 5

634 1106 972 1205 καταχεῖν
1046 1100 1231 1200 ἡμᾶς
1303 1102 1720 1204 ἐπείγεσθαι
1793 1105 1922 1202 τῆς
1991 1108 2139 1183 τῶν
2211 1099 2590 1254 θεομάχων
2663 1104 3060 1205 κεφαλῆς·
3040 1162 3061 1194 ,

634 1221 789 1304 ἰδοὺ
844 1222 986 1327 γὰρ
1042 1231 1330 1331 σαφῶς,
1379 1224 1584 1306 οὐδὲν
1633 1225 1825 1312 ολως
1879 1224 1965 1306 τὸ
2018 1232 2271 1306 πλεῖον
2319 1225 2810 1374 ἀπονέμουσιν
2861 1225 3070 1330 αὐτῷ

569 1354 612 1420 b
635 1354 780 1428 τῶν
851 1347 998 1430 ἀπο
1071 1352 1208 1451 γῆς
1281 1348 1692 1452 γεγονότων
1766 1353 1883 1431 καὶ
1970 1351 2058 1430 δι’
2135 1352 2355 1430 αὐτοῦ
2432 1384 2616 1454 προς
2698 1346 2785 1428 τὸ
2877 1345 3068 1428 εἶναι

633 1473 1291 1576 παρενηνεγμένων.
1392 1471 1535 1577 ἐγὼ
1591 1474 1668 1554 δὲ
1734 1475 1963 1555 καίτοι
2022 1472 2194 1555 λίαν
2247 1472 2630 1581 ἀφορήτως
2688 1474 2883 1577 ἔχων
2944 1471 3064 1579 ἐφ’

635 1595 740 1681 οἷς
777 1603 995 1678 εἰπεῖν
1031 1603 1094 1677 οἱ
1133 1598 1434 1678 δείλαιοι
1470 1595 2030 1698 τετολμήκασιν,
2067 1599 2291 1678 ἐκεῖνο
2335 1596 2563 1704 δεῖξαι
2605 1594 3065 1700 πειράσομαι
3091 1635 3147 1676 ιο

636 1726 739 1829 τῷ
799 1727 1057 1829 σκοπῷ
1115 1718 1344 1801 πάλιν
1399 1719 1751 1820 ἑπόμενον
1804 1725 1933 1820 τῆς
1989 1721 2181 1806 θείας·
2238 1725 2550 1829 γραφῆς,
2608 1724 2705 1806 ὡς
2757 1722 3065 1824 ἐπείπερ

637 1847 1019 1947 ἀρνοῦνται
1075 1878 1204 1925 τον
1236 1843 1438 1943 Yth»,
1479 1843 2040 1948 συνηρνήσαντο
2088 1879 2216 1925 τον
2253 1845 2568 1948 Πατέρα,
2611 1847 2733 1925 καὶ
2786 1845 3065 1926 λοιπόν

638 1973 822 2047 εἶσιν
858 1966 1079 2066 αθεοι,
1117 2003 1234 2049 και
1273 1969 1536 2049 ἐλπίδα
1572 1967 1675 2069 μὴ
1721 1968 2002 2073 ἔχοντες
2049 1971 2125 2048 έν
2162 1973 2343 2077 τῷδε
2392 1974 2493 2077 τῷ
2542 1967 2829 2076 κόσμιρ,
2869 1968 3063 2050 κατὰ

639 2124 723 2171 το
761 2091 1283 2195 γεγραμμένον.
1359 2094 1476 2172 καὶ
1515 2090 1624 2172 ὅτι
1663 2088 1902 2198 φαμέν
1938 2098 2200 2191 καλῶς,
2242 2092 2520 2192 ἀληθὴς
2568 2090 2848 2195 μάρτυς
2886 2095 3061 2194 ἡμῖν

639 2215 1062 2316 εὶσβήσεται
1103 2217 1144 2296 5
1190 2215 1538 2321 θεοφιλὴς
1572 2212 1913 2315 Ἰωάννης
1958 2215 2352 2324 γεγραφὼς
2400 2216 2537 2296 ὡδί
2563 2225 2608 2263 “
2639 2218 2737 2297 Ὁ
2775 2219 3054 2320 ἀρνού-
3084 2247 3141 2308 ¹5

639 2349 684 2386 “
720 2373 933 2438 μενος
988 2337 1115 2419 τὸν
1154 2338 1450 2442 Πατέρα
1508 2341 1627 2419 καὶ
1682 2337 1809 2420 τὸν
1844 2338 2052 2420 Υὶόν·
2121 2347 2264 2425 πᾶς
2329 2342 2371 2421 5
2427 2340 2871 2445 ἀρνούμενος
2923 2342 3059 2422 τὸν

578 2491 617 2538 ο
639 2473 682 2510 “
716 2462 898 2543 Υἱὸν
934 2463 1098 2544 οὐδὲ
1131 2463 1260 2544 τὸν
1299 2463 1593 2566 Πατέρα
1631 2463 1797 2568 ἔχει·
1862 2464 1904 2544 5
1949 2466 2332 2568 ὁμολογῶν
2366 2462 2495 2545 τὸν
2528 2461 2711 2544 Υὶὸν
2746 2467 2874 2545 καὶ
2924 2464 3058 2547 τὸν

639 2598 684 2635 “
690 2588 1020 2736 Πατέρα
1075 2589 1259 2695 ἔχει]
1266 2586 1581 2693 ’ὀρθῶς
1640 2590 1725 2668 δέ
1770 2622 1881 2669 τοι
1937 2589 2108 2669 λίαν
2163 2591 2205 2670 5
2258 2586 2879 2695 πνευματοφόρος,
2936 2597 3057 2672 καὶ

635 2717 763 2814 τῆς
817 2717 921 2820 τῷ
977 2712 1180 2821 λόγῳ
1227 2711 1651 2818 πρεπούσης
1705 2714 2054 2817 ἁρμονίας
2105 2714 2235 2794 οὐκ
2284 2712 2426 2820 ἔξω
2468 2715 2683 2799 τιθεὶς
2727 2747 2816 2793 το
2864 2714 3053 2796 θεό-

635 2871 856 2941 ρημα.
957 2836 1195 2937 ἐπειδὴ
1261 2835 1408 2941 γὰρ
1474 2833 1663 2916 οἶδεν
1730 2838 1858 2918 οὐκ
1922 2835 2221 2936 ὀνόματι
2285 2835 2531 2936 μόνον,
2593 2838 2919 2988 ἐνεργεία
2984 2836 3059 2918 δὲ
3078 2876 3137 2918 ιο

636 2960 1021 3110 μᾶλλον,”
983 2995 1160 3066 οπερ
1197 2958 1374 3041 εἶναι
1412 2965 1529 3041 καὶ
1568 2959 1877 3062 λέγεται,
1900 2960 2253 3059 τουτέστι,
2284 2959 2566 3063 Πατὴρ,
2595 2959 2780 3040 κατὰ
2819 2960 3056 3069 φυσιν

642 3083 1079 3190 ὑπάρχοντα,
1153 3086 1556 3187 ἀναγκαίως
1631 3083 2235 3192 συνεξαρνεῖσθαί
2310 3090 2544 3192 φησιν
2616 3084 2838 3193 ἑτέρῳ
2925 3086 3055 3167 τὸν

640 3209 904 3312 ἕτερον.
984 3208 1475 3315 συνειστρέχει
1531 3207 1678 3311 γάρ
1731 3243 1887 3293 πως
1942 3210 2048 3287 ἀεὶ
2092 3213 2195 3316 τῷ
2241 3243 2326 3311 γε
2377 3207 2530 3289 ὄντι
2581 3205 2767 3288 κατὰ
2817 3209 3056 3315 φύσιν

640 3335 758 3412 καὶ
801 3334 1156 3441 νοουμένω
1197 3337 1436 3434 Πατρὶ
1486 3341 1615 3413 τοῦ
1669 3330 2153 3436 προελθόντος
2201 3332 2293 3439 ἐξ
2336 3333 2554 3413 αὐτοῦ
2604 3330 3057 3434 γεννήματος

639 3454 686 3555 ἡ
724 3455 999 3556 γνῶσίς
1036 3490 1113 3537 τε
1151 3459 1271 3537 καὶ
1313 3454 1661 3558 δήλωσις,
1699 3458 1817 3537 καὶ
1867 3462 1972 3565 τῷ
2017 3457 2429 3558 γεννηθέντι
2475 3453 2660 3536 κατὰ
2700 3454 3055 3557 ἀλήθειαν
3078 3490 3143 3551 ²5

575 3600 621 3666 d
642 3574 727 3657 τὸ
763 3587 892 3659 τοῦ
924 3579 1182 3660 τίκτειν
1214 3579 1624 3725 πεφυκότος
1658 3587 2180 3661 συνεπινοεῖται
2216 3576 2637 3683 πρόσωπον.
2712 3575 2873 3678 ἅμα
2906 3582 3057 3685 γάρ

641 3735 749 3786 τις
803 3701 988 3804 ἔγνω
1047 3701 1364 3805 Πατέρα,
1418 3707 1729 3802 συνῆκεν
1781 3738 1893 3784 οτι
1947 3737 2349 3806 γεγεννηκε,
2400 3705 2515 3783 καὶ
2573 3708 2633 3783 εὶ
2687 3703 2912 3803 μάθοι
2968 3706 3055 3787 τὸ

640 3825 982 3928 γέννημα,
1011 3826 1439 3906 διακείσεται
1474 3823 1765 3911 πάντως
1802 3827 1912 3908 ὅτι
1947 3825 2222 3931 πατρὸς
2256 3826 2478 3934 ἐξέφυ
2513 3823 2723 3911 τινός.
2791 3829 3057 3908 οὐκοῦν

644 3950 730 4028 δι’
769 3951 1044 4055 ἀμφοῖν
1089 3956 1234 4033 τοῖς
1287 3949 1763 4053 ἀκροωμένοις
1817 3950 1862 4049 ἡ
1918 3950 2250 4052 ἑκατέρου
2303 3956 2576 4052 γνῶσις
2630 3951 3047 4031 ἐντίκτεται·

644 4074 761 4151 καὶ
808 4070 1305 4188 ἀρνησάμενος
1351 4073 1483 4173 μέν
1521 4107 1650 4171 τις,
1691 4073 1801 4155 ὅτι
1839 4073 2101 4177 Πατήρ
2153 4076 2355 4185 ἐστιν
2391 4076 2684 4181 ἀληθῶς
2730 4074 2774 4152 5
2822 4074 3048 4173 Θεὸς,
3078 4112 3139 4171 30

644 4196 1156 4300 συναναιρήσει
1209 4197 1497 4283 πάντως
1549 4197 1684 4297 τὴν
1737 4205 1865 4278 τοῦ
1919 4203 2101 4278 Υἱοῦ
2151 4197 2515 4300 γέννησιν·
2596 4196 2921 4301 γέννημα
2978 4200 3056 4280 δὲ

715 4433 767 4487 3.
810 4415 1036 4487 Legae&
1003 4415 1251 4488 αενῆτου
1274 4417 1363 4474 hio
1386 4427 1439 4473 et
1461 4417 1607 4474 alibi.
1783 4415 1836 4472 6.
1875 4420 2161 4489 κατασχεῖν
2184 4417 2251 4472 Ε.
2437 4433 2520 4474 11.
2555 4418 2810 4489 ἑπόμενον
2834 4418 2904 4475 E.
2928 4421 3055 4475 ἐπό-

640 4509 767 4556 μενα
792 4487 936 4543 Aub.
960 4488 1025 4542 ἐπ
1053 4510 1206 4559 μενος
1228 4488 1474 4543 emendat
1500 4489 1707 4577 Migne.
1911 4505 1994 4545 12.
2031 4488 2394 4559 συνηρνῆσατο
2419 4488 2484 4543 Ε.
2694 4488 2780 4545 18.
2814 4491 2961 4563 ἔχειν
2988 4493 3054 4547 B.

640 4581 722 4612 τοι
748 4559 814 4613 Ε.
838 4580 889 4613 τι
916 4556 1016 4613 Ed.
1232 4572 1319 4629 27.
1355 4559 1510 4629 μάθοι
1539 4559 1597 4613 F.
1621 4558 1773 4628 μάθει
1800 4557 1904 4615 Ed.
