<?xml version="1.0" encoding="UTF-8"?>
<!DOCTYPE html PUBLIC "-//W3C//DTD XHTML 1.0 Transitional//EN"
    "http://www.w3.org/TR/xhtml1/DTD/xhtml1-transitional.dtd">
<html xmlns="http://www.w3.org/1999/xhtml" xml:lang="en" lang="en">
 <head>
  <title>
</title>
<meta http-equiv="Content-Type" content="text/html;charset=utf-8" />
  <meta name='ocr-system' content='tesseract 3.04.00' />
  <meta name='ocr-capabilities' content='ocr_page ocr_carea ocr_par ocr_line ocrx_word'/>
</head>
<body>
  <div class='ocr_page' id='page_1' title='image "./sanctipatrisnos03pusegoog_0710.png"; bbox 0 0 3238 5158; ppageno 0'>
   <div class='ocr_carea' id='block_1_1' title="bbox 675 342 3029 419">
    <p class='ocr_par' dir='ltr' id='par_1_1' title="bbox 675 342 3029 419">
     <span class='ocr_line' id='line_1_1' title="bbox 675 342 3029 419; baseline -0.006 -10"><span class='ocrx_word' id='word_1_1' title='bbox 675 343 806 413; x_wconf 85' lang='lat'>698</span> <span class='ocrx_word' id='word_1_2' title='bbox 1284 349 1362 414; x_wconf 92' lang='grc' dir='ltr'>Β.</span> <span class='ocrx_word' id='word_1_3' title='bbox 1412 347 1832 414; x_wconf 86' lang='lat' dir='ltr'>CYRILLI</span> <span class='ocrx_word' id='word_1_4' title='bbox 1892 347 2475 415; x_wconf 84' lang='lat' dir='ltr'>ALEXANDR.</span> <span class='ocrx_word' id='word_1_5' title='bbox 2658 342 3029 419; x_wconf 80' lang='lat' dir='ltr'>xvii.12,13.</span> 
     </span>
    </p>
   </div>
   <div class='ocr_carea' id='block_1_2' title="bbox 343 506 3127 2722">
    <p class='ocr_par' dir='ltr' id='par_1_2' title="bbox 343 506 3127 2722">
     <span class='ocr_line' id='line_1_2' title="bbox 679 506 3034 619; baseline -0.003 -29"><span class='ocrx_word' id='word_1_6' title='bbox 679 518 724 558; x_wconf 78' lang='lat'>‘⁶</span> <span class='ocrx_word' id='word_1_7' title='bbox 761 508 1243 593; x_wconf 76' lang='grc' dir='ltr'>πιστευόντων</span> <span class='ocrx_word' id='word_1_8' title='bbox 1278 511 1366 614; x_wconf 86' lang='grc' dir='ltr'>ἦν</span> <span class='ocrx_word' id='word_1_9' title='bbox 1410 513 1456 612; x_wconf 86' lang='grc' dir='ltr'><em>ἡ</em></span> <span class='ocrx_word' id='word_1_10' title='bbox 1505 514 1762 617; x_wconf 85' lang='grc' dir='ltr'>καρδία</span> <span class='ocrx_word' id='word_1_11' title='bbox 1817 518 1933 594; x_wconf 81' lang='grc' dir='ltr'>καὶ</span> <span class='ocrx_word' id='word_1_12' title='bbox 1982 514 2028 613; x_wconf 80' lang='grc' dir='ltr'><em>ἦ</em></span> <span class='ocrx_word' id='word_1_13' title='bbox 2070 510 2281 619; x_wconf 82' lang='grc' dir='ltr'>ψυχὴ</span> <span class='ocrx_word' id='word_1_14' title='bbox 2317 512 2504 612; x_wconf 86' lang='grc' dir='ltr'>μία,”</span> <span class='ocrx_word' id='word_1_15' title='bbox 2549 511 2624 589; x_wconf 83' lang='grc' dir='ltr'>ἐν</span> <span class='ocrx_word' id='word_1_16' title='bbox 2658 506 2900 587; x_wconf 78' lang='grc' dir='ltr'>ἑνῶσει</span> <span class='ocrx_word' id='word_1_17' title='bbox 2931 506 3034 601; x_wconf 82' lang='grc' dir='ltr'>δη-</span> 
     </span>
     <span class='ocr_line' id='line_1_3' title="bbox 638 628 3036 741; baseline -0.003 -28"><span class='ocrx_word' id='word_1_18' title='bbox 638 719 645 724; x_wconf 58' lang='grc'>,</span> <span class='ocrx_word' id='word_1_19' title='bbox 681 629 929 714; x_wconf 87' lang='grc' dir='ltr'>λονότι</span> <span class='ocrx_word' id='word_1_20' title='bbox 968 641 1058 740; x_wconf 80' lang='grc' dir='ltr'>τῇ</span> <span class='ocrx_word' id='word_1_21' title='bbox 1092 644 1220 716; x_wconf 91' lang='grc' dir='ltr'>τοῦ</span> <span class='ocrx_word' id='word_1_22' title='bbox 1259 636 1701 735; x_wconf 83' lang='grc' dir='ltr'>Πνεύματος.</span> <span class='ocrx_word' id='word_1_23' title='bbox 1782 646 1995 719; x_wconf 89' lang='grc' dir='ltr'>τοῦτο</span> <span class='ocrx_word' id='word_1_24' title='bbox 2043 637 2188 741; x_wconf 82' lang='grc' dir='ltr'>γάρ</span> <span class='ocrx_word' id='word_1_25' title='bbox 2223 639 2383 718; x_wconf 83' lang='grc' dir='ltr'>ἐστι</span> <span class='ocrx_word' id='word_1_26' title='bbox 2426 637 2542 716; x_wconf 77' lang='grc' dir='ltr'>καὶ</span> <span class='ocrx_word' id='word_1_27' title='bbox 2594 631 2679 713; x_wconf 78' lang='grc' dir='ltr'>τὸ</span> <span class='ocrx_word' id='word_1_28' title='bbox 2729 631 2811 710; x_wconf 85' lang='grc' dir='ltr'>δι’</span> <span class='ocrx_word' id='word_1_29' title='bbox 2849 628 3036 707; x_wconf 77' lang='grc' dir='ltr'>αὐτοῦ</span> 
     </span>
     <span class='ocr_line' id='line_1_4' title="bbox 682 750 3035 862; baseline -0.002 -25"><span class='ocrx_word' id='word_1_30' title='bbox 682 756 908 837; x_wconf 84' lang='grc' dir='ltr'>πάλιν</span> <span class='ocrx_word' id='word_1_31' title='bbox 962 761 1326 862; x_wconf 78' lang='grc' dir='ltr'>εἰρημένον</span> <span class='ocrx_word' id='word_1_32' title='bbox 1374 769 1501 841; x_wconf 91' lang='grc' dir='ltr'>τοῦ</span> <span class='ocrx_word' id='word_1_33' title='bbox 1560 760 1869 841; x_wconf 80' lang='grc' dir='ltr'>Παύλου</span> <span class='ocrx_word' id='word_1_34' title='bbox 1914 757 2115 841; x_wconf 67' lang='lat' dir='ltr'>“⁶Ev</span> <span class='ocrx_word' id='word_1_35' title='bbox 2168 767 2387 859; x_wconf 81' lang='grc' dir='ltr'>σῶμα</span> <span class='ocrx_word' id='word_1_36' title='bbox 2433 758 2549 839; x_wconf 79' lang='grc' dir='ltr'>καὶ</span> <span class='ocrx_word' id='word_1_37' title='bbox 2600 756 2676 837; x_wconf 80' lang='grc' dir='ltr'>ἓν</span> <span class='ocrx_word' id='word_1_38' title='bbox 2723 750 3035 849; x_wconf 58' lang='lat' dir='ltr'>amima-’⁹</span> 
     </span>
     <span class='ocr_line' id='line_1_5' title="bbox 350 875 3041 1012; baseline -0.001 -53"><span class='ocrx_word' id='word_1_39' title='bbox 350 885 515 1012; x_wconf 48' lang='grc' dir='ltr'>ἓξὲξ</span> <span class='ocrx_word' id='word_1_40' title='bbox 542 900 594 934; x_wconf 84' lang='lat'>¹·</span> <span class='ocrx_word' id='word_1_41' title='bbox 685 889 730 926; x_wconf 88' lang='lat'>“</span> <span class='ocrx_word' id='word_1_42' title='bbox 765 877 842 959; x_wconf 80' lang='grc' dir='ltr'>ἓν</span> <span class='ocrx_word' id='word_1_43' title='bbox 878 879 1020 985; x_wconf 77' lang='grc' dir='ltr'>γὰρ</span> <span class='ocrx_word' id='word_1_44' title='bbox 1056 889 1276 980; x_wconf 79' lang='grc' dir='ltr'>σῶμα</span> <span class='ocrx_word' id='word_1_45' title='bbox 1331 889 1397 964; x_wconf 79' lang='grc' dir='ltr'>οἱ</span> <span class='ocrx_word' id='word_1_46' title='bbox 1440 882 1722 965; x_wconf 90' lang='grc' dir='ltr'>πολλοί</span> <span class='ocrx_word' id='word_1_47' title='bbox 1769 886 1992 985; x_wconf 88' lang='grc' dir='ltr'>ε’σμεν</span> <span class='ocrx_word' id='word_1_48' title='bbox 2035 886 2109 965; x_wconf 87' lang='grc' dir='ltr'>ἐν</span> <span class='ocrx_word' id='word_1_49' title='bbox 2145 888 2473 991; x_wconf 75' lang='grc' dir='ltr'>Χριστῷ,</span> <span class='ocrx_word' id='word_1_50' title='bbox 2511 886 2580 962; x_wconf 80' lang='grc' dir='ltr'>οἱ</span> <span class='ocrx_word' id='word_1_51' title='bbox 2630 877 2773 982; x_wconf 80' lang='grc' dir='ltr'>γὰρ</span> <span class='ocrx_word' id='word_1_52' title='bbox 2812 875 3041 958; x_wconf 80' lang='grc' dir='ltr'>πάντες</span> 
     </span>
     <span class='ocr_line' id='line_1_6' title="bbox 343 997 3087 1143; baseline -0.001 -60"><span class='ocrx_word' id='word_1_53' title='bbox 343 1016 494 1143; x_wconf 49' lang='lat'>23³2·</span> <span class='ocrx_word' id='word_1_54' title='bbox 684 1014 730 1051; x_wconf 88' lang='lat'><strong>“</strong></span> <span class='ocrx_word' id='word_1_55' title='bbox 764 1004 842 1084; x_wconf 86' lang='grc' dir='ltr'>ἐκ</span> <span class='ocrx_word' id='word_1_56' title='bbox 895 1014 1023 1086; x_wconf 88' lang='grc' dir='ltr'>τοῦ</span> <span class='ocrx_word' id='word_1_57' title='bbox 1078 1003 1232 1092; x_wconf 79' lang='grc' dir='ltr'>ἑνὸς</span> <span class='ocrx_word' id='word_1_58' title='bbox 1282 1006 1502 1111; x_wconf 76' lang='grc' dir='ltr'>ἄρτου</span> <span class='ocrx_word' id='word_1_59' title='bbox 1543 1007 1994 1113; x_wconf 83' lang='grc' dir='ltr'>μετε’χομεν,”</span> <span class='ocrx_word' id='word_1_60' title='bbox 2033 1011 2151 1089; x_wconf 78' lang='grc' dir='ltr'>καὶ</span> <span class='ocrx_word' id='word_1_61' title='bbox 2177 1007 2440 1091; x_wconf 83' lang='grc' dir='ltr'>πάντες</span> <span class='ocrx_word' id='word_1_62' title='bbox 2478 1008 2554 1086; x_wconf 87' lang='grc' dir='ltr'>ἐν</span> <span class='ocrx_word' id='word_1_63' title='bbox 2590 1007 2692 1086; x_wconf 83' lang='grc' dir='ltr'>ἑνὶ</span> <span class='ocrx_word' id='word_1_64' title='bbox 2729 997 3087 1104; x_wconf 76' lang='grc' dir='ltr'>διακεχρί·5</span> 
     </span>
     <span class='ocr_line' id='line_1_7' title="bbox 682 1128 3038 1240; baseline -0.002 -32"><span class='ocrx_word' id='word_1_65' title='bbox 682 1134 925 1227; x_wconf 89' lang='grc' dir='ltr'>σμεθα</span> <span class='ocrx_word' id='word_1_66' title='bbox 966 1128 1335 1227; x_wconf 84' lang='grc' dir='ltr'>Πνεύματι</span> <span class='ocrx_word' id='word_1_67' title='bbox 1378 1138 1480 1240; x_wconf 75' lang='grc' dir='ltr'>τῷ</span> <span class='ocrx_word' id='word_1_68' title='bbox 1527 1140 1656 1211; x_wconf 85' lang='grc' dir='ltr'>τοῦ</span> <span class='ocrx_word' id='word_1_69' title='bbox 1692 1137 2046 1236; x_wconf 80' lang='grc' dir='ltr'>Χριστοῦ.</span> <span class='ocrx_word' id='word_1_70' title='bbox 2115 1135 2212 1216; x_wconf 83' lang='grc' dir='ltr'>ὡς</span> <span class='ocrx_word' id='word_1_71' title='bbox 2266 1132 2393 1211; x_wconf 77' lang='grc' dir='ltr'>οὖν</span> <span class='ocrx_word' id='word_1_72' title='bbox 2447 1128 2829 1230; x_wconf 77' lang='grc' dir='ltr'>ἐσομένους</span> <span class='ocrx_word' id='word_1_73' title='bbox 2874 1156 3038 1203; x_wconf 88' lang='grc' dir='ltr'>συσ-</span> 
     </span>
     <span class='ocr_line' id='line_1_8' title="bbox 681 1248 3043 1363; baseline -0 -33"><span class='ocrx_word' id='word_1_74' title='bbox 681 1250 994 1351; x_wconf 81' lang='grc' dir='ltr'>σῶμους,</span> <span class='ocrx_word' id='word_1_75' title='bbox 1046 1250 1203 1339; x_wconf 85' lang='grc' dir='ltr'>ἑνός</span> <span class='ocrx_word' id='word_1_76' title='bbox 1257 1289 1334 1335; x_wconf 90' lang='grc' dir='ltr'>τε</span> <span class='ocrx_word' id='word_1_77' title='bbox 1391 1260 1508 1335; x_wconf 87' lang='grc' dir='ltr'>καὶ</span> <span class='ocrx_word' id='word_1_78' title='bbox 1561 1264 1690 1335; x_wconf 90' lang='grc' dir='ltr'>τοῦ</span> <span class='ocrx_word' id='word_1_79' title='bbox 1740 1258 1959 1336; x_wconf 80' lang='grc' dir='ltr'>αὐτοῦ</span> <span class='ocrx_word' id='word_1_80' title='bbox 2014 1254 2599 1363; x_wconf 80' lang='grc' dir='ltr'>συμμεθέξοντας</span> <span class='ocrx_word' id='word_1_81' title='bbox 2636 1248 3043 1349; x_wconf 82' lang='grc' dir='ltr'>Πνεύματος,</span> 
     </span>
     <span class='ocr_line' id='line_1_9' title="bbox 682 1375 3044 1479; baseline 0 -25"><span class='ocrx_word' id='word_1_82' title='bbox 682 1380 780 1461; x_wconf 79' lang='grc' dir='ltr'>εἷς</span> <span class='ocrx_word' id='word_1_83' title='bbox 829 1376 1127 1477; x_wconf 81' lang='grc' dir='ltr'>ἑνότητα</span> <span class='ocrx_word' id='word_1_84' title='bbox 1174 1379 1576 1479; x_wconf 82' lang='grc' dir='ltr'>πνεύματος</span> <span class='ocrx_word' id='word_1_85' title='bbox 1631 1375 1764 1477; x_wconf 88' lang='grc' dir='ltr'>τὴν</span> <span class='ocrx_word' id='word_1_86' title='bbox 1817 1378 2212 1479; x_wconf 85' lang='grc' dir='ltr'>οὐδαμόθεν</span> <span class='ocrx_word' id='word_1_87' title='bbox 2254 1376 2766 1477; x_wconf 75' lang='grc' dir='ltr'>διασπωμένην</span> <span class='ocrx_word' id='word_1_88' title='bbox 2814 1375 2920 1453; x_wconf 78' lang='grc' dir='ltr'>καὶ</span> <span class='ocrx_word' id='word_1_89' title='bbox 2967 1375 3044 1454; x_wconf 79' lang='grc' dir='ltr'>εἰς</span> 
     </span>
     <span class='ocr_line' id='line_1_10' title="bbox 614 1491 3043 1606; baseline -0.002 -26"><span class='ocrx_word' id='word_1_90' title='bbox 614 1506 657 1571; x_wconf 83' lang='lat' dir='ltr'><strong>d</strong></span> <span class='ocrx_word' id='word_1_91' title='bbox 684 1496 1020 1599; x_wconf 84' lang='grc' dir='ltr'>ὁμόνοιαν</span> <span class='ocrx_word' id='word_1_92' title='bbox 1047 1503 1325 1606; x_wconf 84' lang='grc' dir='ltr'>ἀῤῥαγῆ</span> <span class='ocrx_word' id='word_1_93' title='bbox 1364 1506 1850 1604; x_wconf 87' lang='grc' dir='ltr'>διατηρεῖσθαι</span> <span class='ocrx_word' id='word_1_94' title='bbox 1878 1500 2219 1598; x_wconf 83' lang='grc' dir='ltr'>βούλεται</span> <span class='ocrx_word' id='word_1_95' title='bbox 2247 1501 2410 1586; x_wconf 81' lang='grc' dir='ltr'>τοὺς</span> <span class='ocrx_word' id='word_1_96' title='bbox 2439 1502 2695 1581; x_wconf 84' lang='grc' dir='ltr'>ἑαυτοῦ</span> <span class='ocrx_word' id='word_1_97' title='bbox 2729 1491 3043 1597; x_wconf 75' lang='grc' dir='ltr'>μαθητάς.</span> 
     </span>
     <span class='ocr_line' id='line_1_11' title="bbox 679 1617 3124 1727; baseline -0.001 -25"><span class='ocrx_word' id='word_1_98' title='bbox 679 1629 740 1703; x_wconf 81' lang='grc' dir='ltr'>εἶ</span> <span class='ocrx_word' id='word_1_99' title='bbox 795 1623 880 1703; x_wconf 82' lang='grc' dir='ltr'>δέ</span> <span class='ocrx_word' id='word_1_100' title='bbox 924 1658 1028 1708; x_wconf 88' lang='grc' dir='ltr'>τις</span> <span class='ocrx_word' id='word_1_101' title='bbox 1083 1625 1237 1725; x_wconf 84' lang='grc' dir='ltr'>δοίη</span> <span class='ocrx_word' id='word_1_102' title='bbox 1294 1626 1410 1705; x_wconf 71' lang='grc' dir='ltr'>καὶ</span> <span class='ocrx_word' id='word_1_103' title='bbox 1466 1626 1618 1705; x_wconf 86' lang='grc' dir='ltr'>κατ’</span> <span class='ocrx_word' id='word_1_104' title='bbox 1681 1626 1943 1705; x_wconf 82' lang='grc' dir='ltr'>ἐκεῖνον</span> <span class='ocrx_word' id='word_1_105' title='bbox 2003 1624 2134 1724; x_wconf 86' lang='grc' dir='ltr'>τὴν</span> <span class='ocrx_word' id='word_1_106' title='bbox 2190 1624 2459 1727; x_wconf 83' lang='grc' dir='ltr'>τρόπον</span> <span class='ocrx_word' id='word_1_107' title='bbox 2512 1625 2854 1704; x_wconf 84' lang='grc' dir='ltr'>ἑνοῦσθαι</span> <span class='ocrx_word' id='word_1_108' title='bbox 2909 1617 3046 1700; x_wconf 77' lang='grc' dir='ltr'>τοὺς</span> <span class='ocrx_word' id='word_1_109' title='bbox 3070 1642 3124 1685; x_wconf 82' lang='lat'>¹0</span> 
     </span>
     <span class='ocr_line' id='line_1_12' title="bbox 680 1741 3047 1851; baseline -0.002 -25"><span class='ocrx_word' id='word_1_110' title='bbox 680 1746 1028 1846; x_wconf 77' lang='grc' dir='ltr'>μαθητὰς,</span> <span class='ocrx_word' id='word_1_111' title='bbox 1121 1746 1371 1851; x_wconf 74' lang='grc' dir='ltr'>ὥσπερ</span> <span class='ocrx_word' id='word_1_112' title='bbox 1427 1748 1554 1827; x_wconf 82' lang='grc' dir='ltr'>οὖν</span> <span class='ocrx_word' id='word_1_113' title='bbox 1605 1747 1667 1828; x_wconf 76' lang='grc' dir='ltr'>ἕν</span> <span class='ocrx_word' id='word_1_114' title='bbox 1722 1754 1907 1828; x_wconf 80' lang='grc' dir='ltr'>εἰσιν</span> <span class='ocrx_word' id='word_1_115' title='bbox 1963 1749 2003 1828; x_wconf 86' lang='grc' dir='ltr'>ὁ</span> <span class='ocrx_word' id='word_1_116' title='bbox 2058 1747 2319 1851; x_wconf 82' lang='grc' dir='ltr'>Πατὴρ</span> <span class='ocrx_word' id='word_1_117' title='bbox 2392 1751 2509 1828; x_wconf 79' lang='grc' dir='ltr'>καὶ</span> <span class='ocrx_word' id='word_1_118' title='bbox 2565 1747 2606 1826; x_wconf 83' lang='grc' dir='ltr'>ὁ</span> <span class='ocrx_word' id='word_1_119' title='bbox 2665 1745 2862 1842; x_wconf 79' lang='grc' dir='ltr'>Υἱὸς,</span> <span class='ocrx_word' id='word_1_120' title='bbox 2914 1741 3047 1846; x_wconf 79' lang='grc' dir='ltr'>οὐχὶ</span> 
     </span>
     <span class='ocr_line' id='line_1_13' title="bbox 681 1863 3051 1971; baseline -0.001 -21"><span class='ocrx_word' id='word_1_121' title='bbox 681 1866 902 1969; x_wconf 89' lang='grc' dir='ltr'>μόνον</span> <span class='ocrx_word' id='word_1_122' title='bbox 938 1870 1121 1951; x_wconf 79' lang='grc' dir='ltr'>κατὰ</span> <span class='ocrx_word' id='word_1_123' title='bbox 1173 1868 1307 1971; x_wconf 86' lang='grc' dir='ltr'>τὴν</span> <span class='ocrx_word' id='word_1_124' title='bbox 1361 1872 1639 1970; x_wconf 82' lang='grc' dir='ltr'>οὐσίαν,</span> <span class='ocrx_word' id='word_1_125' title='bbox 1678 1870 1881 1951; x_wconf 79' lang='grc' dir='ltr'>ἀλλὰ</span> <span class='ocrx_word' id='word_1_126' title='bbox 1916 1875 2034 1952; x_wconf 80' lang='grc' dir='ltr'>καὶ</span> <span class='ocrx_word' id='word_1_127' title='bbox 2090 1870 2273 1951; x_wconf 78' lang='grc' dir='ltr'>κατὰ</span> <span class='ocrx_word' id='word_1_128' title='bbox 2318 1870 2451 1971; x_wconf 86' lang='grc' dir='ltr'>τὴν</span> <span class='ocrx_word' id='word_1_129' title='bbox 2486 1870 2876 1970; x_wconf 78' lang='grc' dir='ltr'>βούλησιν·</span> <span class='ocrx_word' id='word_1_130' title='bbox 2944 1863 3051 1964; x_wconf 78' lang='grc' dir='ltr'>μία</span> 
     </span>
     <span class='ocr_line' id='line_1_14' title="bbox 682 1990 3054 2103; baseline -0.001 -32"><span class='ocrx_word' id='word_1_131' title='bbox 682 1991 827 2097; x_wconf 79' lang='grc' dir='ltr'>γὰρ</span> <span class='ocrx_word' id='word_1_132' title='bbox 864 1993 1163 2094; x_wconf 80' lang='grc' dir='ltr'>θέλησις</span> <span class='ocrx_word' id='word_1_133' title='bbox 1197 1997 1274 2074; x_wconf 83' lang='grc' dir='ltr'>ἐν</span> <span class='ocrx_word' id='word_1_134' title='bbox 1308 2001 1401 2100; x_wconf 82' lang='grc' dir='ltr'>τῇ</span> <span class='ocrx_word' id='word_1_135' title='bbox 1438 1994 1610 2102; x_wconf 75' lang='grc' dir='ltr'>ἁγίᾳ</span> <span class='ocrx_word' id='word_1_136' title='bbox 1639 1995 1879 2103; x_wconf 82' lang='grc' dir='ltr'>φύσει,</span> <span class='ocrx_word' id='word_1_137' title='bbox 1912 1999 2028 2075; x_wconf 80' lang='grc' dir='ltr'>καὶ</span> <span class='ocrx_word' id='word_1_138' title='bbox 2047 1994 2139 2075; x_wconf 84' lang='grc' dir='ltr'>τὸ</span> <span class='ocrx_word' id='word_1_139' title='bbox 2165 2001 2261 2079; x_wconf 81' lang='grc' dir='ltr'>εἰς</span> <span class='ocrx_word' id='word_1_140' title='bbox 2295 2002 2443 2077; x_wconf 82' lang='grc' dir='ltr'>πᾶν</span> <span class='ocrx_word' id='word_1_141' title='bbox 2480 1997 2722 2074; x_wconf 84' lang='grc' dir='ltr'>ὁτιοῦν</span> <span class='ocrx_word' id='word_1_142' title='bbox 2746 1990 3054 2089; x_wconf 79' lang='grc' dir='ltr'>βούλημα</span> 
     </span>
     <span class='ocr_line' id='line_1_15' title="bbox 683 2115 3054 2225; baseline -0.001 -28"><span class='ocrx_word' id='word_1_143' title='bbox 683 2115 970 2197; x_wconf 82' lang='grc' dir='ltr'>ταύτόν·</span> <span class='ocrx_word' id='word_1_144' title='bbox 1052 2117 1299 2198; x_wconf 82' lang='grc' dir='ltr'>νοείτω</span> <span class='ocrx_word' id='word_1_145' title='bbox 1336 2121 1453 2198; x_wconf 83' lang='grc' dir='ltr'>καὶ</span> <span class='ocrx_word' id='word_1_146' title='bbox 1505 2120 1754 2202; x_wconf 80' lang='grc' dir='ltr'>οὕτως.</span> <span class='ocrx_word' id='word_1_147' title='bbox 1834 2119 1918 2199; x_wconf 82' lang='grc' dir='ltr'>οὐ</span> <span class='ocrx_word' id='word_1_148' title='bbox 1969 2116 2114 2222; x_wconf 81' lang='grc' dir='ltr'>γὰρ</span> <span class='ocrx_word' id='word_1_149' title='bbox 2157 2117 2300 2225; x_wconf 79' lang='grc' dir='ltr'>ἔξω</span> <span class='ocrx_word' id='word_1_150' title='bbox 2336 2123 2684 2214; x_wconf 79' lang='grc' dir='ltr'>βαδιεῖται</span> <span class='ocrx_word' id='word_1_151' title='bbox 2723 2116 3054 2218; x_wconf 80' lang='grc' dir='ltr'>λογισμοῦ</span> 
     </span>
     <span class='ocr_line' id='line_1_16' title="bbox 681 2237 3127 2342; baseline -0.001 -21"><span class='ocrx_word' id='word_1_152' title='bbox 681 2247 813 2321; x_wconf 91' lang='grc' dir='ltr'>τοῦ</span> <span class='ocrx_word' id='word_1_153' title='bbox 868 2238 1326 2341; x_wconf 81' lang='grc' dir='ltr'>καθήκοντος,</span> <span class='ocrx_word' id='word_1_154' title='bbox 1366 2243 1622 2323; x_wconf 86' lang='grc' dir='ltr'>ἐπείτοι</span> <span class='ocrx_word' id='word_1_155' title='bbox 1670 2244 1789 2322; x_wconf 81' lang='grc' dir='ltr'>καὶ</span> <span class='ocrx_word' id='word_1_156' title='bbox 1825 2240 1910 2321; x_wconf 82' lang='grc' dir='ltr'>τὸ</span> <span class='ocrx_word' id='word_1_157' title='bbox 1947 2244 2022 2322; x_wconf 87' lang='grc' dir='ltr'>ἐν</span> <span class='ocrx_word' id='word_1_158' title='bbox 2072 2240 2370 2342; x_wconf 85' lang='grc' dir='ltr'>θελήσει</span> <span class='ocrx_word' id='word_1_159' title='bbox 2410 2239 2675 2321; x_wconf 80' lang='grc' dir='ltr'>ταύτὸν</span> <span class='ocrx_word' id='word_1_160' title='bbox 2724 2237 3053 2341; x_wconf 76' lang='grc' dir='ltr'>θεωρῆσαι</span> <span class='ocrx_word' id='word_1_161' title='bbox 3076 2249 3127 2310; x_wconf 75' lang='lat'>¹5</span> 
     </span>
     <span class='ocr_line' id='line_1_17' title="bbox 683 2359 3055 2469; baseline -0.003 -24"><span class='ocrx_word' id='word_1_162' title='bbox 683 2398 791 2449; x_wconf 89' lang='grc' dir='ltr'>τις</span> <span class='ocrx_word' id='word_1_163' title='bbox 848 2361 939 2443; x_wconf 80' lang='grc' dir='ltr'>ἂν</span> <span class='ocrx_word' id='word_1_164' title='bbox 991 2364 1194 2468; x_wconf 81' lang='grc' dir='ltr'>παρά</span> <span class='ocrx_word' id='word_1_165' title='bbox 1247 2400 1334 2468; x_wconf 87' lang='grc' dir='ltr'>γε</span> <span class='ocrx_word' id='word_1_166' title='bbox 1387 2374 1534 2450; x_wconf 89' lang='grc' dir='ltr'>τοῖς</span> <span class='ocrx_word' id='word_1_167' title='bbox 1590 2365 1814 2451; x_wconf 83' lang='grc' dir='ltr'>ὅντως</span> <span class='ocrx_word' id='word_1_168' title='bbox 1849 2371 2334 2469; x_wconf 85' lang='grc' dir='ltr'>Χριστιανοῖς,</span> <span class='ocrx_word' id='word_1_169' title='bbox 2378 2371 2440 2445; x_wconf 80' lang='grc' dir='ltr'>εὶ</span> <span class='ocrx_word' id='word_1_170' title='bbox 2492 2368 2609 2445; x_wconf 79' lang='grc' dir='ltr'>καὶ</span> <span class='ocrx_word' id='word_1_171' title='bbox 2665 2363 2771 2464; x_wconf 82' lang='grc' dir='ltr'>μὴ</span> <span class='ocrx_word' id='word_1_172' title='bbox 2822 2365 2894 2442; x_wconf 86' lang='grc' dir='ltr'>ἐν</span> <span class='ocrx_word' id='word_1_173' title='bbox 2937 2359 3055 2465; x_wconf 68' lang='grc' dir='ltr'>ἴσῳ</span> 
     </span>
     <span class='ocr_line' id='line_1_18' title="bbox 684 2486 3055 2601; baseline -0.003 -34"><span class='ocrx_word' id='word_1_174' title='bbox 684 2487 887 2597; x_wconf 74' lang='grc' dir='ltr'>τύπῳ</span> <span class='ocrx_word' id='word_1_175' title='bbox 943 2487 1028 2568; x_wconf 81' lang='grc' dir='ltr'>τὸ</span> <span class='ocrx_word' id='word_1_176' title='bbox 1077 2490 1463 2589; x_wconf 83' lang='grc' dir='ltr'>ὁμοούσιον</span> <span class='ocrx_word' id='word_1_177' title='bbox 1510 2492 1622 2601; x_wconf 85' lang='grc' dir='ltr'>ἐφ’</span> <span class='ocrx_word' id='word_1_178' title='bbox 1662 2490 1851 2589; x_wconf 84' lang='grc' dir='ltr'>ἡμῖν,</span> <span class='ocrx_word' id='word_1_179' title='bbox 1906 2488 2227 2594; x_wconf 83' lang='grc' dir='ltr'>καθάπερ</span> <span class='ocrx_word' id='word_1_180' title='bbox 2281 2492 2395 2571; x_wconf 82' lang='grc' dir='ltr'>ἐπὶ</span> <span class='ocrx_word' id='word_1_181' title='bbox 2435 2486 2731 2592; x_wconf 80' lang='grc' dir='ltr'>Πατρὸς</span> <span class='ocrx_word' id='word_1_182' title='bbox 2786 2489 2900 2567; x_wconf 80' lang='grc' dir='ltr'>καὶ</span> <span class='ocrx_word' id='word_1_183' title='bbox 2950 2489 3055 2563; x_wconf 87' lang='grc' dir='ltr'>τοῦ</span> 
     </span>
     <span class='ocr_line' id='line_1_19' title="bbox 685 2611 2169 2722; baseline 0.003 -30"><span class='ocrx_word' id='word_1_184' title='bbox 685 2614 774 2720; x_wconf 80' lang='grc' dir='ltr'>ἐξ</span> <span class='ocrx_word' id='word_1_185' title='bbox 805 2614 1023 2694; x_wconf 82' lang='grc' dir='ltr'>αὐτοῦ</span> <span class='ocrx_word' id='word_1_186' title='bbox 1058 2647 1135 2694; x_wconf 89' lang='grc' dir='ltr'>τε</span> <span class='ocrx_word' id='word_1_187' title='bbox 1177 2617 1295 2695; x_wconf 84' lang='grc' dir='ltr'>καὶ</span> <span class='ocrx_word' id='word_1_188' title='bbox 1330 2617 1406 2695; x_wconf 86' lang='grc' dir='ltr'>ε’ν</span> <span class='ocrx_word' id='word_1_189' title='bbox 1443 2616 1636 2722; x_wconf 74' lang='grc' dir='ltr'>αὐτῷ</span> <span class='ocrx_word' id='word_1_190' title='bbox 1673 2620 1866 2695; x_wconf 84' lang='grc' dir='ltr'>Θεοῦ</span> <span class='ocrx_word' id='word_1_191' title='bbox 1904 2611 2169 2717; x_wconf 87' lang='grc' dir='ltr'>Λόγου.</span> 
     </span>
    </p>
   </div>
   <div class='ocr_carea' id='block_1_3' title="bbox 342 752 563 819">
    <p class='ocr_par' dir='ltr' id='par_1_3' title="bbox 342 752 563 819">
     <span class='ocr_line' id='line_1_20' title="bbox 342 752 563 819; baseline -0.009 -14"><span class='ocrx_word' id='word_1_192' title='bbox 342 752 475 819; x_wconf 82' lang='lat' dir='ltr'>Eph.</span> <span class='ocrx_word' id='word_1_193' title='bbox 492 752 563 803; x_wconf 77' lang='lat' dir='ltr'>iv·</span> 
     </span>
    </p>
   </div>
   <div class='ocr_carea' id='block_1_4' title="bbox 589 2824 3135 3303">
    <p class='ocr_par' dir='ltr' id='par_1_4' title="bbox 589 2824 3135 3303">
     <span class='ocr_line' id='line_1_21' title="bbox 589 2824 3058 2926; baseline -0.001 -29"><span class='ocrx_word' id='word_1_194' title='bbox 589 2830 839 2908; x_wconf 70' lang='lat' dir='ltr'>12&#39;Ore</span> <span class='ocrx_word' id='word_1_195' title='bbox 900 2832 1072 2910; x_wconf 62' lang='grc' dir='ltr'>ἥμην</span> <span class='ocrx_word' id='word_1_196' title='bbox 1140 2834 1278 2911; x_wconf 85' lang='grc' dir='ltr'>μετ’</span> <span class='ocrx_word' id='word_1_197' title='bbox 1353 2836 1592 2916; x_wconf 78' lang='grc' dir='ltr'>αὐτῶν,</span> <span class='ocrx_word' id='word_1_198' title='bbox 1662 2836 1797 2910; x_wconf 76' lang='grc' dir='ltr'>ὲΓὼ</span> <span class='ocrx_word' id='word_1_199' title='bbox 1868 2836 2146 2926; x_wconf 67' lang='grc' dir='ltr'>ἐτήρουν</span> <span class='ocrx_word' id='word_1_200' title='bbox 2217 2835 2453 2902; x_wconf 71' lang='grc' dir='ltr'>αὐτοὺς</span> <span class='ocrx_word' id='word_1_201' title='bbox 2510 2834 2581 2900; x_wconf 82' lang='grc' dir='ltr'>ὲν</span> <span class='ocrx_word' id='word_1_202' title='bbox 2644 2837 2746 2919; x_wconf 79' lang='grc' dir='ltr'>τῷ</span> <span class='ocrx_word' id='word_1_203' title='bbox 2813 2824 3058 2906; x_wconf 82' lang='grc' dir='ltr'>ὀνόματί</span> 
     </span>
     <span class='ocr_line' id='line_1_22' title="bbox 789 2954 3135 3049; baseline -0 -28"><span class='ocrx_word' id='word_1_204' title='bbox 789 2978 905 3022; x_wconf 88' lang='grc' dir='ltr'>σου</span> <span class='ocrx_word' id='word_1_205' title='bbox 976 2954 1033 3043; x_wconf 84' lang='grc' dir='ltr'>ᾧ</span> <span class='ocrx_word' id='word_1_206' title='bbox 1096 2957 1395 3026; x_wconf 71' lang='grc' dir='ltr'>δέδωκάς</span> <span class='ocrx_word' id='word_1_207' title='bbox 1465 2984 1596 3042; x_wconf 82' lang='grc' dir='ltr'>μοι,</span> <span class='ocrx_word' id='word_1_208' title='bbox 1669 2959 1777 3026; x_wconf 81' lang='grc' dir='ltr'>καὶ</span> <span class='ocrx_word' id='word_1_209' title='bbox 1849 2960 2150 3049; x_wconf 73' lang='grc' dir='ltr'>ἐφύλαξα</span> <span class='ocrx_word' id='word_1_210' title='bbox 2222 2960 2479 3040; x_wconf 69' lang='grc' dir='ltr'>αὐτοὺς,</span> <span class='ocrx_word' id='word_1_211' title='bbox 2544 2961 2652 3025; x_wconf 84' lang='grc' dir='ltr'><strong>καί</strong></span> <span class='ocrx_word' id='word_1_212' title='bbox 2721 2958 2937 3025; x_wconf 70' lang='grc' dir='ltr'>οὐδεὶς</span> <span class='ocrx_word' id='word_1_213' title='bbox 2999 2954 3135 3021; x_wconf 63' lang='grc' dir='ltr'>ἔξω</span> 
     </span>
     <span class='ocr_line' id='line_1_23' title="bbox 789 3078 3058 3172; baseline -0 -26"><span class='ocrx_word' id='word_1_214' title='bbox 789 3083 1008 3149; x_wconf 79' lang='grc' dir='ltr'>αὐτῶν</span> <span class='ocrx_word' id='word_1_215' title='bbox 1063 3083 1395 3166; x_wconf 81' lang='grc' dir='ltr'>ἀπώλετο,</span> <span class='ocrx_word' id='word_1_216' title='bbox 1454 3084 1511 3151; x_wconf 82' lang='grc' dir='ltr'>εἰ</span> <span class='ocrx_word' id='word_1_217' title='bbox 1568 3088 1657 3165; x_wconf 67' lang='grc' dir='ltr'>μὲι</span> <span class='ocrx_word' id='word_1_218' title='bbox 1715 3088 1752 3156; x_wconf 84' lang='grc' dir='ltr'>ὁ</span> <span class='ocrx_word' id='word_1_219' title='bbox 1812 3084 1951 3156; x_wconf 72' lang='grc' dir='ltr'>υἱὸς</span> <span class='ocrx_word' id='word_1_220' title='bbox 2012 3091 2132 3154; x_wconf 68' lang='grc' dir='ltr'>τῆς</span> <span class='ocrx_word' id='word_1_221' title='bbox 2194 3085 2551 3166; x_wconf 67' lang='grc' dir='ltr'>ἀπωλείας,</span> <span class='ocrx_word' id='word_1_222' title='bbox 2599 3084 2707 3151; x_wconf 77' lang='grc' dir='ltr'>ἵνα</span> <span class='ocrx_word' id='word_1_223' title='bbox 2767 3086 2806 3150; x_wconf 68' lang='grc' dir='ltr'><strong><em>ἡ</em></strong></span> <span class='ocrx_word' id='word_1_224' title='bbox 2868 3078 3058 3172; x_wconf 68' lang='grc' dir='ltr'>Γραφῆ</span> 
     </span>
     <span class='ocr_line' id='line_1_24' title="bbox 589 3210 2146 3303; baseline 0.007 -33"><span class='ocrx_word' id='word_1_225' title='bbox 589 3243 661 3302; x_wconf 79' lang='lat'>13</span> <span class='ocrx_word' id='word_1_226' title='bbox 790 3215 1136 3300; x_wconf 67' lang='grc' dir='ltr'>πληρωθῇ·</span> <span class='ocrx_word' id='word_1_227' title='bbox 1209 3216 1321 3277; x_wconf 85' lang='grc' dir='ltr'>νῦν</span> <span class='ocrx_word' id='word_1_228' title='bbox 1376 3210 1448 3277; x_wconf 81' lang='grc' dir='ltr'>δὲ</span> <span class='ocrx_word' id='word_1_229' title='bbox 1506 3213 1674 3302; x_wconf 77' lang='grc' dir='ltr'>πρόο</span> <span class='ocrx_word' id='word_1_230' title='bbox 1728 3236 1801 3280; x_wconf 85' lang='grc' dir='ltr'>σε</span> <span class='ocrx_word' id='word_1_231' title='bbox 1854 3212 2146 3303; x_wconf 82' lang='grc' dir='ltr'>ἔρχομαι.</span> 
     </span>
    </p>
   </div>
   <div class='ocr_carea' id='block_1_5' title="bbox 358 3368 3136 4467">
    <p class='ocr_par' dir='ltr' id='par_1_5' title="bbox 358 3368 3063 3481">
     <span class='ocr_line' id='line_1_25' title="bbox 358 3368 3063 3481; baseline -0.004 -24"><span class='ocrx_word' id='word_1_232' title='bbox 358 3399 591 3460; x_wconf 79' lang='grc' dir='ltr'><strong>978Δ.</strong></span> <span class='ocrx_word' id='word_1_233' title='bbox 631 3415 669 3456; x_wconf 79' lang='lat' dir='ltr'><strong>a</strong></span> <span class='ocrx_word' id='word_1_234' title='bbox 804 3368 1114 3476; x_wconf 87' lang='grc' dir='ltr'>Πρόεισί</span> <span class='ocrx_word' id='word_1_235' title='bbox 1168 3409 1323 3459; x_wconf 91' lang='grc' dir='ltr'>πως</span> <span class='ocrx_word' id='word_1_236' title='bbox 1386 3373 1569 3455; x_wconf 76' lang='grc' dir='ltr'>κατὰ</span> <span class='ocrx_word' id='word_1_237' title='bbox 1632 3373 1874 3481; x_wconf 75' lang='grc' dir='ltr'>βραχὺ</span> <span class='ocrx_word' id='word_1_238' title='bbox 1926 3373 2109 3478; x_wconf 76' lang='grc' dir='ltr'>πρὸς</span> <span class='ocrx_word' id='word_1_239' title='bbox 2163 3373 2701 3478; x_wconf 78' lang='grc' dir='ltr'>ἐμφανεστέραν</span> <span class='ocrx_word' id='word_1_240' title='bbox 2765 3372 3063 3473; x_wconf 84' lang='grc' dir='ltr'>δήλωσιν</span> 
     </span>
    </p>

    <p class='ocr_par' dir='ltr' id='par_1_6' title="bbox 686 3496 3134 3726">
     <span class='ocr_line' id='line_1_26' title="bbox 686 3496 3064 3601; baseline -0 -26"><span class='ocrx_word' id='word_1_241' title='bbox 686 3503 818 3576; x_wconf 91' lang='grc' dir='ltr'>τοῦ</span> <span class='ocrx_word' id='word_1_242' title='bbox 850 3500 1183 3601; x_wconf 78' lang='grc' dir='ltr'>Σωτῆρος·</span> <span class='ocrx_word' id='word_1_243' title='bbox 1233 3500 1273 3577; x_wconf 87' lang='grc' dir='ltr'>ὁ</span> <span class='ocrx_word' id='word_1_244' title='bbox 1324 3496 1566 3601; x_wconf 85' lang='grc' dir='ltr'>λόγος,</span> <span class='ocrx_word' id='word_1_245' title='bbox 1604 3499 2165 3597; x_wconf 74' lang='grc' dir='ltr'>διεσκιασμένως</span> <span class='ocrx_word' id='word_1_246' title='bbox 2214 3498 2290 3579; x_wconf 80' lang='grc' dir='ltr'>δὲ</span> <span class='ocrx_word' id='word_1_247' title='bbox 2327 3502 2424 3582; x_wconf 84' lang='grc' dir='ltr'>ὦς</span> <span class='ocrx_word' id='word_1_248' title='bbox 2460 3500 2536 3577; x_wconf 86' lang='grc' dir='ltr'>ἐν</span> <span class='ocrx_word' id='word_1_249' title='bbox 2570 3500 2849 3601; x_wconf 78' lang='grc' dir='ltr'>ἀρχαῖς,</span> <span class='ocrx_word' id='word_1_250' title='bbox 2887 3499 3064 3593; x_wconf 80' lang='grc' dir='ltr'>διαγ·</span> 
     </span>
     <span class='ocr_line' id='line_1_27' title="bbox 689 3617 3134 3726; baseline -0.001 -29"><span class='ocrx_word' id='word_1_251' title='bbox 689 3617 1031 3720; x_wconf 77' lang='grc' dir='ltr'>γέλλεται</span> <span class='ocrx_word' id='word_1_252' title='bbox 1095 3620 1233 3722; x_wconf 82' lang='grc' dir='ltr'>ἤδη</span> <span class='ocrx_word' id='word_1_253' title='bbox 1298 3625 1416 3702; x_wconf 81' lang='grc' dir='ltr'>καὶ</span> <span class='ocrx_word' id='word_1_254' title='bbox 1470 3623 2008 3721; x_wconf 85' lang='grc' dir='ltr'>ἐκκαλύπτεται,</span> <span class='ocrx_word' id='word_1_255' title='bbox 2067 3621 2390 3725; x_wconf 76' lang='grc' dir='ltr'>καθάπερ</span> <span class='ocrx_word' id='word_1_256' title='bbox 2451 3624 2531 3701; x_wconf 82' lang='grc' dir='ltr'>ἐκ</span> <span class='ocrx_word' id='word_1_257' title='bbox 2584 3627 2933 3726; x_wconf 79' lang='grc' dir='ltr'>χειμῶνος</span> <span class='ocrx_word' id='word_1_258' title='bbox 2984 3621 3062 3696; x_wconf 80' lang='grc' dir='ltr'>εἷς</span> <span class='ocrx_word' id='word_1_259' title='bbox 3084 3636 3134 3696; x_wconf 77' lang='lat'>²5</span> 
     </span>
    </p>

    <p class='ocr_par' dir='ltr' id='par_1_7' title="bbox 688 3736 3063 3853">
     <span class='ocr_line' id='line_1_28' title="bbox 688 3736 3063 3853; baseline 0.002 -34"><span class='ocrx_word' id='word_1_260' title='bbox 688 3742 925 3820; x_wconf 81' lang='grc' dir='ltr'>εὐδίαν</span> <span class='ocrx_word' id='word_1_261' title='bbox 959 3744 1414 3840; x_wconf 78' lang='grc' dir='ltr'>μεταβαλών·</span> <span class='ocrx_word' id='word_1_262' title='bbox 1478 3744 1707 3853; x_wconf 77' lang='grc' dir='ltr'>ᾤοντο</span> <span class='ocrx_word' id='word_1_263' title='bbox 1743 3743 1873 3844; x_wconf 75' lang='grc' dir='ltr'>μὲν</span> <span class='ocrx_word' id='word_1_264' title='bbox 1909 3744 2053 3850; x_wconf 82' lang='grc' dir='ltr'>γὰρ</span> <span class='ocrx_word' id='word_1_265' title='bbox 2091 3750 2159 3826; x_wconf 77' lang='grc' dir='ltr'>οἱ</span> <span class='ocrx_word' id='word_1_266' title='bbox 2192 3743 2525 3849; x_wconf 80' lang='grc' dir='ltr'>μακάριοι</span> <span class='ocrx_word' id='word_1_267' title='bbox 2559 3747 2877 3844; x_wconf 82' lang='grc' dir='ltr'>μαθηταὶ</span> <span class='ocrx_word' id='word_1_268' title='bbox 2909 3736 3063 3843; x_wconf 71' lang='grc' dir='ltr'>πρὸς</span> 
     </span>
    </p>

    <p class='ocr_par' dir='ltr' id='par_1_8' title="bbox 689 3859 3067 3972">
     <span class='ocr_line' id='line_1_29' title="bbox 689 3859 3067 3972; baseline -0 -27"><span class='ocrx_word' id='word_1_269' title='bbox 689 3870 977 3966; x_wconf 83' lang='grc' dir='ltr'>πολλῆς</span> <span class='ocrx_word' id='word_1_270' title='bbox 1029 3868 1264 3952; x_wconf 81' lang='grc' dir='ltr'>αὐτοῖς</span> <span class='ocrx_word' id='word_1_271' title='bbox 1302 3869 1603 3950; x_wconf 77' lang='grc' dir='ltr'>ἔσεσθαι</span> <span class='ocrx_word' id='word_1_272' title='bbox 1653 3867 1902 3972; x_wconf 80' lang='grc' dir='ltr'>ζημίας</span> <span class='ocrx_word' id='word_1_273' title='bbox 1949 3877 2077 3950; x_wconf 91' lang='grc' dir='ltr'>τοῦ</span> <span class='ocrx_word' id='word_1_274' title='bbox 2117 3873 2451 3971; x_wconf 86' lang='grc' dir='ltr'>Σωτῆρος</span> <span class='ocrx_word' id='word_1_275' title='bbox 2496 3867 2699 3967; x_wconf 79' lang='grc' dir='ltr'>ἡμῶν</span> <span class='ocrx_word' id='word_1_276' title='bbox 2742 3865 2877 3967; x_wconf 86' lang='grc' dir='ltr'>τὴν</span> <span class='ocrx_word' id='word_1_277' title='bbox 2912 3859 3067 3943; x_wconf 77' lang='grc' dir='ltr'>ἀπό·</span> 
     </span>
    </p>

    <p class='ocr_par' dir='ltr' id='par_1_9' title="bbox 690 3991 3066 4096">
     <span class='ocr_line' id='line_1_30' title="bbox 690 3991 3066 4096; baseline -0 -26"><span class='ocrx_word' id='word_1_278' title='bbox 690 3993 962 4095; x_wconf 83' lang='grc' dir='ltr'>λειψιν,</span> <span class='ocrx_word' id='word_1_279' title='bbox 1001 3995 1226 4091; x_wconf 83' lang='grc' dir='ltr'>δῆλον</span> <span class='ocrx_word' id='word_1_280' title='bbox 1263 3992 1338 4072; x_wconf 82' lang='grc' dir='ltr'>δὲ</span> <span class='ocrx_word' id='word_1_281' title='bbox 1389 3992 1498 4073; x_wconf 81' lang='grc' dir='ltr'>ὅτι</span> <span class='ocrx_word' id='word_1_282' title='bbox 1549 3992 1682 4094; x_wconf 86' lang='grc' dir='ltr'>τὴν</span> <span class='ocrx_word' id='word_1_283' title='bbox 1725 3993 1909 4091; x_wconf 80' lang='grc' dir='ltr'>μετὰ</span> <span class='ocrx_word' id='word_1_284' title='bbox 1965 3991 2241 4096; x_wconf 79' lang='grc' dir='ltr'>σαρκὸς</span> <span class='ocrx_word' id='word_1_285' title='bbox 2294 3992 2700 4091; x_wconf 83' lang='grc' dir='ltr'>νοουμένην·</span> <span class='ocrx_word' id='word_1_286' title='bbox 2775 3996 3066 4072; x_wconf 80' lang='grc' dir='ltr'>συνεῖναι</span> 
     </span>
    </p>

    <p class='ocr_par' dir='ltr' id='par_1_10' title="bbox 693 4110 3136 4345">
     <span class='ocr_line' id='line_1_31' title="bbox 693 4110 3067 4219; baseline 0.002 -28"><span class='ocrx_word' id='word_1_287' title='bbox 693 4110 837 4215; x_wconf 79' lang='grc' dir='ltr'>γὰρ</span> <span class='ocrx_word' id='word_1_288' title='bbox 875 4117 971 4197; x_wconf 85' lang='grc' dir='ltr'>ὡς</span> <span class='ocrx_word' id='word_1_289' title='bbox 1010 4113 1198 4199; x_wconf 80' lang='grc' dir='ltr'>Θεὸς</span> <span class='ocrx_word' id='word_1_290' title='bbox 1243 4115 1502 4219; x_wconf 84' lang='grc' dir='ltr'>οἷσπερ</span> <span class='ocrx_word' id='word_1_291' title='bbox 1540 4116 1631 4196; x_wconf 81' lang='grc' dir='ltr'>ἂν</span> <span class='ocrx_word' id='word_1_292' title='bbox 1665 4118 2023 4216; x_wconf 81' lang='grc' dir='ltr'>βούληται</span> <span class='ocrx_word' id='word_1_293' title='bbox 2067 4115 2152 4198; x_wconf 77' lang='grc' dir='ltr'>τὸ</span> <span class='ocrx_word' id='word_1_294' title='bbox 2203 4115 2484 4197; x_wconf 84' lang='grc' dir='ltr'>κωλύον</span> <span class='ocrx_word' id='word_1_295' title='bbox 2517 4113 2746 4194; x_wconf 79' lang='grc' dir='ltr'>οὐδέν·</span> <span class='ocrx_word' id='word_1_296' title='bbox 2825 4143 3067 4218; x_wconf 82' lang='grc' dir='ltr'>προσε-</span> 
     </span>
     <span class='ocr_line' id='line_1_32' title="bbox 694 4236 3136 4345; baseline -0.003 -28"><span class='ocrx_word' id='word_1_297' title='bbox 694 4236 927 4319; x_wconf 88' lang='grc' dir='ltr'>δόκων</span> <span class='ocrx_word' id='word_1_298' title='bbox 964 4237 1040 4319; x_wconf 81' lang='grc' dir='ltr'>δὲ</span> <span class='ocrx_word' id='word_1_299' title='bbox 1091 4238 1200 4318; x_wconf 78' lang='grc' dir='ltr'>ὅτι</span> <span class='ocrx_word' id='word_1_300' title='bbox 1239 4241 1589 4321; x_wconf 83' lang='grc' dir='ltr'>διασώσει</span> <span class='ocrx_word' id='word_1_301' title='bbox 1640 4239 1773 4338; x_wconf 79' lang='grc' dir='ltr'>μὲν</span> <span class='ocrx_word' id='word_1_302' title='bbox 1809 4239 2064 4325; x_wconf 77' lang='grc' dir='ltr'>αὐτοὺς</span> <span class='ocrx_word' id='word_1_303' title='bbox 2120 4242 2363 4337; x_wconf 75' lang='grc' dir='ltr'>οὐδεὶς,</span> <span class='ocrx_word' id='word_1_304' title='bbox 2401 4238 2941 4345; x_wconf 79' lang='grc' dir='ltr'>ἀναληφθέντος</span> <span class='ocrx_word' id='word_1_305' title='bbox 2989 4240 3068 4316; x_wconf 79' lang='grc' dir='ltr'>εἷς</span> <span class='ocrx_word' id='word_1_306' title='bbox 3087 4250 3136 4310; x_wconf 86' lang='lat'>3⁰</span> 
     </span>
    </p>

    <p class='ocr_par' dir='ltr' id='par_1_11' title="bbox 628 4359 3068 4467">
     <span class='ocr_line' id='line_1_33' title="bbox 628 4359 3068 4467; baseline -0.002 -26"><span class='ocrx_word' id='word_1_307' title='bbox 628 4369 672 4433; x_wconf 87' lang='lat' dir='ltr'>b</span> <span class='ocrx_word' id='word_1_308' title='bbox 698 4359 1000 4465; x_wconf 75' lang='grc' dir='ltr'>οὐρανὸν</span> <span class='ocrx_word' id='word_1_309' title='bbox 1035 4370 1163 4444; x_wconf 89' lang='grc' dir='ltr'>τοῦ</span> <span class='ocrx_word' id='word_1_310' title='bbox 1200 4368 1548 4467; x_wconf 87' lang='grc' dir='ltr'>Χριστοῦ,</span> <span class='ocrx_word' id='word_1_311' title='bbox 1587 4363 2091 4466; x_wconf 88' lang='grc' dir='ltr'>προκείσονται</span> <span class='ocrx_word' id='word_1_312' title='bbox 2135 4364 2210 4444; x_wconf 81' lang='grc' dir='ltr'>δὲ</span> <span class='ocrx_word' id='word_1_313' title='bbox 2260 4370 2407 4449; x_wconf 87' lang='grc' dir='ltr'>τοῖς</span> <span class='ocrx_word' id='word_1_314' title='bbox 2439 4361 2772 4444; x_wconf 77' lang='grc' dir='ltr'>ἐθέλουσι</span> <span class='ocrx_word' id='word_1_315' title='bbox 2809 4367 3068 4450; x_wconf 81' lang='grc' dir='ltr'>κακοῦν,</span> 
     </span>
    </p>
   </div>
   <div class='ocr_carea' id='block_1_6' title="bbox 698 4519 3068 4664">
    <p class='ocr_par' dir='ltr' id='par_1_12' title="bbox 698 4519 3068 4664">
     <span class='ocr_line' id='line_1_34' title="bbox 776 4519 3068 4594; baseline 0 -23"><span class='ocrx_word' id='word_1_316' title='bbox 776 4537 795 4570; x_wconf 92' lang='lat'>1</span> <span class='ocrx_word' id='word_1_317' title='bbox 812 4536 856 4573; x_wconf 90' lang='lat'>1.</span> <span class='ocrx_word' id='word_1_318' title='bbox 893 4522 923 4573; x_wconf 84' lang='grc' dir='ltr'>ὀ</span> <span class='ocrx_word' id='word_1_319' title='bbox 946 4521 1039 4575; x_wconf 81' lang='lat' dir='ltr'><strong>alt.</strong></span> <span class='ocrx_word' id='word_1_320' title='bbox 1064 4529 1401 4592; x_wconf 73' lang='lat' dir='ltr'><strong>assumptum</strong></span> <span class='ocrx_word' id='word_1_321' title='bbox 1425 4538 1489 4573; x_wconf 85' lang='lat' dir='ltr'>ex</span> <span class='ocrx_word' id='word_1_322' title='bbox 1517 4521 1578 4574; x_wconf 84' lang='lat' dir='ltr'>E.</span> <span class='ocrx_word' id='word_1_323' title='bbox 1911 4539 1990 4594; x_wconf 87' lang='lat'>19.</span> <span class='ocrx_word' id='word_1_324' title='bbox 2028 4521 2210 4577; x_wconf 71' lang='grc' dir='ltr'>αὐτοὺς</span> <span class='ocrx_word' id='word_1_325' title='bbox 2233 4538 2340 4575; x_wconf 88' lang='lat' dir='ltr'>om.</span> <span class='ocrx_word' id='word_1_326' title='bbox 2369 4519 2433 4576; x_wconf 82' lang='lat' dir='ltr'>E.</span> <span class='ocrx_word' id='word_1_327' title='bbox 2742 4536 2830 4588; x_wconf 80' lang='lat'>24.</span> <span class='ocrx_word' id='word_1_328' title='bbox 2867 4519 3068 4574; x_wconf 71' lang='grc' dir='ltr'>ὃιεσκω·</span> 
     </span>
     <span class='ocr_line' id='line_1_35' title="bbox 698 4590 2363 4664; baseline 0.004 -23"><span class='ocrx_word' id='word_1_329' title='bbox 698 4593 879 4659; x_wconf 68' lang='lat' dir='ltr'><strong><em>opima</em></strong></span> <span class='ocrx_word' id='word_1_330' title='bbox 908 4591 972 4645; x_wconf 87' lang='grc' dir='ltr'>Ε.</span> <span class='ocrx_word' id='word_1_331' title='bbox 1261 4604 1346 4664; x_wconf 82' lang='lat'>27.</span> <span class='ocrx_word' id='word_1_332' title='bbox 1384 4591 1657 4663; x_wconf 71' lang='grc' dir='ltr'>ἀπόληψιν</span> <span class='ocrx_word' id='word_1_333' title='bbox 1681 4590 1747 4646; x_wconf 87' lang='grc' dir='ltr'>Ε.</span> <span class='ocrx_word' id='word_1_334' title='bbox 2031 4609 2116 4664; x_wconf 83' lang='lat'>29.</span> <span class='ocrx_word' id='word_1_335' title='bbox 2153 4592 2273 4648; x_wconf 71' lang='grc' dir='ltr'>θεὸν</span> <span class='ocrx_word' id='word_1_336' title='bbox 2298 4592 2363 4648; x_wconf 80' lang='grc' dir='ltr'>Ε.</span> 
     </span>
    </p>
   </div>
  </div>
 </body>
</html>
