3238 5158
237 367 298 406 x.
332 364 429 425 14,
463 362 560 430 15.
637 347 751 411 IN
811 348 876 412 S.
926 348 1437 416 JOANNEM.
1530 350 1720 415 LIB.
1755 350 1876 417 VI.
1967 350 2170 415 CAP.
2223 348 2277 412 Ι.
2513 348 2637 409 231

236 508 571 614 ζητητέον
606 512 702 611 δὲ,
740 512 824 595 τό
874 550 961 618 γε
1009 516 1184 617 ἧκον
1218 523 1313 601 εἰς
1361 525 1531 598 νοῦν
1566 515 1710 620 ἐγὼ
1745 517 1877 617 μὲν
1915 518 2041 596 οὐκ
2091 512 2640 620 ἀποκρύψομαι,

234 643 385 720 τοῖς
436 635 665 738 γεμὴν
699 637 1079 719 ἐθέλουσιν
1112 640 1304 721 ἔστω
1355 641 1828 745 παραδεκτόν.
1907 636 2103 738 οἶμαι
2153 637 2296 741 γὰρ
2348 637 2458 717 ὅτι
2512 635 2645 735 τὴν
2735 635 2929 753 ᾖοὸὃῐ

234 766 516 862 γνῶσιν
551 765 627 842 ἐν
670 761 946 848 τούτοις
994 765 1129 869 οὐχ
1184 766 1440 849 ἀπλῶς
1493 764 1629 866 τὴν
1675 765 1949 865 εἴδησιν
1986 764 2203 866 λέγει,
2240 763 2519 867 δέχεται
2572 757 2645 840 δὲ

234 891 532 984 μᾶλλον
602 890 759 967 ἀντὶ
833 892 964 987 τῆς
1037 887 1485 990 οἰκειότητος,
1560 891 1719 992 ἤτοι
1793 894 1919 989 τῆς
1994 888 2179 968 κατὰ
2250 888 2455 991 γένος
2528 887 2646 965 καὶ

167 1024 205 1084 5
237 1015 577 1117 φυσικῆς,
614 1010 661 1111 ἢ
700 1018 828 1113 τῆς
864 1015 964 1098 ὡς
1005 1017 1082 1093 ἐν
1116 1013 1396 1120 μεθέξει
1446 1012 1743 1119 χάριτος
1794 1017 1910 1094 καὶ
1959 1017 2192 1112 τιμῆς.
2271 1008 2644 1115 γνωστοὺς
2673 1022 2714 1086 (1

233 1137 365 1215 οὖν
420 1136 580 1221 ἔθος
634 1139 1026 1219 ἀποκαλεῖν
1082 1145 1229 1222 τοῖς
1284 1137 1673 1238 Ἑλλήνων
1726 1141 1985 1219 παισὶν
2038 1139 2172 1242 οὐχ
2232 1137 2428 1222 ὅπως
2481 1134 2646 1220 τοὺς

233 1259 423 1341 κατὰ
477 1259 570 1341 τὰ
623 1261 871 1364 γένους
929 1264 1222 1348 οἰκείους
1276 1260 1522 1361 μόνον,
1578 1260 1780 1343 ἀλλά
1840 1265 1957 1343 καὶ
2024 1263 2369 1362 ὁμαίμους
2434 1263 2645 1341 ἀδελ·

231 1383 447 1491 φούς.
513 1386 622 1466 ὅτι
672 1383 745 1466 δὲ
792 1389 907 1466 καὶ
958 1388 1003 1486 ή
1051 1388 1207 1467 θειά
1256 1386 1509 1496 γραφὴ
1547 1395 1829 1490 γνῶσιν
1865 1382 2008 1466 οἶδε
2048 1385 2179 1485 τὴν
2218 1384 2642 1485 οἰκειότητα,

233 1507 357 1589 διὰ
415 1510 685 1589 τούτων
745 1508 1106 1609 εἰσόμεθα.
1213 1512 1412 1613 λέγει
1473 1510 1618 1616 γάρ
1678 1546 1822 1592 που
1867 1506 2214 1614 ’Χριστὸς
2277 1543 2438 1613 περι
2500 1513 2647 1589 τῶν

123 1660 202 1700 10
233 1635 636 1734 οὐδαμόθεν
670 1635 1166 1716 οἰκειωθέντων
1203 1637 1395 1745 αὐτῷ
1434 1647 1476 1684 “
1502 1639 1793 1716 Πολλοι
1843 1636 2097 1740 ἐροῦσί
2136 1667 2259 1732 μοι
2311 1636 2387 1713 ἐν
2420 1633 2646 1737 ἐκείνῃ
2736 1632 2983 1757 *Sdngth

235 1765 412 1864 “τῇ
450 1758 701 1867 ἡμερᾳ·
768 1764 857 1865 τῇ
908 1764 1033 1859 τῆς
1087 1762 1389 1865 κρίσεως
1440 1761 1803 1862 δηλονότι·
1875 1758 2098 1864 Κύριε
2140 1756 2382 1862 Κύριε,
2419 1757 2505 1836 οὗ
2541 1761 2645 1863 τῷ
2742 1778 2818 1828 ²³·

232 1895 284 1932 ‘⁴
320 1889 438 1991 σῷ
508 1885 805 1980 ὀνόματι
866 1882 1194 1985 δυνάμεις
1264 1884 1557 1970 πολλὰς
1618 1885 2080 1984 ἐποιήσαμεν,
2137 1888 2255 1962 καὶ
2318 1879 2647 1981 δαιμόνια

234 2020 284 2057 “
319 2007 811 2116 ἐξεβάλομεν,
872 2006 1031 2089 τότε
1084 2008 1527 2112 ὁμολογήσω
1576 2010 1837 2107 αὐτοῖς,
1876 2044 1984 2089 οτι
2023 2005 2215 2108 ἀμὴν
2252 2007 2446 2110 λέγω
2484 2008 2647 2104 ὑμῖν

237 2143 284 2181 “
321 2131 433 2212 ὅτι
486 2130 824 2212 οὐδέποτε
877 2132 1105 2235 ἔγνων
1161 2132 1391 2233 &fuis-3
1499 2134 1673 2213 ἀλλ’
1733 2133 1929 2237 εἴπερ
1985 2134 2030 2233 ή
2088 2138 2360 2236 γνῶσις
2419 2129 2644 2230 μόνην
2670 2162 2705 2204 e

131 2276 206 2338 Ῑ5
237 2256 411 2356 ἡμῖν
469 2258 1004 2355 κατασημαίνει
1045 2254 1179 2356 τὴν
1199 2256 1535 2428 “ειδησιν,
1597 2262 1755 2341 πῶς
1819 2257 2137 2359 ἠγνόησε
2204 2262 2351 2337 τῶν
2417 2255 2646 2335 ὄντων

236 2380 439 2466 τινὰς
514 2382 554 2460 5
627 2377 866 2460 πάντα
939 2382 1123 2485 ἔχων
1199 2380 1517 2483 “γυμνὰ
1601 2384 1719 2461 καὶ
1795 2379 2421 2486 τετραχηλισμένα
2497 2385 2645 2463 τοῖς

237 2517 283 2554 “
319 2506 731 2612 ὀφθαλμοῖς
786 2506 1066 2603 αὐτοῦ,”
1107 2504 1293 2588 καθὰ
1350 2505 1775 2609 γέγραπται·
1861 2506 1901 2585 5
1958 2511 2075 2586 καὶ
2132 2516 2176 2552 “
2211 2508 2384 2609 πρὶν
2437 2502 2635 2606 γενέ·
2736 2512 2928 2643 gif-4²

2734 2380 2870 2495 1Heb.
2894 2379 2963 2430 iv.

235 2642 281 2679 “
321 2664 510 2714 σεως
566 2628 658 2711 τὰ
711 2628 951 2712 πάντα
1005 2631 1206 2714 εἰδώς
1232 2632 1293 2726 ;”
1354 2632 1609 2711 οὐκοῦν
1666 2630 1971 2732 ἀνόητον
2028 2632 2306 2734 κομιδῇ,
2354 2634 2647 2727 μᾶλλον

236 2754 317 2835 δὲ
382 2754 520 2856 ἤδη
576 2757 696 2834 καὶ
751 2753 1130 2853 δυσσεβὲς,
1185 2754 1272 2835 τὸ
1328 2756 1693 2858 ἀγνοῆσαί
1740 2789 1938 2839 τινας
1995 2755 2454 2851 ὖποτοπῆσαι
2521 2750 2647 2834 τὸν

131 2905 211 2944 20
242 2878 539 2983 Κύριον,
595 2876 990 2978 οἰησόμεθα
1057 2877 1133 2958 δὲ
1193 2886 1486 2977 μᾶλλον
1542 2884 1763 2960 εἰπεῖν
1820 2877 2039 2957 αὐτὸν
2096 2881 2191 2961 ὡς
2256 2872 2649 2969 οὐδαμόθεν

234 3000 374 3103 τὴν
415 3002 807 3104 οἰκειότητα
861 3001 995 3103 τὴν
1041 3002 1225 3106 πρὸς
1280 3000 1498 3083 αὐτὸν
1543 3009 1660 3083 καὶ
1716 3003 1983 3107 σχέσιν
2033 3000 2443 3103 ἐπάγονται.
2519 3002 2648 3077 οὐκ

237 3125 400 3209 οἶδα
463 3127 627 3232 γὰρ,
696 3130 907 3235 φησί,
971 3126 1361 3230 γεγονότας
1425 3124 1738 3231 ε’ραστάς
1802 3130 2078 3230 ἀρετῆς,
2138 3125 2223 3204 οὐ
2287 3119 2415 3204 τὸν
2475 3119 2649 3220 ἐμὸν

235 3251 687 3353 τιμήσαντας
723 3250 975 3353 λόγον,
1018 3252 1187 3330 ἀλλ’
1229 3249 1389 3330 οὐδὲ
1425 3249 1931 3356 συναφθέντας
1969 3252 2124 3349 ἐμοὶ
2162 3248 2279 3328 διὰ
2312 3245 2649 3354 πράξεων

236 3381 558 3475 ἀγαθῶν.
647 3375 1060 3461 ἀκολούθως
1097 3381 1246 3460 τοῖς
1282 3375 1430 3456 ἅνω
1465 3374 1748 3475 νοήσεις
1785 3379 1901 3455 καὶ
1939 3377 2052 3457 ἐπὶ
2091 3382 2218 3454 τοῦ
2254 3371 2647 3480 πανσόφου
2674 3414 2709 3453 a
2752 3400 2883 3454 653
2904 3398 2982 3454 A.

141 3523 214 3581 25
241 3501 643 3600 Μωυσέως,
710 3490 910 3581 ὅταν
943 3497 1127 3605 πρὸς
1191 3497 1414 3580 αὐτὸν
1473 3499 1658 3605 λέγῃ
1720 3498 1905 3585 Θεός
1966 3511 2009 3548 “
2035 3496 2230 3581 Οἶδά
2294 3533 2384 3579 σε
2449 3500 2648 3603 παρὰ
2737 3499 2914 3614 ἓξὲξ,

239 3637 282 3673 “
317 3622 616 3724 πάντας,
654 3628 774 3705 καὶ
811 3623 1023 3731 χάριν
1059 3624 1251 3728 εὗρες
1300 3625 1467 3726 παρ’
1506 3625 1743 3723 ε’μοῦ,”
1784 3627 1943 3705 ἀντὶ
1987 3633 2114 3705 τοῦ
2161 3627 2237 3704 ἐν
2274 3621 2648 3717 οἰκειότητι
2746 3644 2821 3681 ¹²·

235 3756 329 3856 τῇ
388 3747 566 3854 ὑπὲρ
621 3750 899 3835 πάντας
947 3750 1189 3849 ε’τέθης
1238 3748 1409 3853 παρ’
1447 3751 1621 3846 ἐμοὶ,
1662 3752 1779 3828 καὶ
1824 3748 2119 3848 πολλὴν
2155 3750 2472 3853 ἐπορίσω
2516 3747 2649 3840 τὴν

236 3875 474 3980 χάριν.
542 3876 659 3954 καὶ
693 3874 821 3953 οὐκ
860 3876 1311 3978 ἀναιροῦντες
1346 3872 1431 3953 τὸ
1481 3876 1598 3952 καὶ
1648 3877 1747 3957 εἰς
1797 3871 2134 3973 εἰδήσεως
2180 3873 2480 3975 δύναμιν
2517 3872 2651 3972 τὴν

237 3999 519 4105 γνῶσιν
569 3997 1083 4097 λαμβάνεσθαι
1131 3998 1224 4078 τὰ
1274 3996 1569 4078 τοιαῦτά
1621 4004 1882 4104 φαμεν,
1931 3994 2135 4076 ἀλλὰ
2180 3998 2452 4101 τρόπον
2501 4006 2649 4082 τοῖς

309 4203 363 4242 2.
397 4184 752 4258 παραδεκτέον
773 4202 823 4240 8.
917 4186 1012 4257 τὴν
1035 4204 1143 4242 om.
1169 4163 1220 4241 a.
1427 4186 1579 4259 7.τᾶ
1602 4184 1786 4257 γένους
1813 4184 1879 4239 Β.
1902 4186 2053 4257 γένος
2081 4184 2263 4241 Holst.
2291 4185 2396 4241 Ed.
2423 4194 2476 4240 et
2500 4185 2574 4239 ita
2598 4204 2646 4240 8.

243 4275 326 4312 11.
364 4210 636 4329 δηλονότι]
663 4256 862 4327 δηλαδὴ
886 4275 935 4312 8.
1355 4274 1436 4312 12.
1474 4258 1780 4338 batudmaq..
1809 4256 1895 4310 δαί
1963 4278 2023 4310 να
2051 4256 2116 4311 Β.
2143 4257 2385 4326 δαίμονας
2414 4256 2512 4311 Ht.
2543 4256 2647 4311 Ed.

242 4328 326 4384 16.
364 4330 420 4384 ἐν
443 4346 546 4400 pro
570 4330 681 4385 τοῖς
704 4345 754 4381 8.
952 4341 1035 4401 17.
1070 4329 1195 4398 πρὶν
1214 4326 1471 4416 γενέσεως
1494 4327 1791 4398 assumpsit
1814 4344 1843 4380 e
1917 4336 1988 4381 a.t
2013 4336 2075 4381 ut
2099 4326 2208 4382 vid.
2234 4327 2379 4383 Aub.
2456 4327 2649 4382 Statim

233 4400 299 4454 τὸ
322 4406 672 4470 assumptum
698 4415 765 4452 ex
789 4414 838 4452 8.
1054 4415 1140 4454 20.
1180 4398 1393 4489 Κύριον]
1424 4401 1558 4453 Θεὸν
1580 4417 1631 4453 8.
1842 4415 1927 4463 24.
1962 4395 2195 4470 ἀγαθῶν]
2224 4399 2420 4470 ἀρετῶν
2442 4397 2650 4470 ἀγαθῶν

237 4471 303 4526 Β.
333 4471 433 4527 Ht.
458 4468 772 4526 emendavit
796 4468 942 4524 Aah.
1039 4473 1150 4527 τοῖς
1170 4471 1274 4524 ἅνω
1299 4492 1503 4539 νοησεις
1527 4468 1594 4524 Β.
1621 4469 1700 4525 τίς
1722 4467 1787 4522 ἂν
1810 4468 1972 4538 νοήσῃ
1998 4469 2144 4525 Aub.
2336 4469 2422 4524 26.
2461 4470 2574 4539 ἐμοὶ
2598 4487 2647 4522 8.

237 4557 323 4614 27.
351 4542 536 4597 Verba
561 4542 646 4595 καὶ
669 4540 931 4608 πολλὴν’
903 4543 1135 4612 επορίσω
1159 4542 1251 4610 τὴν
1274 4543 1429 4614 χάριν
1452 4540 1614 4596 habet
1637 4550 1690 4595 et
1714 4557 1763 4595 8.
1788 4539 1844 4594 in
1870 4558 1980 4611 mg.
2215 4541 2300 4594 28.
2340 4542 2432 4609 τὴν
2455 4546 2652 4611 γνῶσιν

235 4622 582 4685 assumptum
610 4630 674 4666 ex
707 4610 771 4664 B.
774 4629 822 4665 8.
