3238 5158
260 328 523 417 xiii.33.
831 335 944 399 IN
1007 339 1075 402 S.
1124 338 1643 404 JOANNEM.
1738 338 1928 402 LIB.
1979 338 2100 402 lx.
2535 334 2663 397 383

261 497 551 594 πολλὴν
585 497 676 576 ἅν
714 534 823 585 τις
859 501 996 582 ἴδοι
1031 499 1165 604 τὴν
1204 503 1458 605 ὄνησιν
1494 504 1662 609 ἕχον
1697 502 1781 611 τὸ
1818 505 1894 582 ἐν
1928 508 2261 608 ψαλμοῖς·
2316 497 2663 606 ᾀδόμενον

260 627 306 663 “
342 618 852 723 Ἠτοιμάσθην
898 629 1015 705 καὶ
1064 628 1190 708 οὐκ
1239 626 1716 732 ἐταράχθην.”
1787 624 1873 706 τὸ
1925 623 2057 724 μὲν
2093 623 2239 728 γὰρ
2293 622 2484 705 ὅλως
2535 623 2663 702 οὐκ

258 742 609 823 ἐλπισθὲν
669 751 817 825 τῶν
882 750 1145 829 ἀδικεῖν
1209 749 1580 849 εἰωθότων,
1647 747 1874 830 δεινὸν
1938 754 2037 833 εἷς
2110 744 2486 848 θορύβους,
2547 749 2663 825 καὶ

259 862 608 966 ἀδόκητόν
641 904 798 955 πως
846 871 991 977 ἕχει
1033 871 1166 973 τὴν
1202 873 1489 981 ἔφοδον·
1554 872 1641 953 τὸ
1691 871 1768 953 δὲ
1816 879 1971 956 ταῖς
2017 871 2506 975 προσδοκίαις,
2545 872 2663 949 καὶ

194 1008 233 1066 5
259 986 344 1080 Τὸ
392 993 497 1098 τῷ
543 996 1065 1097 προεγνῶσθαί
1106 1031 1262 1077 τισι
1306 1002 1885 1100 προδαπανῆσαν
1920 996 2058 1096 ἤδη
2108 1004 2237 1075 τοῦ
2286 992 2529 1101 φόβου
2578 991 2662 1073 τὸ
2690 1034 2726 1077 e

257 1111 505 1211 πλέον,
543 1117 672 1196 οὐκ
709 1118 1021 1222 ἄκρατον
1055 1121 1200 1227 ἔχει
1236 1123 1406 1202 καθ’
1446 1119 1548 1201 ὧν
1585 1120 1676 1202 ἂν
1710 1122 1891 1202 ἐπίοι
1940 1119 2260 1217 δύναμιν,
2295 1130 2655 1222 προμελε-

259 1235 596 1337 τησάσης
650 1241 828 1322 αὐτὸ
879 1249 1007 1343 τῆς
1071 1249 1404 1343 διανοίας,
1462 1247 1581 1325 καὶ
1639 1249 1737 1331 ὡς
1790 1244 1928 1346 ἤδη
1984 1240 2220 1347 παρὸν
2274 1241 2666 1350 δεξαμένης

257 1361 640 1463 πολλάκις,
708 1364 890 1446 ὅσον
955 1372 1053 1452 εἷς
1123 1371 1393 1454 ε’ννοίας
1469 1368 1790 1470 δύναμιν.
1894 1365 2148 1471 ῶσπερ
2219 1366 2363 1472 γὰρ
2426 1366 2494 1447 εἴ
2557 1403 2664 1452 τις

260 1485 651 1590 αἱμοβόρος
711 1491 829 1569 καὶ
886 1492 1139 1595 ἄγριος
1195 1493 1353 1597 θὴρ,
1415 1495 1493 1573 ἐκ
1553 1493 1785 1593 μέσου
1844 1491 2105 1575 ἀναδὺς
2163 1490 2531 1596 εὐδένδρου
2590 1525 2665 1571 τε

153 1638 238 1677 10
264 1613 383 1688 καὶ
438 1613 731 1699 δασείας
784 1620 913 1715 τῆς
969 1616 1275 1722 λόχμης,
1320 1616 1723 1727 ἐφάλλοιτό
1772 1652 1910 1699 τινι
1959 1623 2106 1697 τῶν
2150 1618 2283 1723 οὐχ
2334 1615 2667 1720 ὁρώντων

262 1731 500 1831 αὐτὸν,
556 1733 955 1842 σπαράττει
1019 1741 1152 1841 μὲν
1210 1744 1380 1822 λίαν
1434 1743 1519 1823 οὐ
1580 1746 2109 1847 προσδοκῶντα
2169 1739 2302 1841 τὴν
2365 1741 2658 1848 ἔφοδον,

258 1858 538 1960 ἀναιρεῖ
594 1859 671 1940 δὲ
734 1862 917 1968 πρὸς
976 1863 1220 1971 μάχην
1281 1867 1410 1947 οὐκ
1483 1866 2039 1972 εὐτρεπισθέντα
2097 1865 2379 1961 λαβών·
2468 1866 2511 1945 5
2585 1864 2662 1945 δὲ

255 1980 630 2087 πόρ’ρωθεν
694 1988 964 2094 ὀφθεὶς,
1031 1992 1149 2069 καὶ
1215 1989 1327 2071 ὅτι
1388 1990 1749 2095 παρέσται
1814 1989 2357 2092 διεγνωσμένος,
2418 1992 2654 2071 ὧπλι-
2685 2022 2722 2061 a
2763 2008 2894 2066 ’149
2919 2007 2999 2063 Δ.

256 2107 505 2216 σμένῳ
556 2112 991 2210 συμβαλὼν,
1035 2109 1082 2213 ἢ
1134 2110 1443 2194 ἐ’λαττον
1497 2114 1824 2214 ἀδικήσει
1877 2113 2118 2221 τυχὸν,
2163 2110 2210 2213 ἢ
2267 2116 2383 2194 καὶ
2437 2112 2663 2214 μηδὲν

149 2257 229 2317 15
256 2232 575 2335 ἰσχύσας
639 2233 1033 2339 οἰχήσεται·
1114 2234 1244 2318 τὸν
1300 2237 1519 2319 αὐτὸν
1576 2235 1773 2337 οἶμαι
1831 2238 2102 2342 τρόπον
2160 2241 2278 2318 καὶ
2336 2240 2452 2318 ε’πὶ
2517 2245 2663 2318 τῶν

254 2364 701 2458 πειρασμῶν,
740 2360 781 2438 5
819 2360 1156 2461 μηδόλως
1192 2362 1495 2443 ἔσεσθαι
1531 2365 2053 2466 προσδοκηθεὶς
2086 2370 2216 2442 τοῦ
2250 2368 2662 2465 προσδοκη-

255 2481 499 2566 θέντος
554 2481 693 2584 ἤδη
744 2481 1174 2590 θερμότερόν
1214 2521 1291 2565 τε
1345 2490 1462 2566 καὶ
1516 2486 1949 2592 ἀγριώτερον
1993 2487 2161 2587 ἡμῖν
2210 2494 2652 2590 προσβαλεῖ.

255 2608 634 2710 χρησίμως
683 2619 1071 2714 τοιγαροῦν
1108 2613 1148 2691 ὁ
1190 2611 1456 2715 Κύριος
1504 2612 1707 2712 ἡμῶν
1741 2613 2028 2711 Ἰησοῦς
2074 2613 2113 2691 5
2151 2609 2506 2714 Χριστὸς,
2545 2610 2660 2690 διὰ

256 2739 385 2810 τοῦ
424 2730 646 2837 φάναι
686 2735 1016 2828 Ζητήσετέ
1042 2771 1156 2841 με,
1190 2734 1284 2815 τὰ
1320 2738 1395 2817 ἐκ
1432 2745 1560 2816 τοῦ
1596 2734 1847 2836 μηκέτι
1880 2742 2194 2814 συνεῖναι
2231 2741 2378 2817 τοῖς
2412 2734 2662 2814 ἑαυτοῦ

146 2888 231 2929 20
258 2853 786 2957 συμβησόμενα
837 2864 1210 2959 μαθηταῖς,
1248 2862 1366 2940 καὶ
1416 2858 1771 2964 θορύβους
1822 2858 2320 2955 ὑπαινίττεται,
2365 2855 2531 2940 τοὺς
2581 2860 2659 2937 ἐκ

256 2986 405 3059 τῶν
445 2982 1038 3082 πολεμησόντων,
1075 2982 1332 3070 αὐτοὺς
1380 2982 1913 3087 προετοιμάζων
1951 2981 2067 3063 διὰ
2115 2989 2244 3063 τοῦ
2293 2990 2658 3086 προειπεῖν
2686 2995 2729 3059 b

254 3109 354 3188 εἷς
410 3107 732 3211 ἀνδρείας
792 3106 1186 3213 ἀνάληψιν·
1260 3108 1566 3211 ἐπιλέγει
1624 3107 1699 3189 δὲ
1757 3106 2032 3191 τούτοις
2097 3107 2472 3211 χρησίμως
2538 3110 2657 3187 καὶ

252 3229 332 3309 τί
380 3229 580 3334 παρὰ
637 3230 868 3316 πόδας
931 3234 1242 3312 κείσεται
1299 3231 1584 3313 κωλύον
1639 3235 2058 3312 ἀκολουθεῖν
2113 3237 2212 3314 εἷς
2273 3229 2358 3310 τὸ
2421 3230 2657 3333 παρὸν

2754 620 2838 669 Pe.

2754 684 3004 736 exviiiho.

252 3353 533 3437 αὐτούς.
640 3390 817 3456 οπερ
871 3354 1014 3459 γὰρ
1070 3353 1327 3503 ελεγον
1380 3361 1515 3442 τοῖς
1568 3351 1937 3452 Ἰουδαίοις,
1994 3358 2204 3505 φησι,
2260 3364 2472 3435 τοῦτο
2534 3392 2653 3437 και

141 3505 224 3567 25
251 3475 435 3580 πρὸς
499 3480 679 3577 ὑμᾶς
744 3478 895 3587 Σίρτι
954 3482 1212 3586 φημί
1216 3479 1434 3561 'On-ov
1492 3478 1630 3582 ἐγω
1688 3478 1944 3583 ὑπάγω
2003 3485 2195 3587 ὑμεῖς
2256 3486 2324 3561 οὐ
2385 3476 2658 3564 δύνασθε

251 3600 478 3683 ἑλθειν·
566 3604 650 3682 οὐ
723 3602 868 3705 γάρ
940 3638 1057 3683 πω
1129 3608 1367 3708 παρῆν
1433 3604 1472 3683 5
1544 3602 1787 3705 καιρὸς
1859 3612 1988 3684 τοῦ
2056 3639 2239 3709 προς
2312 3604 2441 3688 τὰς
2506 3605 2655 3686 ἅνω

249 3725 588 3829 γενέσθαι
622 3726 848 3825 μονὰς
881 3762 1045 3811 τους
1084 3726 1329 3830 dymno
1379 3729 1840 3811 ἀποστόλους
1890 3728 2088 3809 οὔπω
2143 3739 2646 3832 λελειτουργη-

250 3847 490 3935 κότας.
589 3854 902 3954 ἐτηρεῖτο
958 3850 1102 3954 γὰρ
1155 3852 1489 3951 μάλιστα
1541 3851 1626 3931 τὸ
1682 3855 1799 3933 καὶ
1855 3857 1951 3938 εἷς
2000 3862 2213 3933 τοῦτο
2268 3859 2656 3957 παρελθεῖν

251 3973 507 4058 αὐτοὺς
556 3979 778 4081 καιρῷ
832 3981 938 4083 τῷ
986 3975 1390 4075 καθήκοντι.

139 4131 224 4188 3ο
362 4095 878 4201 Ἐπιτηρητέον
920 4096 1150 4201 γεμὴν
1194 4104 1412 4182 ἐκεῖνο
1462 4099 1708 4196 πάλιν,
1754 4098 1863 4180 ὅτι
1917 4107 2067 4183 τοῖς
2114 4097 2246 4198 μὲν
2285 4102 2654 4187 Ἰουδαίοις
2678 4145 2714 4187 0

246 4230 703 4327 προσλαλῶν
747 4224 865 4302 καὶ
912 4221 1088 4303 αὐτὸ
1136 4221 1225 4323 δὴ
1277 4233 1489 4305 τοῦτο
1538 4225 1916 4325 σημαίνων
1961 4225 2241 4330 ἔφασκε
2285 4223 2664 4325 Ζητήσετέ
2694 4274 2709 4283 ,

319 4434 373 4490 6.
410 4433 546 4507 ἔχει]
579 4441 638 4502 -Ι-
667 4435 762 4506 τ-ὴν
791 4432 898 4491 Ed.
934 4434 1104 4491 invito
1139 4436 1205 4492 Ε.
1351 4435 1518 4493 ἐποίοι
1554 4436 1705 4507 prius
1742 4436 2021 4509 scriptum,
2059 4433 2253 4492 deinde
2289 4435 2451 4491 ἐποίει
2488 4454 2656 4491 manu

246 4504 510 4562 eademE
980 4523 1061 4562 11.
1097 4529 1184 4579 γρ.
1208 4509 1447 4579 ταράττει
1474 4507 1577 4563 Ed.
1602 4524 1715 4578 mg.
2162 4523 2249 4578 23.
2286 4506 2562 4561 ἀκολουθεῖ
2588 4507 2654 4561 Ε.

248 4578 336 4633 28.
376 4577 458 4632 καὶ
484 4594 592 4633 om.
621 4576 686 4631 Ε.
