3238 5158
168 352 298 421 xiv.
326 374 430 437 24.
763 358 880 425 IN
944 362 1011 426 S.
1058 360 1570 428 JOANNEM.
1662 362 1854 428 LIB.
1901 361 1985 429 X.
2435 355 2564 423 503

170 530 543 608 παντελῶς
589 523 1068 612 ἀναπαύσεως
1114 529 1191 607 ἐν
1223 529 1471 614 αὐταῖς
1517 528 1871 632 εὑρίσκειν
1906 526 2035 609 τὸν
2069 523 2287 609 Θεῶν
2352 532 2567 607 τοῦτο

166 645 311 750 γάρ
344 649 504 729 ἐστι
538 647 625 729 τὸ
661 655 901 729 κλῖναι
936 649 1071 750 τὴν
1106 650 1461 757 κεφαλήν.

280 773 816 875 Καθαρίσωμεν
861 773 1101 854 τοίνυν
1149 772 1294 855 ἀπὸ
1348 771 1619 859 παντὸς
1673 783 2063 875 μολυσμοῦ
2115 773 2247 859 τὰς
2299 775 2571 854 ἑαυτῶν

164 896 487 997 καρδίαςῑ
566 898 754 978 οὕτω
817 895 965 1000 γὰρ
1029 899 1217 979 οὕτω
1287 901 1406 979 καὶ
1470 900 1547 979 ἐν
1609 898 1782 999 ἡμῖν
1846 900 2122 999 οἰκήσει
2182 895 2393 997 Θεὸς,
2451 899 2570 978 καὶ

101 1029 138 1090 5
165 1020 496 1118 ἀμείνους
532 1021 719 1122 ἡμᾶς
756 1021 1051 1122 ἀπάσης
1085 1022 1412 1127 ἐπηρείας
1449 1025 1817 1132 ἀποφανεῖ
1845 1026 2290 1123 διαβολικῆς,
2325 1056 2565 1122 μακα-

164 1144 359 1247 ρίους
413 1177 491 1224 τε
547 1146 665 1224 καὶ
720 1142 1081 1249 ζηλωτοὺς
1133 1144 1541 1249 ἐργάσεται,
1598 1150 1716 1227 καὶ
1772 1146 2151 1232 κοινωνοὺς
2211 1146 2571 1254 ἀποδείξει
2591 1182 2629 1223 a
2668 1167 2801 1224 835
2820 1165 2905 1223 Δ.

168 1270 297 1366 τῆς
334 1267 524 1354 θείας
559 1269 778 1349 αὐτοῦ
812 1272 931 1349 καὶ
966 1266 1279 1375 ἀῤῥήτου
1318 1269 1636 1376 φύσεως.

177 1525 295 1594 Καὶ
353 1527 392 1594 ὁ
448 1527 642 1602 Adron
698 1527 775 1598 ὃν
829 1527 1106 1595 ἀκούετε
1159 1529 1278 1596 οὐκ
1331 1528 1509 1596 ἔστιν
1561 1529 1742 1612 ὲμὸο,
1791 1529 1966 1597 ἀλλὰ
2019 1533 2135 1596 τοῦ
2189 1526 2573 1608 πέμψαντός

1161 1677 1242 1732 με
1294 1653 1578 1745 Πατρός.

76 1854 152 1895 10
289 1822 679 1918 Οἶκονομεῖ
732 1853 805 1899 τι
857 1815 1086 1900 πάλιν
1139 1824 1287 1899 τῶν
1341 1819 1770 1922 ἀναγκαίων,
1826 1823 1945 1901 καὶ
2008 1817 2425 1901 καλούντων
2479 1824 2577 1904 εἷς

176 1939 533 2046 ὀρθότητα
587 1949 990 2046 λογισμῶν,
1028 1945 1145 2023 καὶ
1199 1944 1285 2024 δι’
1326 1939 1429 2022 ὧν
1471 1941 1782 2043 ἔμελλον
1826 1943 2354 2047 εὖμαθεστέραν
2393 1942 2575 2048 ἔχειν

175 2066 491 2148 διάνοιαν
549 2073 648 2152 εἶς
707 2067 793 2149 τὸ
853 2068 1171 2148 συνιέναι
1228 2073 1470 2152 καλῶς
1524 2077 1655 2148 τοῦ
1714 2067 2116 2171 μυστηρίου
2174 2068 2260 2148 τὸ
2318 2068 2571 2164 βάθος,

171 2191 636 2296 παρακομίζει
684 2191 913 2272 πάλιν
960 2197 1056 2276 εἷς
1104 2190 1356 2291 μέσον.
1437 2189 1753 2296 στηρίξει
1800 2191 1879 2274 δὲ
1923 2199 2069 2273 τῶν
2105 2191 2574 2296 ἀκροωμένων
2598 2210 2641 2275 b

171 2314 306 2395 τὸν
353 2324 544 2414 νοῦν,
579 2317 697 2395 ἵνα
743 2314 845 2417 μὴ
892 2321 1049 2401 ταῖς
1082 2317 1445 2396 Ἰουδαίων
1486 2316 1822 2414 ἀμαθίαις
1875 2314 2568 2419 συγκαθελκόμενοι,

77 2472 146 2530 15
176 2441 295 2518 καὶ
348 2446 504 2524 ταῖς
559 2440 839 2520 ἐκείνων
890 2441 1251 2524 ὑπονοίαις
1304 2437 1398 2520 τὰ
1447 2439 1578 2520 ἴσα
1634 2447 1818 2520 νοεῖν
1865 2439 2392 2542 ἀγαπήσαντες,
2443 2438 2578 2535 τὴν

173 2563 391 2666 ἁγίαν
427 2566 544 2645 καὶ
590 2561 1062 2669 εῦαγγελικήν
1103 2599 1287 2648 τινες
1336 2562 1736 2668 ἀτιμάζοιεν
1784 2566 2184 2645 παίδευσιν·
2246 2600 2286 2645 ο
2341 2562 2419 2645 δε
2475 2569 2570 2644 εἶ-

172 2696 336 2768 πεῖν
370 2688 754 2790 βούλομαι,
777 2694 1041 2796 σαφῶς
1078 2691 1234 2768 ἐστι
1269 2697 1616 2769 τοιοῦτον.
1684 2689 1724 2767 5
1762 2686 1978 2788 νόμος
2012 2689 2144 2785 μὲν
2170 2687 2311 2792 γὰρ
2351 2688 2571 2769 σκιὰν
2658 2683 2799 2800 {³⁶b·
2824 2700 2874 2735 ¹·

173 2811 362 2915 ἔχων
417 2816 535 2893 καὶ
608 2812 836 2894 τύπον
887 2823 928 2860 “
956 2814 1166 2918 μέχρι
1230 2820 1481 2916 καιροῦ
1551 2811 2051 2915 διορθώσεως”
2101 2813 2563 2911 ἐπικείμενον,
2658 2834 2739 2884 Ib
2753 2833 2822 2883 ix
2833 2847 2912 2883 ιο

174 2935 362 3015 κατὰ
415 2936 547 3038 τὴν
593 2946 722 3018 τοῦ
775 2937 1081 3017 Παύλου
1136 2935 1407 3044 φωνὴν,
1446 2947 1488 2985 “
1508 2934 1973 3038 παιδαγωγος
2027 2938 2229 3038 ἡμῶν
2276 2936 2571 3040 γε’γονεν
2658 2952 2814 3004 Gal.
2799 2954 2869 3007 ¹ii·

75 3071 220 3140 20“
257 3066 357 3146 εἷς
420 3062 812 3165 Χριστον,”
869 3064 989 3142 καὶ
1057 3061 1593 3165 προμελέτησιν
1658 3059 1909 3163 ὥσπερ
1981 3095 2142 3140 τινα
2215 3065 2341 3160 τῆς
2412 3061 2565 3141 κατ’
2664 3034 2743 3085 η’

171 3186 546 3283 εὐσέβειαν
579 3190 832 3290 ἀρετῆς
877 3185 1285 3290 εἲσεκόμιζε.
1366 3184 1909 3289 προγύμνασμα
1943 3184 2180 3265 τοίνυν
2213 3188 2342 3284 τῆς
2377 3184 2564 3284 ἀλη-

173 3314 348 3394 θοῦς
395 3315 515 3392 καὶ
564 3312 641 3390 ἐν
674 3310 1026 3410 πνεύματι
1075 3311 1409 3414 λατρείας
1455 3308 1549 3390 τὰ
1597 3309 1713 3388 διὰ
1755 3311 2129 3392 Μωυσέως
2174 3307 2393 3388 εἰπών
2426 3343 2563 3407 τις,
2593 3354 2630 3398 0

172 3436 308 3514 οὐκ
363 3433 454 3515 ἂν
507 3433 812 3542 ἁμάρτοι
866 3444 992 3515 τοῦ
1045 3434 1469 3537 πρέποντος.
1558 3431 1677 3514 διὰ
1730 3436 1875 3539 γάρ
1897 3513 1908 3528 ,
1928 3469 2039 3514 τοι
2094 3444 2305 3515 τοῦτο
2371 3468 2562 3514 τετε-

174 3559 474 3638 λείωκεν
510 3559 551 3638 5
591 3558 805 3657 νόμος
840 3557 1062 3638 οὐδέν·
1120 3560 1161 3638 5
1201 3557 1275 3638 δὲ
1307 3557 1572 3661 Κύριος
1608 3558 1810 3659 ἡμῶν
1829 3558 2114 3659 Ἰησοῦς
2151 3560 2190 3639 5
2226 3558 2572 3662 Χριστὸς,

77 3713 152 3774 25
177 3683 413 3763 οὐκέτι
445 3679 894 3790 πραγμάτων
931 3681 1222 3780 εἰκόνας,
1261 3669 1461 3761 ἀλλ’κ
1477 3680 1700 3782 αὐτὴν
1736 3683 1905 3784 ἡμῖν
1941 3681 2357 3789 ἀναφανδὸν
2395 3683 2570 3763 ὖπέ-

176 3806 370 3914 δειξε
419 3804 551 3906 τὴν
600 3806 963 3907 ἀλήθειαν,
1002 3808 1129 3886 οὐκ
1177 3809 1254 3887 ἐν
1296 3807 1542 3891 τύποις
1598 3806 1703 3888 ἔτι
1756 3811 1877 3888 καὶ
1930 3806 2254 3914 σχήματι
2307 3805 2394 3888 τὸ
2449 3810 2576 3906 τῆς

173 3932 434 4034 ἀρετ-ἧς
523 3928 1015 4038 καταγράφων
1097 3928 1300 4029 εἶδος,
1376 3930 1552 4034 ὅπερ
1637 3932 1855 4012 ἐποίει
1940 3936 2292 4032 Μωυσῆς,
2374 3929 2577 4014 ἀλλὰ

172 4052 458 4156 γυμνὴν
513 4051 764 4158 ὥσπερ
819 4058 937 4134 καὶ
990 4057 1276 4162 ἐμφανῆ
1332 4053 1708 4154 καθιστὰς,
1756 4059 1872 4137 καὶ
1925 4056 2174 4160 πλήρη
2230 4054 2412 4161 πρὸς
2466 4057 2578 4136 εῦ-

173 4177 474 4274 σέβειαν
526 4178 656 4259 τὸν
712 4179 1097 4281 ἄνθρωπον
1150 4181 1544 4260 ἀποτελῶν.
1625 4176 1715 4279 ἦν
1766 4180 1890 4259 οὖν
1940 4179 2082 4282 ἄρα
2135 4186 2282 4259 τῶν
2334 4178 2579 4260 τύπων

73 4340 153 4399 30
176 4308 275 4390 εἷς
310 4301 654 4405 ἀλήθειαν
689 4302 1192 4409 μεταχώρησις
1229 4305 1348 4383 καὶ
1386 4301 1869 4404 μετάπλασις,
1907 4308 2052 4382 τῶν
2088 4301 2207 4384 διὰ
2245 4308 2580 4405 Χριστοῦ

256 4541 281 4580 1
295 4539 357 4650 1²
380 4524 603 4650 ἕμελέον
627 4524 692 4580 Ε.
697 4525 757 4581 F.
785 4523 888 4580 Ed.
913 4541 1024 4595 mg.
1047 4524 1271 4595 ἔμελλεν
1297 4522 1399 4578 Ed.
2084 4522 2168 4578 16.
2205 4522 2493 4591 ἀτιμάζειεν
2516 4518 2583 4573 Ε.

185 4611 273 4651 22.
310 4618 335 4650 ε
355 4617 473 4651 πειν
