3238 5158
622 343 756 407 354
1230 339 1314 404 Β.
1357 335 1779 403 CYRILLI
1838 334 2420 401 ALEXANDR.
2628 331 2763 397 xiii.
2793 331 2894 410 16,
2926 345 3032 411 17.

623 503 862 608 μεῖζον
896 503 1304 608 αἱρούμεθα,
1332 503 1450 583 καί
1486 508 1634 586 τοῖς
1672 501 2198 603 λαμπροτέροις
2233 500 2587 599 ἐπιπηδᾶν
2611 501 2686 576 αἰ
2723 493 3036 575 διάκενοι

624 637 754 709 τοῦ
808 628 975 724 βίου
1030 630 1226 727 τιμαὶ
1281 624 1411 706 τὸν
1453 623 1840 706 εὐόλισθον
1882 625 2084 725 ἡμῶν
2120 625 2589 704 ἀναπείθουσι
2641 626 2832 700 νοῦν.
2909 618 3036 697 ἵνα

625 752 865 832 τοίνυν
937 755 1067 851 τῆς
1141 749 1473 849 τοιαύτης
1547 747 2070 855 καταλήξωμεν
2140 746 2384 844 νόσου,
2450 750 2569 827 καὶ
2641 749 2768 844 τῆς
2840 743 3035 823 οὕτω

558 886 602 951 d
623 881 987 978 βδελυρᾶς
1034 873 1632 974 ἀποπαυσῶμεθα
1676 873 2069 971 ἐπιθυμίας·
2128 871 2372 972 ἀπάτη
2422 870 2567 975 γὰρ
2622 873 2738 949 καί
2786 868 3037 971 ἕτερον

625 998 829 1080 οὐδὲν
863 998 948 1080 τὸ
995 998 1396 1106 φιλόδοξον
1431 998 1690 1082 πάθος·
1752 995 1970 1077 αὐτὸν
2002 1002 2100 1081 εἰς
2149 1001 2404 1077 οἰκεῖον
2440 993 2807 1100 δεχώμεθα
2856 999 3037 1071 νοῦν
3062 1017 3100 1078 5

622 1121 753 1204 τὸν
814 1121 1155 1204 ἁπάντων
1216 1120 1538 1217 βασιλέα
1605 1119 1960 1224 Χριστὸν,
2024 1119 2144 1201 διὰ
2203 1128 2418 1201 τοῦτο
2490 1121 2809 1226 νίψαισα
2879 1121 3038 1195 τῶν

622 1253 964 1348 μαθητῶν
998 1245 1146 1333 vobs·
1182 1241 1431 1341 πόδας,
1466 1244 1586 1324 ἵνα
1636 1248 1754 1325 καὶ
1805 1244 2002 1344 ἡμεῖς
2049 1243 2214 1330 τοὺς
2261 1241 2639 1343 ἀλλήλων.
2720 1238 2839 1321 διὰ
2881 1239 3035 1342 γὰρ

622 1370 881 1452 τούτου
931 1369 1475 1471 κολασθήσεται
1525 1367 1660 1469 μὲν
1697 1364 1888 1453 ἅπας
1934 1366 2348 1471 ἀλαζονείας
2395 1364 2680 1471 τρόπος,
2717 1360 2912 1444 ἅπαν
2950 1361 3035 1442 δὲ

622 1490 805 1579 εἶδος
865 1497 1220 1594 κοσμικῆς
1281 1492 1711 1600 φιλοδοξίας
1775 1492 2096 1573 ἐκποδὼν
2154 1489 2547 1596 οἰχήσεται.
2644 1494 2706 1570 εἰ
2770 1484 2918 1591 γὰρ
2986 1488 3031 1566 ὁ

621 1619 845 1726 φύσει
894 1618 1182 1721 Κύριος,
1219 1620 1317 1701 ὡς
1364 1617 1658 1716 οἰκέτης,
1694 1622 1851 1701 πῶς
1898 1615 1984 1696 τὸ
2034 1620 2301 1697 δοῦλον
2344 1617 2473 1695 οὐκ
2521 1611 2612 1695 ἀν
2661 1611 2904 1693 ἔλοιτό
2955 1646 3032 1692 τι
3067 1646 3145 1690 10

620 1748 876 1823 παθεῖν
949 1748 1096 1822 τῶν
1169 1742 1364 1849 αὐτῷ
1435 1740 2082 1845 πρεπωδεστάτων,
2147 1743 2266 1820 καὶ
2337 1740 2497 1845 οὖχί
2568 1735 2830 1820 λοιπὸν
2893 1737 3036 1839 τὴν

621 1866 935 1945 ἀπασῶν
989 1861 1312 1970 ἐσχάτην
1366 1865 1691 1971 ἀποτίσῃ
1746 1865 1996 1965 δίκην;

560 2000 597 2044 e

522 2098 825 2184 ῐὸἈμιίν
894 2106 1070 2184 ἀμήν
1141 2106 1319 2181 λὲΓω
1387 2102 1558 2186 ὑμῖν,
1619 2106 1743 2173 οὐκ
1807 2108 1948 2174 ἔστι
2016 2106 2248 2174 δοῦλος
2316 2107 2549 2198 μείζων
2610 2114 2727 2175 τοῦ
2800 2107 3032 2198 κυρίου

520 2223 591 2286 ¹7
726 2232 948 2314 αὐτοῦ,
1018 2230 1173 2298 οὐδε
1243 2232 1617 2302 ἀπόστολος
1686 2232 1919 2323 μείζων
1988 2239 2103 2300 τοῦ
2183 2235 2564 2313 πέμψαντος
2638 2233 2858 2300 αὐτόν.
2968 2231 3031 2299 εἰ

724 2362 930 2424 ταῦτα
981 2353 1229 2439 οἴδατε,
1281 2355 1593 2448 μακάριοί
1645 2359 1793 2425 ὲστε
1847 2357 1965 2425 ὲὰν
2016 2366 2246 2424 ποιῆτε
2300 2359 2490 2426 αὐτά.
3064 2378 3138 2438 15

734 2513 1012 2613 Νόμοις
1067 2514 1320 2619 ὥσπερ
1375 2516 1788 2618 ἀναγκαίοις
1848 2516 2157 2622 ὀχυροῦν
2210 2515 2452 2597 ἕπεται
2508 2513 2836 2619 Χριστὸς
2890 2525 3032 2598 τοῦ

614 2639 1124 2743 πεπραγμένου
1196 2638 1329 2739 τὴν
1405 2639 1728 2739 δύναμιν,
1804 2647 1922 2720 καί
1998 2639 2580 2748 σφαλερωτάτην
2647 2649 3036 2727 παντελῶς

615 2764 1001 2870 ἀποφαίνει
1037 2760 1171 2862 τὴν
1205 2763 1636 2868 παράβασιν
1669 2768 1799 2864 τῆς
1834 2763 2336 2868 σωτηριῶδους
2373 2765 2692 2866 ἐντολῆς.
2756 2763 2841 2844 τὸ
2878 2763 3034 2870 γὰρ

282 2912 413 2971 728
432 2911 513 2968 Δ.
556 2927 594 2968 a
618 2886 809 2996 ὅρκῳ
882 2885 1308 2985 βεβαιωθέν,
1372 2887 1501 2967 οὐκ
1577 2888 2028 2992 ἀνέγκλητον
2098 2888 2244 2995 ἔχει
2318 2886 2451 2989 τὴν
2522 2889 3026 2991 παραδρομῆν.

187 3040 196 3045 ·
617 3008 1091 3114 κατηγόρημα
1155 3012 1395 3092 τοίνυν
1457 3016 1691 3118 φησὶν
1750 3013 2319 3120 ἀπροφάσιστον
2376 3018 2524 3096 τοῖς
2588 3011 2906 3110 οἰκέταις,
2968 3019 3032 3093 εἰ
3060 3049 3136 3091 20

614 3132 717 3235 μὴ
755 3133 847 3214 τὰ
881 3133 1013 3214 ’ίσα
1051 3140 1343 3242 φρονεῖν
1380 3132 1697 3216 ἐθέλοιεν
1731 3143 1881 3222 τοῖς
1923 3137 2123 3222 ἰδίοις
2168 3134 2577 3221 δεσπόταις·
2637 3136 3033 3242 πλεονεξία

613 3257 762 3361 γὰρ
822 3255 984 3358 ἤδη,
1040 3262 1157 3338 καὶ
1224 3258 1464 3364 ἕτερον
1528 3258 1753 3359 οὐδὲν,
1812 3258 1897 3339 τὸ
1963 3268 2091 3340 τοῦ
2153 3258 2466 3362 μείῷνός
2520 3294 2599 3340 τε
2663 3263 2780 3340 καὶ
2845 3259 3030 3364 ὑπὲρ

615 3381 832 3487 ἀξίαν
886 3383 1077 3483 ἐρᾶν·
1157 3381 1602 3468 ἀποστόλοις
1664 3418 1742 3464 τε
1805 3384 2066 3483 ὁμοίως
2129 3383 2263 3483 τὴν
2315 3382 2537 3484 αὐτὴν
2593 3380 2684 3464 ἂν
2737 3382 3030 3469 εἰκότως

615 3503 903 3585 ἐποίσαι
941 3503 1258 3610 γραφὴν,
1296 3504 1380 3584 τὸ
1429 3509 1504 3585 ἐν
1542 3505 1919 3605 ἀμείνοσιν
1951 3502 2129 3587 εἶναι
2182 3506 2430 3611 ζητεῖν,
2466 3504 2514 3607 ἢ
2560 3510 2636 3588 ἐν
2672 3505 2779 3593 οἷς
2820 3509 3029 3587 ἐστιν

616 3628 657 3707 ὃ
721 3627 1166 3710 ἀποστείλας
1228 3627 1511 3711 αὐτούς.
1628 3630 1919 3733 ἀρκέσει
1992 3628 2136 3734 γὰρ
2212 3630 2448 3715 αὐτοῖς
2523 3635 2623 3717 εἰς
2696 3629 3020 3715 εὐκλείας
3054 3660 3132 3725 25

615 3747 913 3850 ἀπάσης
980 3749 1264 3853 μέτρον,
1325 3758 1454 3829 τοῦ
1520 3752 1996 3861 πεπομφότος
2055 3751 2140 3833 τὸ
2203 3754 2564 3861 φρόνημα.
2667 3763 2881 3836 τοῦτο
2945 3754 3036 3835 δέ

617 3876 821 3955 ἐστιν
877 3870 1081 3953 οὐδὲν
1135 3871 1376 3976 ἕτερον
1437 3870 1483 3974 ἢ
1547 3876 1771 3956 ἐκεῖνο
1825 3874 2114 3961 πάντως
2167 3881 2405 3958 εἰπεῖν·
2482 3877 2593 3959 ὅτι
2647 3877 3026 3982 γελασθή-

618 4002 849 4078 σεσθε
909 3994 1194 4080 δικαίως
1255 3996 1370 4077 ἐπί
1434 4005 1564 4077 τοῦ
1625 3998 1815 4080 θείου
1876 3997 2224 4101 βήματος,
2281 4005 2339 4080 εἰ
2403 4009 2629 4082 ταῦτα
2694 4005 2873 4106 δρᾶν
2925 4008 3025 4087 εἰς

551 4130 595 4196 b
619 4116 995 4220 ἀλλήλους
1049 4120 1250 4200 αὐτοὶ
1306 4128 1773 4225 παραιτεῖσθε
1834 4124 1919 4204 δι’
1982 4124 2406 4232 ὑπεροψίαν,
2461 4126 2690 4205 καίτοι
2749 4124 2836 4207 τὸ
2894 4131 3025 4227 τῆς

618 4243 946 4328 δουλείας
993 4242 1222 4344 ὄνομα
1271 4244 1622 4350 λαχόντες
1673 4245 1930 4345 κοινὸν,
1969 4246 2153 4353 ἅπερ
2202 4253 2299 4333 εἰς
2349 4249 2531 4349 ὑμᾶς
2578 4248 2751 4353 ἐγὼ,
2793 4251 3025 4332 καίτοι
3050 4282 3128 4342 30

684 4419 739 4475 6.
775 4420 1022 4492 νίψοντες
1048 4419 1114 4475 Ε.
1335 4420 1416 4475 16.
1455 4421 1678 4496 Νόμοις]
1704 4422 1782 4481 ἰ’σ.
1807 4424 1982 4497 ὅρκοις
2006 4424 2111 4480 Ed.
2139 4443 2251 4495 mg.
2275 4425 2488 4482 favente
2510 4435 2565 4481 et
2586 4445 2637 4482 a.
2661 4426 3023 4485 abbreviante.

611 4489 1094 4630 Ξῧῦἔὲῧγόεξημα]
1121 4492 1401 4564 κακηγορία
1425 4493 1498 4565 (ἓ)
1522 4511 1571 4549 a.
2004 4510 2092 4568 27.
2130 4496 2278 4553 ἐστιν
2302 4496 2369 4552 Ε.
2394 4494 2457 4564 ἦν
2482 4496 2585 4553 Ed.
2734 4503 3023 4573 κατα-γελα-
