3238 5158
274 336 410 400 xiii.
442 338 540 403 18.
851 339 964 404 IN
1025 340 1091 404 S.
1141 339 1655 406 JOANNEM.
1748 339 1938 404 LIB.
1985 339 2110 405 IX.
2544 335 2676 403 359

273 496 366 599 ἦν
416 498 549 598 μὲν
599 500 745 606 γὰρ
799 504 876 584 ἐν
928 506 1368 612 παραδείσῳ,
1421 506 1540 584 καὶ
1593 506 1671 583 ἐν
1724 509 1881 588 ταῖς
1935 502 2278 585 ἀνωτάτω
2333 508 2667 608 τρυφαῖς,

270 632 774 724 πνευματικαῖς
810 627 1146 728 δηλονότι
1182 630 1300 709 καὶ
1337 627 1517 735 δόξῃ
1553 632 1645 731 τῇ
1681 625 1882 730 παρὰ
1919 633 2108 735 Θεῷ.
2184 629 2303 707 καὶ
2340 626 2675 727 διέμεινεν
2793 671 2800 678 ·

271 742 363 825 ἂν
415 750 493 827 ἐν
545 756 695 834 τοῖς
747 751 1071 855 ἀρχαίοις
1123 756 1252 851 τῆς
1312 751 1607 859 φύσεως
1665 753 1985 854 ἀγαθοῖς,
2039 756 2100 831 εἰ
2159 748 2262 851 μὴ
2319 749 2674 852 τέτραπτο

269 868 454 973 πρὸς
507 871 926 954 ἀπόστασιν
978 877 1094 955 καὶ
1147 874 1539 979 παρακοὴν,
1588 873 2054 970 ἀβουλότατα
2104 871 2491 978 παρελθὼν
2540 869 2675 971 τὴν

204 1015 245 1078 5
274 996 768 1096 διορισθεῖσαν
813 997 1113 1099 ἐντολὴν
1162 1000 1456 1081 ἄνωθεν.
1531 1000 1721 1078 οὕτω
1775 997 2052 1103 κέχρικε
2106 997 2236 1078 τὸν
2272 994 2521 1077 Σαοὺλ
2576 999 2674 1078 εἶς

274 1118 615 1215 βασιλέα·
696 1120 786 1223 ἦν
825 1120 960 1222 μὲν
1005 1120 1149 1226 γὰρ
1204 1125 1280 1203 ἐν
1326 1126 1585 1229 ἀρχαῖς
1641 1123 1725 1202 οὐ
1780 1129 2063 1228 φαῦλος
2117 1120 2320 1226 ἀνὴρ,
2356 1120 2674 1227 ὀφθέντα
2694 1159 2731 1203 ο

274 1242 504 1346 γεμὴν
539 1243 771 1325 οὐκέτι
818 1253 1143 1326 τοιοῦτον
1178 1246 1487 1348 μεθίστη
1524 1250 1657 1348 τῆς
1700 1245 1920 1350 δόξης
1968 1248 2086 1326 καὶ
2122 1249 2251 1345 τῆς
2285 1245 2674 1338 βασιλίδος

274 1371 504 1469 τιμῆς.

388 1493 646 1578 Οὕτως
717 1491 1108 1602 ἐπελέξατο
1176 1492 1307 1574 τὸν
1368 1491 1674 1592 Ἰούδαν,
1742 1497 1862 1575 καὶ
1935 1501 2086 1579 τοῖς
2156 1494 2386 1598 ἁγίοις
2456 1491 2676 1575 αὐτὸν

162 1646 249 1688 10
275 1614 562 1723 ἀνέμιξε
622 1623 1000 1718 μαθηταῖς,
1065 1615 1469 1717 ἐπιτηδείως
1533 1617 1793 1722 ἔχοντα
1857 1617 2196 1719 δηλονότι
2253 1615 2438 1722 πρὸς
2494 1619 2666 1698 ἀκο-

274 1737 632 1841 λούθησιν
694 1743 770 1820 ἐν
832 1743 1108 1847 ἀρχαῖς.
1214 1738 1455 1841 ἐπειδὴ
1517 1740 1594 1821 δὲ
1660 1739 1846 1822 κατὰ
1911 1739 2156 1847 βραχὺ
2217 1739 2565 1846 πειράζων
2633 1742 2675 1821 ὁ

275 1868 608 1949 Σατανᾶς
649 1871 803 1948 ταῖς
854 1864 1425 1971 αἰσχροκερδίαις
1466 1866 2129 1970 προσεχειρῶσατο,
2168 1865 2540 1965 νικηθέντα
2575 1872 2678 1974 τῷ

273 1984 509 2085 πάθει,
557 1989 678 2067 καὶ
728 1987 1092 2091 προδότην
1147 1990 1233 2068 δι’
1293 1986 1467 2069 αὐτὸ
1521 1987 1896 2092 γεγονότα,
1943 1985 2205 2069 λοιπὸν
2258 1990 2667 2070 ἀπεώσατο.
2753 2017 2760 2028 ·

277 2109 481 2191 οὐδὲν
517 2112 643 2191 οὖν
678 2109 819 2215 ἄρα
867 2112 1050 2215 πρὸς
1098 2108 1226 2193 τὸν
1262 2109 1798 2220 ἐπιλεξάμενον.
1876 2110 1967 2212 ἦν
2002 2110 2145 2216 γὰρ
2194 2115 2271 2193 ἐν
2307 2113 2547 2221 ἐκείνῳ
2592 2112 2677 2193 τὸ

168 2258 197 2298 1
212 2252 250 2316 5
277 2233 632 2317 δύνασθαι
665 2232 767 2336 μὴ
804 2239 1189 2334 διαπεσεῖν,
1227 2238 1546 2344 ἑλομένῳ
1584 2234 1921 2337 δηλονότι
1956 2236 2051 2315 τὰ
2083 2235 2671 2339 πρεπωδέστερα,

278 2356 462 2457 ὅλην
510 2391 588 2438 τε
645 2356 776 2458 τὴν
825 2359 1010 2440 ἰδίαν
1059 2362 1500 2458 μετατιθέντι
1548 2361 1864 2441 διάνοιαν
1900 2364 1999 2445 εἷς
2054 2358 2139 2441 τὸ
2194 2364 2451 2466 χρῆναι
2506 2395 2675 2464 γνη-
2702 2375 2746 2440 d

277 2480 459 2566 σίως
493 2483 989 2583 ἀκολουθῆσαι
1025 2488 1355 2592 Χριστῷ.

390 2611 520 2691 Εἷς
575 2605 662 2685 δέ
706 2641 791 2711 γε
845 2614 990 2687 τῶν
1033 2608 1517 2711 προκειμένων
1561 2606 1647 2688 τὸ
1699 2608 1945 2713 ἕτερον
1989 2604 2209 2689 ἐκεῖνό
2264 2615 2506 2715 φαμεν
2544 2605 2679 2707 Μὴ

279 2728 424 2831 γάρ
472 2764 580 2814 τις
623 2730 905 2829 οἰέσθω,
943 2731 1129 2812 κατὰ
1179 2730 1311 2832 τὴν
1348 2738 1563 2812 τινῶν
1597 2733 1976 2830 ἀβουλίαν,
2012 2729 2131 2810 διὰ
2173 2739 2386 2811 τοῦτο
2432 2729 2675 2838 διεξά-
2719 2814 2728 2843 -.

168 2890 255 2933 20
279 2859 540 2954 γεσθαι
602 2888 784 2956 προς
840 2855 1062 2960 πέρας
1119 2854 1211 2936 τὰ
1268 2890 1446 2961 εργα
1501 2855 1593 2936 τὰ
1648 2856 2310 2964 κεχρησμῳδημένα
2365 2853 2481 2935 διὰ
2537 2860 2682 2934 τῶν

280 2976 508 3079 ἁγίων
542 2978 1029 3084 προφητῶν,”
998 3014 1114 3060 ινα
1162 2985 1604 3084 πληρωθεῖεν
1651 2984 1724 3060 αἱ
1779 2979 2082 3086 γραφαί.
2155 3013 2214 3059 ει
2265 3012 2412 3082 γαρ
2466 2975 2679 3058 τοῦτό

278 3100 481 3181 ἐστιν
514 3102 798 3202 ἀληθες,
836 3101 1040 3183 οὖδεν
1076 3101 1268 3188 ολως
1305 3102 1741 3184 διακωλύσει
1775 3137 1942 3187 τους
1976 3109 2125 3187 τοῖς
2161 3102 2681 3206 γεγραμμένοις

278 3225 680 3327 ἀναγκαίως
754 3227 1362 3329 ὑπηρετήσαντας,
1436 3229 1565 3308 οὐκ
1649 3224 2217 3335 ἀπροφάσιστον
2290 3226 2477 3331 ἔχειν
2548 3223 2683 3325 τὴν

279 3348 653 3452 ἁμαρτίαν,
700 3356 992 3450 μᾶλλον
1048 3349 1124 3431 δὲ
1178 3352 1331 3432 οὐδ’
1391 3348 1583 3436 ὅλως
1637 3351 2345 3452 πεπλημμεληκέναι.
2405 3355 2483 3452 ,εἰ
2537 3348 2682 3453 γὰρ

170 3495 252 3557 25
278 3470 416 3553 ἔδει
458 3472 938 3577 πληρωθῆναί
981 3479 1234 3581 φησιν,
1272 3477 1418 3579 ἐρεῖ
1457 3508 1586 3573 τις,
1623 3477 2029 3579 ἐπληροῦτο
2079 3474 2156 3554 δὲ
2205 3471 2324 3554 διὰ
2370 3473 2675 3573 τούτων,
2705 3516 2742 3560 e

279 3630 347 3677 οι
384 3598 470 3675 δι’
510 3594 610 3676 ὧν
645 3595 786 3700 ἄρα
819 3596 1335 3702 πεπλήρωνται
1379 3594 1628 3698 πάσης
1672 3597 1763 3678 ἂν
1798 3594 1936 3679 εἷεν
1971 3598 2266 3699 εὐθύνης
2300 3596 2678 3704 ἐλεύθεροι.

279 3720 530 3807 ἄλλως
579 3754 655 3801 τε
699 3754 818 3801 και
854 3730 898 3768 “
926 3718 1328 3806 διάκονος’
1285 3722 1681 3826 αμαρτίας”
1696 3721 1766 3822 ἦ
1803 3722 1957 3803 θεία
1995 3721 2083 3823 δὴ
2133 3720 2421 3806 πάντως
2465 3757 2673 3802 κατε·
2773 3741 2889 3795 <321
2909 3742 2963 3794 ii

278 3843 577 3997 φαίνετο
620 3842 890 3951 γραφὴ,
928 3851 1264 3925 καλοῦσα
1314 3843 1642 3947 καθάπερ
1694 3845 1771 3925 ἐκ
1817 3849 1986 3940 βιας
2035 3851 2133 3929 εἰς
2181 3842 2410 3926 ἐκεῖνά
2457 3880 2678 3938 τινας,
2781 3821 2857 3872 ¹⁷

277 3963 328 4047 ἃ
387 3968 722 4048 ἐλαλεΐτο
797 3966 883 4047 δι’
951 3970 1189 4069 αὐτῆς,
1255 3969 1373 4049 ἵνα
1435 3974 1553 4049 καὶ
1616 3974 1718 4053 εἷς
1777 3968 2004 4071 πέρας
2068 3967 2229 4069 ἥκοι
2294 4002 2379 4048 το
2448 3960 2728 4050 πάλαι

166 4117 252 4178 30
274 4092 813 4198 πεφωνημένον.
902 4089 1075 4172 ἀλλ’
1114 4088 1310 4192 οἶμαι
1358 4090 1594 4178 πολυς
1641 4092 1758 4173 ἐπι
1808 4092 2039 4200 τούτῳ
2086 4094 2214 4191 τῆς
2265 4093 2682 4199 δυσφημίας

284 4327 369 4378 14.
355 4238 760 4402 ἦν]ἶιῖοἶτσιῃΕῙ..ζ
865 4236 2167 4437 23.ἆναγωι]οιῖσόκ)ἒ1.αναγωίοῖςὲἔγὶἕῖιςμμένω]
2047 4238 2257 4367 mtto(-
2267 4239 2615 4400 wega?
2615 4240 2685 4368 ἒς

276 4379 1143 4534 {zss‘mffoffzffizssfifitt-„t
1163 4398 1400 4508 «0202222
1414 4332 1874 4524 ‘'1222‘222325
1844 4379 2257 4523 ..“’ΐξ’ἕηΕῗ3εο,
2282 4379 2684 4522 33⁷1313⁹13¹0¹ZZ⁹

281 4473 478 4650 ᾶοίιιᾶ,ιι
500 4521 722 4648 1)υέοέιὲ
737 4519 964 4593 ποῖαι]
993 4522 1058 4577 Ε.
1245 4523 1332 4579 28.
1368 4522 1442 4580 ele
1463 4539 1573 4578 om.
1598 4539 1647 4578 a.
1650 4539 1699 4579 c.
1724 4520 1889 4578 Cord.
1914 4520 2074 4577 habet
2097 4522 2151 4578 b.
2248 4541 2361 4577 τινα
2385 4520 2438 4576 b.
2443 4538 2490 4575 c.
2518 4518 2681 4576 Cord.

281 4610 391 4650 neu
481 4611 537 4649 m
598 4611 630 4649 a
744 4610 793 4647 a.
