3238 5158
543 280 675 343 208
1155 278 1234 342 B.
1284 276 1696 341 CYRILLI
1756 274 2337 341 ALEXANDR.
2704 293 2765 333 x.
2800 284 2950 351 1-5.

209 504 367 581 Κεφ.
400 495 460 563 ι’.
535 497 745 577 Ἀμιὶν
803 498 976 575 ἀμήν
1035 500 1210 573 λὲΓω
1267 495 1434 581 ὑμῖν,
1490 499 1527 566 ό
1590 501 1678 576 μὴ
1744 496 2198 588 εἰσερχόμενος
2256 496 2361 564 ὃιά
2420 503 2536 563 τῆς
2592 495 2793 584 θύρας
2851 491 2946 559 εἰς

645 624 765 689 τὴν
803 623 1011 691 αύλιὶν
1048 625 1182 690 τῶν
1220 626 1593 713 προβάτων,
1634 625 1805 691 ἀλλά
1858 624 2229 704 ἀναβαίνων
2274 623 2657 710 ἀλλαχόθεν,
2692 617 2947 686 ἐκεῖνος

485 757 516 797 2
651 751 934 815 κλέπτης
983 749 1123 817 ἐστὶ
1179 749 1286 815 καὶ
1341 751 1606 841 λῃστής·
1683 753 1719 817 ό
1776 749 1848 817 δὲ
1903 748 2356 840 εἰσερχόμενος
2411 749 2518 815 διά
2574 755 2689 814 τῆς
2744 747 2947 835 θύρας

484 888 520 944 3
651 877 893 952 ποιμήν
950 876 1089 942 ἐστι
1150 877 1284 942 τῶν
1343 878 1713 966 προβάτων·
1794 877 2010 962 τούτῳ
2060 878 2097 945 ό
2159 875 2454 965 θυρωρὸς
2516 874 2780 955 ἀνοίΓει,
2840 872 2947 936 καὶ

649 1001 730 1065 τά
785 1002 1080 1090 πρόβατα
1133 1008 1252 1068 τῆς
1304 1007 1537 1091 φωνῆς
1591 1003 1793 1069 αὐτοῦ
1848 1004 2094 1084 ἀκούει,
2150 1003 2255 1067 καὶ
2311 1002 2392 1067 τά
2453 998 2587 1066 ἴδια
2650 1000 2947 1089 πρόβατα
2980 1010 3023 1070 5

485 1155 523 1208 4
648 1123 862 1216 φωνεῖ
916 1128 1045 1194 κατ’
1109 1128 1315 1206 ὄνομα
1373 1130 1480 1194 καὶ
1532 1129 1751 1205 ὲξάΓει
1807 1130 1993 1195 αύτά·
2065 1132 2225 1196 ὅταν
2281 1127 2352 1195 δὲ
2408 1129 2620 1194 πάντα
2673 1125 2753 1192 τά
2812 1121 2948 1190 ἴδια

650 1254 919 1344 ἐκβάλῃ,
972 1254 1338 1343 ἔμπροσθεν
1394 1256 1611 1322 αὐτῶν
1669 1256 2041 1344 πορεύεται,
2098 1255 2204 1320 καί
2264 1253 2343 1321 τά
2409 1254 2702 1342 πρόβατα
2766 1251 2950 1334 αὐτῷ

489 1374 524 1436 5
652 1376 1019 1460 ἀκολουθεῖ,
1056 1383 1156 1447 ὅτι
1211 1377 1429 1447 οἴδασι
1481 1380 1601 1447 τήν
1647 1382 1878 1469 φωνὴν
1925 1382 2146 1447 αὐτοῦ·
2218 1379 2549 1468 ἀλλοτρίῳ
2599 1377 2670 1445 δὲ
2726 1378 2801 1443 ού
2858 1376 2945 1454 μὴ

653 1505 1230 1587 ἀκολουθήσουσιν,
1293 1507 1465 1571 ἀλλά
1530 1509 1881 1595 φεύξονται
1939 1507 2040 1573 ἀπ’
2107 1506 2328 1588 αὐτοῦ,
2390 1508 2491 1572 ὅτι
2551 1505 2668 1569 οὐκ
2731 1499 2950 1569 οἴδασι

650 1631 784 1697 τῶν
838 1630 1209 1721 ἀλλοτρίων
1263 1632 1380 1699 τὴν
1437 1634 1690 1722 φωνήν.
2988 1651 3073 1691 10

665 1801 966 1908 Δόξειεν
1037 1803 1171 1903 μὲν
1237 1804 1328 1884 ἂν
1391 1806 1508 1885 καὶ
1573 1803 1777 1905 μάλα
1853 1806 2139 1888 εἰκότως
2213 1812 2363 1888 τοῖς
2435 1802 2956 1898 ἀβασανίστως·

557 1925 1116 2027 ἐπακροωμένοις
1171 1929 1254 2009 οὖ
1311 1929 1479 2008 λίαν
1533 1930 1872 2032 εὐκαίρως
1928 1931 1968 2009 ὁ
2024 1933 2152 2028 τῆς
2198 1925 2661 2031 προκειμένης
2712 1961 2952 2030 παρα-

488 2060 532 2124 b
557 2053 790 2148 βολῆς
842 2056 1422 2159 εἰσπεφορῆσθαι
1470 2051 1720 2156 λόγος·
1785 2051 2239 2160 τυφλότητος
2289 2050 2434 2154 γὰρ
2481 2049 2957 2157 ἀναβλέψεῶς

557 2207 636 2254 τε
690 2171 854 2278 πέρι
908 2175 1437 2277 διαλεγόμενος,
1495 2182 1662 2283 περὶ
1710 2177 2100 2282 προβάτων
2149 2175 2374 2273 εὐθὺς,
2423 2177 2650 2275 αύλῆς
2704 2209 2781 2254 τε
2837 2177 2958 2255 καὶ

559 2296 781 2400 θύρας
843 2307 1144 2380 ποιεῖται
1204 2301 1371 2387 τοὺς
1429 2300 1729 2402 λόγους.
1836 2303 2007 2381 ἀλλ’
2073 2301 2216 2409 ὅτῳ
2279 2299 2516 2406 σοφὸς
2572 2299 2958 2407 ἐνῴκισται
2993 2330 3071 2390 15

562 2429 746 2518 νοῦς,
785 2424 902 2502 καὶ
935 2423 1474 2529 περιεργότερον
1514 2433 1662 2510 τοῖς
1699 2425 2113 2529 θεωρήμασι
2149 2424 2659 2528 προσβάλλειν
2693 2422 2960 2504 ἐσπού-

561 2549 843 2645 δασται,
874 2547 1269 2656 κατόψεται
1306 2548 1531 2630 πάλιν
1567 2552 1675 2631 ἐπ’
1718 2549 1987 2634 εὐθείας
2022 2548 2275 2647 ὥσπερ
2309 2546 2509 2630 ἰόντα
2544 2547 2672 2629 τὸν
2706 2544 2960 2650 λόγον,

560 2676 677 2750 καὶ
707 2671 1088 2771 μηδαμόσε
1124 2682 1254 2754 τοῦ
1290 2674 1692 2778 πρέποντος
1728 2675 2322 2780 ἀπεσφαλμένον.
2408 2672 2448 2753 ὃ
2485 2673 2562 2754 δὲ
2598 2671 2961 2758 πολλάκις

558 2791 761 2876 εἷπον
796 2800 934 2901 ε’ρῶ
970 2800 1087 2878 καὶ
1125 2802 1447 2883 εἰσαῦθις
1483 2797 1902 2892 ἀναλαβών.
1982 2797 2140 2882 ἔθος
2188 2805 2294 2905 τῷ
2333 2801 2615 2899 Σωτῆρι
2651 2802 2959 2907 Χριστῷ

558 2919 661 3018 μὴ
716 2919 897 3025 πρὸς
944 2920 1207 3019 μόνους
1254 2922 1784 3024 ἀποκρίνασθαι
1838 2918 2002 3006 τοὺς
2058 2920 2178 3001 διὰ
2233 2926 2477 3029 φωνῆς
2532 2924 2954 3020 ἀποκτυπη-
2992 2959 3070 2999 20

562 3043 814 3126 θέντας
852 3042 1140 3146 λόγους,
1178 3044 1352 3125 ὅταν
1388 3047 1582 3152 αὐτῷ
1625 3046 2001 3149 προσίωσί
2037 3079 2243 3141 τινες,
2280 3045 2452 3124 ἀλλ’
2493 3046 2776 3148 ἐπείπερ
2827 3046 2963 3152 ὁρᾷ

501 3201 538 3244 o
563 3168 679 3243 καὶ
717 3166 1020 3271 νεφροὺς
1059 3171 1175 3247 καὶ
1212 3169 1523 3272 καρδίας,
1563 3171 1681 3249 καὶ
1729 3165 1912 3272 πρὸς
1957 3167 2380 3269 ἐνθυμήσεις
2434 3171 2963 3271 ἀπολογεῖσθαι

561 3285 813 3383 μόνας·
894 3299 940 3336 “
966 3290 1207 3369 πάντα
1256 3290 1399 3395 γὰρ
1449 3295 1644 3399 αὐτῷ
1693 3291 1932 3394 γυμνὰ
1979 3297 2097 3373 καὶ
2150 3293 2795 3398 τετραχηλισμένα,
2844 3295 2966 3372 καὶ

565 3418 609 3456 “
646 3410 774 3488 οὐκ
810 3409 969 3490 ἔστι
1006 3414 1238 3496 κτίσις
1275 3415 1556 3520 ἀφανὴς
1592 3416 1894 3498 ἐνώπιον
1931 3415 2220 3497 αὐτοῦ·”
2284 3416 2401 3495 διά
2445 3451 2555 3496 τοι
2598 3424 2810 3497 τοῦτο
2845 3422 2964 3497 καὶ

225 3536 438 3650 Ξξξῶ
562 3529 745 3633 πρὸς
783 3531 906 3611 ἕνα
939 3539 1085 3612 τῶν
1122 3536 1347 3636 ἁγίων
1383 3540 1581 3645 φησί
1614 3550 1656 3587 “
1677 3541 1813 3625 Τίς
1851 3539 2056 3624 οὗτος
2094 3542 2134 3620 ὁ
2168 3538 2503 3642 κρύπτων
2535 3574 2625 3640 με
2661 3538 2963 3641 βουλὴν,
2997 3568 3073 3630 25

232 3680 278 3714 ²·
567 3661 611 3700 ‘⁴
646 3653 970 3759 συνέχων
1025 3655 1100 3736 δὲ
1155 3655 1441 3762 ῥήματα
1494 3664 1571 3741 ἐν
1626 3665 1902 3770 καρδίᾳ,
1945 3663 2065 3763 ἐμὲ
2121 3661 2197 3743 δὲ
2252 3662 2469 3744 οἴεται
2523 3663 2864 3768 κρύπτειν
2892 3667 2963 3762 ;”

566 3774 803 3875 ἐπειδὴ
854 3777 1090 3860 τοίνυν
1127 3778 1211 3862 τὸ
1259 3788 1403 3863 τῶν
1441 3787 1864 3887 Φαρισαίων
1899 3786 2197 3868 ἀνόσιον
2233 3793 2503 3894 στῖφος
2552 3787 2969 3892 κακούργως

229 3898 476 4029 {3³⁸¹-
568 3898 1085 4000 διεπυνθάνετο,
1123 3904 1443 4010 καθάπερ
1479 3908 1822 4012 ἐλέγομεν
1859 3912 2138 4014 ἀρτίως,
2174 3918 2235 3991 εἰ
2286 3916 2403 3991 καὶ
2448 3913 2650 3991 αὐτοὶ
2698 3914 2977 4016 τυφλοί

568 4025 771 4118 εἰσιν,
808 4023 927 4103 ἵνα
961 4027 1197 4129 λε’γων
1234 4035 1523 4131 ἀληθῶς
1563 4032 1808 4136 ὅτιπέρ
1845 4037 2009 4135 εἶσι,
2047 4038 2314 4142 τυφλοὶ
2353 4033 2714 4137 δηλονότι,
2754 4070 2970 4116 κατα-

502 4155 547 4221 d
571 4140 931 4245 δικάζηται
979 4150 1203 4229 πάλιν
1240 4155 1336 4236 ὡς
1384 4162 1533 4239 τοῖς
1580 4156 1999 4258 ἡγουμένοις
2051 4158 2809 4263 διαλοιδορησάμενος,
2855 4164 2970 4241 καὶ
2999 4191 3077 4249 30

225 3281 359 3332 Heb.
384 3283 449 3332 iv.

234 3363 250 3395 ι
263 3361 309 3409 3.

649 4367 732 4441 τι..
768 4353 1219 4446 μὲνρεειιωριυπι
1247 4381 1311 4418 ex
1339 4366 1459 4422 Bm.
1967 4388 2049 4442 13.
2087 4370 2443 4444 τυφλότητος]
2479 4380 2534 4438 4-
2566 4395 2623 4429 τε
2654 4373 2836 4428 Holst.
2864 4373 2969 4429 Ed.

575 4434 662 4475 2ο.
697 4429 1071 4509 αποκρινασθιιι
1099 4431 1163 4485 Β.
1193 4432 1290 4487 Ht.
1316 4436 1685 4507 ἀποκρίνεσθαι
1709 4458 1738 4494 e
1765 4439 1884 4494 Cat.
1911 4451 1972 4496 ut
1996 4440 2105 4496 vid.
2132 4443 2277 4497 Aub.
2305 4453 2358 4497 et
2381 4445 2454 4498 ita
2478 4463 2527 4498 a.
2716 4461 2803 4499 22.
2841 4444 2970 4500 ἀπο·

573 4492 849 4563 λογεισθαι
874 4496 991 4553 Bm.
1021 4500 1119 4555 Ht.
1141 4501 1476 4576 ἀπολογεῖται
1502 4509 1648 4564 Aub.
1866 4528 1951 4581 29.
1989 4512 2197 4585 ὅτιπέρ]
2226 4513 2355 4585 ὅπερ
2379 4532 2430 4569 a.
