3238 5158
572 297 704 359 448
1184 295 1265 361 B.
1312 295 1734 363 cYRILLI
1794 254 2381 363 ALEXANDR.
2725 294 2867 359 xiv.
2900 312 3007 358 11.

575 456 1053 561 νοηθήσεταις
1112 459 1285 540 ἀλλ’
1325 461 1455 542 οὐκ
1505 466 1603 545 εἰς
1649 470 1865 542 τοῦτο
1912 463 2186 566 μωρίας·
2238 460 2381 543 σὺν
2424 460 2711 543 ἐκείνοις
2766 490 3005 537 κατο-

510 590 556 656 d
577 590 861 665 λισθεῖν
896 582 1296 691 ἀνεξόμεθα
1340 583 1593 665 πάλιν·
1658 587 1817 666 οὔτε
1853 584 1998 689 γὰρ
2036 585 2156 667 διὰ
2190 594 2319 668 τοῦ
2358 582 2652 688 Πατρὸς
2689 586 3013 686 ἐροῦμεν

576 713 1016 809 πεποιῆσθαι
1062 709 1192 789 τὸν
1226 706 1428 806 Υὶὸν,
1465 711 1628 791 οὕτε
1676 709 1823 811 μὴν
1857 712 1942 791 δι’
1982 716 2166 793 Υὶοῦ
2216 709 2557 813 γενέσθω
2605 706 2738 790 τὸν
2775 709 2873 815 ἐξ
2920 708 3015 787 οὗ

575 831 670 913 τὰ
715 831 976 932 πάντα,
1019 831 1318 936 Πατέρα
1368 838 1487 913 καὶ
1524 832 1742 914 Θεόν·
1814 833 1974 918 ἔθος
2023 831 2101 915 δὲ
2153 841 2449 935 μᾶλλον
2489 832 2578 914 τὸ
2633 836 2765 931 τῆς
2821 838 3007 912 θεο-

576 956 940 1038 πνεύστου
990 961 1281 1064 γραφῆς
1337 956 1625 1066 ἑκάστῳ
1672 955 2093 1062 πρεπόντως
2142 959 2715 1063 ε’πιῤῥιπτοῦντες
2766 963 3015 1066 καιρῷ
3040 984 3079 1043 5

577 1084 698 1161 καὶ
729 1081 1109 1191 προσώπῳ
1145 1085 1265 1164 καὶ
1311 1080 1708 1187 πράγματι,
1745 1082 2065 1185 καθαρόν
2102 1117 2181 1164 τε
2234 1085 2354 1164 καὶ
2405 1083 2830 1165 ἀνιηταίτιον
2871 1083 3017 1165 τὸν

577 1206 691 1311 ἐφ’
750 1204 985 1287 ἅπασι
1049 1214 1198 1293 τοῖς
1263 1208 1677 1309 ἀναγκαίοις
1737 1207 2232 1315 ἐξυφανοῦμεν
2286 1205 2541 1310 λόγον.
2647 1214 2800 1292 τοῖς
2865 1207 3013 1306 μὲν

579 1329 724 1432 γὰρ
783 1330 872 1438 ἐξ
920 1332 1051 1413 οὐκ
1103 1329 1333 1414 ὄντων
1386 1338 1484 1417 εἷς
1538 1329 1622 1411 τὸ
1678 1329 1856 1412 εἶναι
1908 1337 2411 1437 παρενεχθεῖσι
2465 1334 2585 1410 καὶ
2639 1331 3012 1434 γεγονόσι

581 1452 700 1533 διὰ
743 1460 957 1556 Θεοῦ,
991 1463 1147 1542 πῶς
1201 1458 1329 1537 οὐκ
1386 1454 1476 1537 ἂν
1517 1453 1851 1555 μάλιστα
1903 1452 2164 1558 πρέποι
2217 1452 2302 1536 τὸ
2361 1455 2689 1535 νοεῖσθαί
2737 1489 2817 1534 τε
2885 1459 3012 1537 καὶ

581 1578 932 1682 λε’γεσθαι
987 1582 1155 1685 παρ’
1196 1580 1420 1682 ἡμῶν,
1468 1582 1565 1665 ὦς
1614 1582 1798 1661 εἰσὶν
1841 1581 1918 1660 ἐν
1955 1585 2145 1688 Θεῷ,
2182 1579 2513 1660 τουτέστι
2570 1578 2689 1659 διὰ
2740 1583 3002 1678 Θεοῦ;
3043 1613 3112 1656 10

524 1729 561 1774 Θ
582 1710 685 1811 τῷ
740 1703 967 1808 γεμὴν
1011 1703 1197 1786 κατὰ
1252 1704 1486 1814 φύσιν
1520 1709 1679 1812 Υὶῷ
1735 1707 1854 1784 καὶ
1907 1705 2154 1812 Κυρίῳ
2209 1706 2326 1784 καὶ
2374 1709 2542 1812 Θεῷ
2598 1706 2716 1784 καὶ
2775 1709 3003 1805 δημι-

582 1862 822 1935 ουργῳ
855 1835 1003 1908 τῶν
1040 1829 1255 1925 ὅλων,
1295 1830 1423 1909 οὐκ
1467 1825 1559 1908 ἂν
1595 1824 1790 1925 οἶμαι
1837 1835 2052 1908 τοῦτο
2099 1827 2357 1930 κυρίως
2402 1861 2480 1908 τε
2528 1861 2647 1906 και
2697 1830 3013 1928 ἀληθῶς

583 1951 985 2054 ἁρμόσειεν,
1023 1948 1199 2034 εἶναι
1253 1951 1329 2033 δὲ
1379 1957 1711 2059 φυσικῶς
1758 1954 1835 2033 ἐν
1873 1954 2112 2055 Πατρὶ
2160 1954 2279 2031 καὶ
2327 1949 2751 2057 ἐνυπάρχειν
2798 1953 3011 2062 αὐτῳ

581 2074 768 2181 ἔχειν
816 2109 891 2155 τε
945 2075 1164 2157 αυτὸν
1210 2079 1288 2157 ἐν
1332 2077 1581 2186 ἑαυτῳ,
1635 2075 1752 2156 διὰ
1803 2075 1891 2156 τὸ
1945 2079 2023 2156 ἐν
2073 2075 2327 2160 οὐσίας
2380 2075 2767 2175 ταυτότητι
2825 2079 3011 2182 φαί-

583 2204 859 2297 νεσθαι,
896 2203 1013 2280 καὶ
1065 2199 1385 2301 μηδὲν
1337 2235 1523 2307 εχειν
1570 2207 1947 2286 παντελῶς
2001 2198 2085 2279 τὸ
2140 2206 2614 2301 μεσολαβοῦν
2654 2202 2777 2280 καὶ
2832 2205 2999 2282 δια·
3040 2225 3105 2284 15

564 2323 841 2440 ,τέμνον
876 2328 975 2408 εἰς
1010 2324 1390 2430 ἑτερότητα
1427 2323 1774 2432 φυσικήν.

704 2451 849 2527 Καὶ
887 2446 998 2529 ὅτι
1032 2446 1164 2548 μὲν
1199 2449 1377 2533 ἰ’σως
1413 2457 1561 2533 τοῖς
1599 2445 2165 2551 εὐμαθεστέροις,
2202 2444 2298 2532 ὥς
2335 2481 2420 2549 γε
2456 2481 2580 2547 μοι
2627 2446 3002 2553 φαίνεται,

589 2578 831 2687 καλῶς
882 2571 1222 2679 διείρηται
1274 2573 1542 2680 δόξειεν
1576 2571 1690 2672 ἂν,
1730 2570 2141 2654 συναινέσει
2189 2569 2421 2675 γεμὴν
2457 2573 2497 2652 5
2548 2572 2633 2652 δι’
2675 2572 3008 2658 ἐναντίας

590 2699 941 2797 οὐδαμῶς·
1020 2701 1167 2802 ἐρεῖ
1209 2699 1285 2779 δὲ
1335 2699 1424 2799 δὴ
1474 2697 1723 2795 πάλιν,
1759 2697 1888 2779 τὸν
1936 2699 2012 2777 ἐν
2053 2700 2311 2802 ἀρχαῖς
2365 2695 3009 2794 εἷσκεκομισμένον

254 2843 389 2901 ’196
407 2840 484 2897 A.
531 2855 567 2896 a
591 2822 1155 2922 ἁναμασῶμενος
1203 2822 1454 2927 λόγον,
1488 2822 1599 2903 ὅτι
1649 2825 1875 2907 οὕτως
1921 2824 2124 2903 ἐστὶν
2160 2824 2202 2902 5
2242 2819 2503 2925 Πατὴρ
2553 2821 2629 2900 ἐν
2663 2826 2770 2928 τῷ
2806 2825 3004 2930 Υἱῷ,
3037 2854 3101 2895 ιο

589 2942 844 3051 ὥσπερ
878 2949 1074 3049 ἡμεῖς
1110 2951 1188 3029 ἐν
1220 2951 1436 3056 αὐτῷ.

703 3074 808 3152 Τι’
871 3073 997 3153 οὖν
1066 3072 1231 3177 ἄρα·
1332 3070 1700 3179 φήσαιμεν
1769 3068 1864 3151 ἂν
1936 3071 2064 3151 οὐκ
2145 3068 2535 3160 ἀσυνέτως,
2580 3066 3009 3175 ἐλέγχοντες

591 3195 839 3301 σαθρά
875 3233 951 3278 τε
989 3200 1108 3279 καὶ
1144 3198 1572 3302 μειρακιώδη
1621 3192 2030 3302 φρονοῦντά
2075 3228 2152 3274 τε
2204 3197 2322 3274 καὶ
2370 3194 2710 3296 λέγοντα·
2773 3195 3009 3279 οὕτως

590 3318 769 3401 εἶναι
841 3318 989 3428 φῂς
1061 3323 1190 3402 τὸν
1246 3321 1430 3402 Υὶὸν
1493 3324 1569 3402 ἐν
1627 3322 1889 3423 Πατρὶ,
1955 3316 2277 3421 καθάπερ
2344 3316 2530 3416 ἡμᾶς
2603 3320 2681 3397 ἐν
2742 3319 3000 3426 αὐτῷς

592 3451 854 3529 καλῶς.
928 3442 1080 3525 εἶτα
1114 3447 1191 3526 τί
1221 3446 1333 3547 δὴ,
1367 3442 1549 3551 πρᾶς
1597 3453 1811 3525 τοῦτο
1860 3445 2176 3547 ἐροῦμεν,
2222 3439 2324 3542 μὴ
2375 3447 2523 3527 τοῖς
2573 3441 2761 3525 ’ίσοις
2815 3443 3007 3542 ἡμᾶς
3038 3473 3104 3532 25

591 3569 1194 3669 ἐπισεμνύνεσθαι
1237 3568 1515 3725 λόγοις
1588 3566 1673 3650 τὸ
1745 3573 1875 3668 τῆς
1945 3566 2288 3671 ἡμετέρας
2375 3565 2668 3673 φύσεως
2748 3569 3009 3674 ἐφίησι

590 3693 873 3797 μέτρον,
912 3692 1171 3797 οἷσπερ
1222 3729 1313 3774 αν
1350 3697 1580 3801 ὁρῳτο
1633 3698 1752 3773 καὶ
1803 3691 2016 3777 αὐτὸς
2068 3693 2108 3771 5
2161 3689 2532 3795 Χριστός·
2512 3751 2533 3787 ,
2605 3690 2820 3774 αὐτὸς
2870 3692 3010 3790 μὲν

593 3817 738 3923 γὰρ
787 3818 1074 3921 ἐπείπερ
1120 3820 1322 3897 ε’στιν
1367 3820 1444 3896 ἐν
1482 3814 1829 3919 Πατρι,”
1781 3849 1926 3920 εχει
1980 3813 2058 3896 δὲ
2112 3818 2189 3895 ἐν
2234 3848 2460 3922 εαυτῳ
2506 3811 2636 3895 τὸν
2677 3814 3005 3918 Πατέρα,

525 3940 646 4020 b⁶
595 3978 721 4023 ατε
776 3942 865 4042 δὴ
921 3943 1039 4022 καὶ
1095 3941 1300 4022 εἱκων
1354 3940 1573 4021 αὐτοῦ
1637 3974 1756 4020 και
1818 3939 2190 4045 χαρακτὴρ
2258 3934 2825 4041 ἀπαράλλακτος
2886 3940 3013 4021 διὰ

592 4074 807 4148 τοῦτο
843 4065 1185 4173 ὑπάρχων
1210 4075 1257 4113 “
1275 4066 1437 4146 O
1401 4064 1730 4168 εωρακῶς
1763 4063 1908 4164 ἐμὲ,
1932 4065 2254 4170 φησιν,“
2218 4096 2485 4165 εωρακε
2517 4059 2645 4142 τὸν
2671 4064 3005 4166 Πατέρα,
3038 4096 3110 4156 30

594 4202 640 4239 “
671 4191 817 4296 ἐγὼ
873 4195 990 4272 καὶ
1038 4194 1079 4272 5
1138 4188 1399 4294 Πατὴρ
1449 4191 1526 4270 ἕν
1570 4190 1848 4290 ἐσμεν,”
1889 4189 2092 4289 ἡμεῖς
2147 4186 2223 4268 δὲ
2277 4187 2439 4267 εἶπέ
2480 4220 2624 4287 μοι,
2663 4192 2722 4268 εἰ
2777 4189 3013 4275 οὕτως

594 4314 817 4417 ἐσμὲν
879 4319 958 4399 ἐν
1020 4317 1233 4426 αὐτῷ,
1293 4316 1549 4421 ἔχομέν
1610 4348 1689 4395 τε
1761 4309 1980 4395 αὐτὸν
2046 4314 2124 4393 ἐν
2185 4312 2480 4410 ἑαυτοῖς,
2546 4309 2799 4416 ὥσπερ
2878 4313 3012 4395 οὖν

668 4559 720 4614 8.
756 4557 849 4667 οἷίκ
873 4556 933 4628 ἐξ
955 4557 1048 4613 οὐκ
1071 4555 1137 4612 E.
1385 4572 1437 4626 9.
1473 4553 1660 4623 πρέπει
1685 4553 1752 4609 E.
1997 4551 2079 4608 18.
2116 4550 2351 4622 διῆρηται
2375 4549 2443 4607 Ε.
2554 4547 2838 4620 συναινέσῃ
2866 4548 2934 4605 Ε.
