3238 5158
164 367 272 409 xv.
307 365 363 412 1.
540 347 652 412 IN
713 349 782 415 S.
831 349 1346 416 JOANNEM.
1438 349 1632 414 LIB.
1678 350 1759 415 X.
1852 350 2058 416 CAP.
2107 349 2201 414 ΙΙ.
2442 349 2571 413 539

164 571 209 608 ,,
248 509 654 620 ἐτερόφυλα
713 522 1113 601 παντελῶς·
1196 518 1422 600 οὕτως
1486 516 1624 621 οὐχ
1687 513 2067 613 ὀμοούσιος
2132 515 2173 593 ὁ
2228 511 2404 597 Υἱὸς
2466 518 2569 620 τῷ

162 695 209 733 ,,
250 640 514 740 Πατρὶ,
590 638 918 739 διέστηκε
994 637 1071 719 δὲ
1160 639 1344 720 κατὰ
1422 638 1622 721 πολὺ
1702 642 1818 718 καὶ
1891 637 2245 738 οὐσιώδης
2316 635 2570 719 αὐτοὺς

163 819 208 856 ,,
249 760 532 865 διείργει
588 763 833 866 λόγος,
872 763 940 842 εἴ
988 797 1074 866 γε
1125 765 1165 844 ὃ
1215 765 1346 863 μέν
1390 766 1551 844 ἐστι
1605 761 1950 866 γεωργὸς,
1989 764 2030 842 ὃ
2087 760 2163 842 δὲ
2217 764 2566 860 ιῖμπελος.

164 943 209 980 ,,
250 881 361 962 ὅτι
397 884 541 989 γὰρ
579 887 707 966 οὐκ
742 885 1060 989 εὐλόγως
1095 886 1280 972 τινὲς
1315 893 1411 972 εἰς
1448 886 1576 967 τὸν
1610 891 1742 986 τῆς
1784 884 1963 981 μετὰ
1997 883 2270 989 σαρκὸς
2307 891 2577 966 οἰκονο-

100 1036 137 1097 5
164 1068 211 1105 „
250 1008 416 1104 μίας
474 1009 703 1111 λόγον
756 1007 850 1089 τὰ
904 1019 1199 1091 τοιαῦτα
1256 1017 1725 1115 περιενεγκεῖν
1779 1008 2386 1116 ἐπιχειρήσουσιν,
2447 1010 2575 1090 οὐκ

164 1191 213 1229 ,,
254 1130 459 1213 ἔστιν
506 1135 949 1240 ἀμφίβολον.
1030 1137 1115 1214 οὐ
1169 1133 1313 1237 γὰρ
1366 1132 1499 1233 τὴν
1555 1134 1798 1238 σάρκα
1849 1133 1981 1235 τὴν
2034 1136 2285 1215 ἑαυτοῦ
2339 1139 2573 1241 φησιν
2599 1145 2644 1212 <1

167 1315 214 1353 ,‚
254 1253 430 1337 εἶναι
478 1257 613 1357 τὴν
659 1258 1010 1357 ἄμπελον,
1048 1266 1341 1357 μᾶλλον
1385 1256 1463 1339 δὲ
1517 1258 1651 1358 τὴν
1696 1259 2020 1358 θεότητα.
2097 1261 2234 1338 τινὶ
2288 1259 2434 1362 γὰρ
2489 1260 2575 1338 οὗ

169 1439 215 1477 ,,
256 1382 497 1486 σαφὲς
546 1382 774 1480 ἔσται,
821 1385 1080 1491 φησὶν,
1130 1385 1226 1467 ὡς
1282 1382 1367 1462 τὸ
1424 1383 1763 1484 ἡμέτερον
1801 1389 2020 1481 σῶμα
2066 1384 2224 1487 οὐχὶ
2272 1386 2401 1482 τῆς
2449 1391 2577 1463 τοῦ

173 1564 220 1601 ,,
258 1508 597 1609 Σωτῆρος
651 1508 1074 1611 ἐκκρεμᾶται
1128 1504 1433 1611 σαρκὸς,
1476 1506 1800 1610 καθάπερ
1856 1504 2183 1603 ἀμπέλου
2237 1505 2330 1586 τὰ
2387 1504 2571 1607 κλή-

73 1670 154 1710 ιο
182 1687 227 1723 ,,
265 1662 481 1727 ματα,
547 1630 705 1710 οὔτε
780 1630 925 1731 μὴν
987 1633 1028 1710 ὁ
1091 1636 1238 1710 τῶν
1304 1629 1527 1733 ἁγίων
1591 1628 1864 1732 καρπὸς
1936 1628 2310 1730 σαρκικὸς,
2377 1628 2580 1709 ἀλλὰ

160 1788 225 1849 ·,,
258 1752 772 1852 πνευματικόςς
832 1756 1088 1834 οὐκοῦν
1118 1756 1193 1833 ἐν
1231 1750 1445 1856 μέρει,
1486 1755 1696 1861 φησὶ,
1735 1752 2057 1853 τεθείσης
2094 1758 2192 1837 εἷς
2226 1751 2311 1832 τὸ
2348 1751 2583 1856 παρὸν

178 1934 224 1973 ,,
261 1879 390 1975 τῆς
455 1875 749 1981 σαρκὸς,
804 1880 985 1984 αὐτῇ
1051 1883 1142 1984 τῇ
1207 1875 1487 1977 θεότητι
1546 1885 1677 1956 τοῦ
1731 1882 1914 1956 Υὶοῦ
1976 1875 2108 1976 τὴν
2163 1885 2292 1957 τοῦ
2355 1875 2585 1980 λόγου

176 2059 223 2098 ,,
259 1999 743 2103 περιθήσομεν
779 2000 1099 2100 δύναμιν,
1129 2006 1246 2082 καὶ
1284 2000 1507 2101 αὐτὴν
1544 2003 1840 2105 ἐροῦμεν
1868 1996 2044 2080 εἶναι
2077 1999 2211 2101 τὴν
2233 1999 2586 2101 ἄμπελον,

178 2185 224 2222 ,,
259 2124 346 2227 ἧς
381 2124 751 2232 ἐξήμμεθα
790 2124 909 2205 διὰ
942 2130 1070 2226 τῆς
1107 2126 1485 2210 πίστεως.”

77 2272 152 2334 15
291 2252 524 2329 Ταυτὶ
566 2246 699 2348 μὲν
735 2248 974 2357 ἐκείνῳ
1018 2254 1630 2355 καταφλυαρῆσαι
1676 2249 2008 2355 παρεστη
2055 2247 2584 2359 παρωθουμένῳ

176 2372 528 2457 ποικίλως
586 2371 771 2452 κατά
829 2406 913 2475 γε
973 2370 1060 2453 τὸ
1118 2373 1315 2481 αὐτῷ
1376 2381 1619 2458 καλῶς
1682 2371 1866 2478 ἔχειν
1922 2379 2197 2473 δοκοῦν,
2252 2370 2387 2473 τὴν
2439 2381 2586 2455 τῶν
2610 2403 2647 2447 0

176 2496 391 2576 θείων
437 2494 820 2601 δογμάτων
866 2496 1246 2600 ὀρθότητα,
1288 2499 1405 2576 καὶ
1459 2495 1604 2577 σὺν
1646 2504 1902 2603 πολλῇ
1959 2500 2352 2606 κακουργίᾳ
2405 2495 2588 2602 πρὸς

180 2619 311 2699 τὸν
365 2623 558 2729 αὐτῷ
610 2622 1051 2724 προτεθέντα
1104 2621 1634 2726 παρατρέποντι
1690 2623 1997 2704 σκοπόν.
2073 2625 2273 2723 ἡμεῖς
2333 2622 2410 2703 δὲ
2463 2626 2592 2721 τῆς

184 2743 526 2843 ἀληθείας
586 2745 935 2851 ἐχόμενοι,
994 2752 1333 2852 πανταχῇ
1396 2744 1902 2845 διακεισόμεθα
1950 2747 2083 2846 μὲν
2138 2748 2273 2851 οὐχ
2331 2746 2586 2841 οὕτως,

84 2902 161 2942 20
186 2876 478 2947 πολλοῦ
524 2902 610 2971 γε
661 2873 778 2950 καὶ
829 2874 954 2969 δεῖ,
989 2869 1123 2971 τὴν
1159 2869 1279 2951 διὰ
1332 2877 1476 2950 τῶν
1512 2871 1742 2972 ἁγίων
1778 2871 1979 2970 ἡμῶν
2014 2871 2344 2972 πατέρων
2379 2876 2585 2974 ἰχνη-

186 3000 574 3076 λατοῦντες
632 2993 965 3093 σύνεσιν,
1016 3001 1166 3079 τοῖς
1218 2999 1350 3095 τῆς
1406 2995 1745 3093 ἀληθείας
1810 2991 2142 3101 ἑψόμεθα
2201 2992 2587 3096 δόγμασιν.

185 3149 385 3199 οπως
417 3150 551 3216 μεν
587 3113 677 3197 ἂν
716 3122 975 3218 νοῆσαι
1018 3117 1380 3222 προσήκοι
1417 3126 1546 3197 τοῦ
1584 3121 2052 3222 προκειμένου
2093 3117 2227 3218 τὴν
2264 3117 2590 3217 δύναμιν,

184 3239 314 3318 οὐκ
389 3235 744 3348 ἀκόμψως
818 3240 957 3342 ἤδη
1032 3240 1635 3346 διερευνήσαιμεν,
1703 3243 1888 3322 κατά
1959 3276 2044 3346 γε
2119 3277 2203 3323 το
2277 3244 2355 3322 ἐν
2427 3241 2598 3341 ἡμῖν

182 3362 508 3471 ἐφικτόν·
589 3365 947 3446 σκεπτέον
1006 3365 1081 3446 δὲ
1143 3365 1373 3447 πάλιν
1442 3400 1641 3451 οπως
1703 3400 1781 3446 τε
1849 3367 2035 3466 ἡμᾶς
2099 3369 2218 3446 καὶ
2278 3367 2442 3446 τίνα
2503 3362 2594 3466 δὴ

82 3512 159 3574 25
182 3485 457 3592 τρόπον
501 3488 1012 3596 ἐξοπλίζεσθαι
1067 3489 1229 3594 χρὴ,
1269 3493 1387 3570 καὶ
1441 3495 1591 3574 τοῖς
1648 3490 1817 3593 παρ’
1856 3491 2137 3570 ἐκείνων
2181 3487 2585 3569 ἀνταποδύ-
2615 3525 2654 3569 a
2705 3509 2830 3570 801
2846 3506 2928 3567 Α.

184 3617 472 3692 σασθαι
527 3608 797 3715 λόγοις.
874 3618 936 3692 εἰ
985 3610 1114 3711 μὲν
1160 3610 1304 3715 γὰρ
1360 3619 1608 3720 σιωπῇ
1664 3612 2230 3719 παρελάσαντες,
2267 3611 2469 3693 οὐδὲν
2503 3610 2597 3713 ἦν

184 3738 506 3817 ἐντεῦθεν
562 3741 733 3817 ἰδεῖν
787 3737 872 3817 τὸ
927 3735 1219 3832 βλάβος
1273 3744 1430 3821 ταῖς
1485 3745 1633 3817 τῶν
1686 3736 2210 3842 ἁπλουστέρων
2261 3735 2599 3822 διανοίαις

188 3860 586 3965 εὶστρέχον,
658 3861 943 3945 εἰκότως
1015 3858 1100 3940 τὸ
1173 3861 1500 3959 ματαίοις
1571 3863 2027 3966 ἐντρίβεσθαι
2102 3857 2355 3964 λόγοις
2423 3861 2593 3963 παρ’

188 3982 392 4062 οὐδὲν
427 3982 871 4085 ἡγησάμενοι
914 3991 1071 4069 ταῖς
1118 3992 1264 4065 τῶν
1300 3984 1565 4093 ἐφεξῆς
1601 3986 1940 4084 κειμένων
1976 3986 2299 4089 θεωρίαις
2334 3988 2591 4085 ἐπενη-

87 4140 166 4197 30
191 4104 495 4210 χόμεθα·
574 4105 812 4207 ἐπειδὴ
880 4106 958 4188 δὲ
1016 4109 1100 4188 οὐ
1162 4108 1422 4213 μικρὰν
1478 4109 1612 4209 τὴν
1668 4110 1924 4214 ζημίαν
1982 4110 2329 4191 ἐποίσειεν
2390 4107 2480 4189 ἂν
2536 4113 2597 4189 εἰ

189 4232 705 4334 παραδεχθεΐεν
768 4230 911 4312 ὑπό
980 4266 1110 4312 του
1174 4231 1268 4312 τὰ
1331 4234 1520 4314 οὕτω
1592 4233 2178 4338 δογματιζόμενα,
2247 4240 2404 4319 πῶς
2467 4234 2599 4313 οὐκ

268 4458 316 4496 1.
351 4441 733 4568 ἀλλόφυλαΕ.
935 4459 1018 4515 13.
1056 4443 1307 4533 αὖτήνΕ.
1331 4444 1614 4501 m'terEd.
2253 4468 2353 4502 νων
2376 4443 2503 4514 (mc)
2531 4443 2599 4501 Ε.

199 4524 282 4583 17.
319 4511 421 4583 ὀρθ
875 4530 963 4586 23.
999 4512 1424 4585 διερευνήσαιμεν
1448 4516 1515 4570 Ε.
1541 4459 1949 4589 διηρευνῆσαμεν
1943 4443 2258 4574 Ἓΐίοθωμί
2317 4516 2404 4571 26.
2437 4534 2603 4585 παρε-

192 4584 460 4640 λάσαντας

1308 4686 1483 4753 322
