<?xml version="1.0" encoding="UTF-8"?>
<!DOCTYPE html PUBLIC "-//W3C//DTD XHTML 1.0 Transitional//EN"
    "http://www.w3.org/TR/xhtml1/DTD/xhtml1-transitional.dtd">
<html xmlns="http://www.w3.org/1999/xhtml" xml:lang="en" lang="en">
 <head>
  <title>
</title>
<meta http-equiv="Content-Type" content="text/html;charset=utf-8" />
  <meta name='ocr-system' content='tesseract 3.04.00' />
  <meta name='ocr-capabilities' content='ocr_page ocr_carea ocr_par ocr_line ocrx_word'/>
</head>
<body>
  <div class='ocr_page' id='page_1' title='image "./sanctipatrisnos03pusegoog_0204.png"; bbox 0 0 3238 5158; ppageno 0'>
   <div class='ocr_carea' id='block_1_1' title="bbox 621 343 3016 429">
    <p class='ocr_par' dir='ltr' id='par_1_1' title="bbox 621 343 3016 429">
     <span class='ocr_line' id='line_1_1' title="bbox 621 343 3016 429; baseline 0.001 -21"><span class='ocrx_word' id='word_1_1' title='bbox 621 347 745 409; x_wconf 84' lang='lat'>192</span> <span class='ocrx_word' id='word_1_2' title='bbox 1225 348 1301 413; x_wconf 92' lang='lat' dir='ltr'>B.</span> <span class='ocrx_word' id='word_1_3' title='bbox 1351 348 1769 413; x_wconf 89' lang='lat' dir='ltr'>CYRILLI</span> <span class='ocrx_word' id='word_1_4' title='bbox 1831 348 2410 414; x_wconf 88' lang='lat' dir='ltr'><strong>ALEXANDR.</strong></span> <span class='ocrx_word' id='word_1_5' title='bbox 2796 343 3016 429; x_wconf 81' lang='lat' dir='ltr'><strong>i1.32·</strong></span> 
     </span>
    </p>
   </div>
   <div class='ocr_carea' id='block_1_2' title="bbox 518 562 2868 652">
    <p class='ocr_par' dir='ltr' id='par_1_2' title="bbox 518 562 2868 652">
     <span class='ocr_line' id='line_1_2' title="bbox 518 562 2868 652; baseline -0.002 -20"><span class='ocrx_word' id='word_1_6' title='bbox 518 575 592 632; x_wconf 80' lang='lat'>3²</span> <span class='ocrx_word' id='word_1_7' title='bbox 760 562 883 628; x_wconf 87' lang='grc' dir='ltr'>Ἐκ</span> <span class='ocrx_word' id='word_1_8' title='bbox 938 568 1049 629; x_wconf 81' lang='grc' dir='ltr'><strong>τοῦ</strong></span> <span class='ocrx_word' id='word_1_9' title='bbox 1099 563 1341 632; x_wconf 71' lang='grc' dir='ltr'>αἰῶνος</span> <span class='ocrx_word' id='word_1_10' title='bbox 1395 566 1514 631; x_wconf 87' lang='grc' dir='ltr'>οὐκ</span> <span class='ocrx_word' id='word_1_11' title='bbox 1567 567 1854 633; x_wconf 64' lang='grc' dir='ltr'>ἠκούσθη</span> <span class='ocrx_word' id='word_1_12' title='bbox 1908 570 2008 633; x_wconf 83' lang='grc' dir='ltr'>ὅτι</span> <span class='ocrx_word' id='word_1_13' title='bbox 2064 568 2281 636; x_wconf 66' lang='grc' dir='ltr'>ἦνοιξὲ</span> <span class='ocrx_word' id='word_1_14' title='bbox 2334 589 2431 632; x_wconf 73' lang='lat' dir='ltr'>‘nc</span> <span class='ocrx_word' id='word_1_15' title='bbox 2483 562 2868 652; x_wconf 68' lang='grc' dir='ltr'>ὀφθαλμοὺς</span> 
     </span>
    </p>
   </div>
   <div class='ocr_carea' id='block_1_3' title="bbox 1421 693 2214 779">
    <p class='ocr_par' dir='ltr' id='par_1_3' title="bbox 1421 693 2214 779">
     <span class='ocr_line' id='line_1_3' title="bbox 1421 693 2214 779; baseline -0.001 -22"><span class='ocrx_word' id='word_1_16' title='bbox 1421 697 1671 779; x_wconf 85' lang='grc' dir='ltr'>τυφλοῦ</span> <span class='ocrx_word' id='word_1_17' title='bbox 1729 693 2214 769; x_wconf 77' lang='grc' dir='ltr'>ΓεΓεννΗμὲνου.</span> 
     </span>
    </p>
   </div>
   <div class='ocr_carea' id='block_1_4' title="bbox 561 842 3088 1567">
    <p class='ocr_par' dir='ltr' id='par_1_4' title="bbox 625 842 3088 1199">
     <span class='ocr_line' id='line_1_4' title="bbox 742 842 3021 948; baseline 0 -27"><span class='ocrx_word' id='word_1_18' title='bbox 742 847 1237 948; x_wconf 78' lang='grc' dir='ltr'>Καταδηχθεῖς</span> <span class='ocrx_word' id='word_1_19' title='bbox 1285 848 1380 930; x_wconf 84' lang='grc' dir='ltr'>ὦς</span> <span class='ocrx_word' id='word_1_20' title='bbox 1427 847 1651 927; x_wconf 77' lang='grc' dir='ltr'>ἔοικεν</span> <span class='ocrx_word' id='word_1_21' title='bbox 1694 847 1777 925; x_wconf 79' lang='grc' dir='ltr'>οὐ</span> <span class='ocrx_word' id='word_1_22' title='bbox 1825 854 2114 947; x_wconf 88' lang='grc' dir='ltr'>μικρῶς,</span> <span class='ocrx_word' id='word_1_23' title='bbox 2151 846 2583 948; x_wconf 84' lang='grc' dir='ltr'>ε’παλγήσας</span> <span class='ocrx_word' id='word_1_24' title='bbox 2637 842 2714 923; x_wconf 78' lang='grc' dir='ltr'>δὲ</span> <span class='ocrx_word' id='word_1_25' title='bbox 2771 843 3021 943; x_wconf 82' lang='grc' dir='ltr'>ὥσπερ</span> 
     </span>
     <span class='ocr_line' id='line_1_5' title="bbox 625 966 3015 1077; baseline 0.003 -33"><span class='ocrx_word' id='word_1_26' title='bbox 625 973 780 1050; x_wconf 85' lang='grc' dir='ltr'>ταῖς</span> <span class='ocrx_word' id='word_1_27' title='bbox 855 969 970 1047; x_wconf 81' lang='grc' dir='ltr'>ἐπὶ</span> <span class='ocrx_word' id='word_1_28' title='bbox 1032 974 1338 1077; x_wconf 77' lang='grc' dir='ltr'>Χριστῷ</span> <span class='ocrx_word' id='word_1_29' title='bbox 1410 970 1797 1072; x_wconf 77' lang='grc' dir='ltr'>λοιδορίαις</span> <span class='ocrx_word' id='word_1_30' title='bbox 1862 975 1981 1049; x_wconf 81' lang='grc' dir='ltr'>καὶ</span> <span class='ocrx_word' id='word_1_31' title='bbox 2043 971 2426 1076; x_wconf 86' lang='grc' dir='ltr'>ἀφορήτως</span> <span class='ocrx_word' id='word_1_32' title='bbox 2491 966 3015 1068; x_wconf 74' lang='grc' dir='ltr'>λελυπημένος,</span> 
     </span>
     <span class='ocr_line' id='line_1_6' title="bbox 628 1090 3088 1199; baseline 0.002 -30"><span class='ocrx_word' id='word_1_33' title='bbox 628 1090 912 1193; x_wconf 82' lang='grc' dir='ltr'>ἐπείπερ</span> <span class='ocrx_word' id='word_1_34' title='bbox 966 1095 1063 1176; x_wconf 83' lang='grc' dir='ltr'>ὡς</span> <span class='ocrx_word' id='word_1_35' title='bbox 1117 1094 1560 1197; x_wconf 79' lang='grc' dir='ltr'>ὀνειδίζοντες</span> <span class='ocrx_word' id='word_1_36' title='bbox 1619 1093 1912 1199; x_wconf 79' lang='grc' dir='ltr'>ἔφασαν</span> <span class='ocrx_word' id='word_1_37' title='bbox 1969 1104 2011 1140; x_wconf 86' lang='lat'>“</span> <span class='ocrx_word' id='word_1_38' title='bbox 2045 1093 2150 1173; x_wconf 76' lang='grc' dir='ltr'>Σὺ</span> <span class='ocrx_word' id='word_1_39' title='bbox 2211 1092 2532 1194; x_wconf 87' lang='grc' dir='ltr'>μαθητὴς</span> <span class='ocrx_word' id='word_1_40' title='bbox 2594 1090 2661 1171; x_wconf 82' lang='grc' dir='ltr'>εἶ</span> <span class='ocrx_word' id='word_1_41' title='bbox 2718 1094 3014 1188; x_wconf 85' lang='grc' dir='ltr'>ἐκείνου,</span> <span class='ocrx_word' id='word_1_42' title='bbox 3050 1113 3088 1173; x_wconf 84' lang='grc'><strong>5</strong></span> 
     </span>
    </p>

    <p class='ocr_par' dir='ltr' id='par_1_5' title="bbox 561 1215 3026 1567">
     <span class='ocr_line' id='line_1_7' title="bbox 561 1215 3025 1317; baseline 0.001 -25"><span class='ocrx_word' id='word_1_43' title='bbox 561 1225 606 1292; x_wconf 90' lang='lat' dir='ltr'>b</span> <span class='ocrx_word' id='word_1_44' title='bbox 633 1223 675 1262; x_wconf 90' lang='lat'>“</span> <span class='ocrx_word' id='word_1_45' title='bbox 710 1215 907 1313; x_wconf 85' lang='grc' dir='ltr'>ἡμεῖς</span> <span class='ocrx_word' id='word_1_46' title='bbox 980 1215 1058 1295; x_wconf 79' lang='grc' dir='ltr'>δὲ</span> <span class='ocrx_word' id='word_1_47' title='bbox 1131 1226 1259 1297; x_wconf 81' lang='grc' dir='ltr'>τοῦ</span> <span class='ocrx_word' id='word_1_48' title='bbox 1336 1222 1715 1301; x_wconf 75' lang='grc' dir='ltr'>Μωυσέως·</span> <span class='ocrx_word' id='word_1_49' title='bbox 1789 1216 2010 1315; x_wconf 75' lang='grc' dir='ltr'>ἐσμὲν</span> <span class='ocrx_word' id='word_1_50' title='bbox 2080 1219 2454 1317; x_wconf 83' lang='grc' dir='ltr'>μαθηταὶ,”</span> <span class='ocrx_word' id='word_1_51' title='bbox 2516 1216 3025 1317; x_wconf 80' lang='grc' dir='ltr'>συναγορεύειν</span> 
     </span>
     <span class='ocr_line' id='line_1_8' title="bbox 629 1339 3024 1450; baseline 0.002 -34"><span class='ocrx_word' id='word_1_52' title='bbox 629 1340 976 1440; x_wconf 83' lang='grc' dir='ltr'>ἐπείγεται</span> <span class='ocrx_word' id='word_1_53' title='bbox 1039 1346 1142 1447; x_wconf 78' lang='grc' dir='ltr'>τῷ</span> <span class='ocrx_word' id='word_1_54' title='bbox 1206 1342 1435 1450; x_wconf 79' lang='grc' dir='ltr'>οἰκείῳ</span> <span class='ocrx_word' id='word_1_55' title='bbox 1501 1348 1894 1446; x_wconf 83' lang='grc' dir='ltr'>καθηγητῇ,</span> <span class='ocrx_word' id='word_1_56' title='bbox 1962 1343 2079 1420; x_wconf 73' lang='grc' dir='ltr'>καὶ</span> <span class='ocrx_word' id='word_1_57' title='bbox 2144 1339 2694 1447; x_wconf 78' lang='grc' dir='ltr'>ἀντιπαρεξάγει</span> <span class='ocrx_word' id='word_1_58' title='bbox 2753 1340 3024 1441; x_wconf 84' lang='grc' dir='ltr'>τρόπον</span> 
     </span>
     <span class='ocr_line' id='line_1_9' title="bbox 628 1460 3026 1567; baseline 0.001 -27"><span class='ocrx_word' id='word_1_59' title='bbox 628 1460 788 1541; x_wconf 81' lang='grc' dir='ltr'>τινὰ</span> <span class='ocrx_word' id='word_1_60' title='bbox 861 1471 1008 1548; x_wconf 85' lang='grc' dir='ltr'>τοῖς</span> <span class='ocrx_word' id='word_1_61' title='bbox 1076 1465 1196 1544; x_wconf 80' lang='grc' dir='ltr'>διὰ</span> <span class='ocrx_word' id='word_1_62' title='bbox 1271 1467 1651 1549; x_wconf 78' lang='grc' dir='ltr'>Μωυσέως</span> <span class='ocrx_word' id='word_1_63' title='bbox 1724 1463 2254 1562; x_wconf 76' lang='grc' dir='ltr'>τετελεσμένοις</span> <span class='ocrx_word' id='word_1_64' title='bbox 2334 1464 2426 1543; x_wconf 83' lang='grc' dir='ltr'>τὰ</span> <span class='ocrx_word' id='word_1_65' title='bbox 2509 1462 2813 1567; x_wconf 81' lang='grc' dir='ltr'>λαμπρὰ</span> <span class='ocrx_word' id='word_1_66' title='bbox 2894 1471 3026 1542; x_wconf 82' lang='grc' dir='ltr'>τοῦ</span> 
     </span>
    </p>
   </div>
   <div class='ocr_carea' id='block_1_5' title="bbox 292 1081 507 1197">
    <p class='ocr_par' dir='ltr' id='par_1_6' title="bbox 292 1081 507 1197">
     <span class='ocr_line' id='line_1_10' title="bbox 292 1081 458 1145; baseline -0.012 -14"><span class='ocrx_word' id='word_1_67' title='bbox 292 1081 458 1145; x_wconf 68' lang='lat' dir='ltr'><strong>Supra</strong></span> 
     </span>
     <span class='ocr_line' id='line_1_11' title="bbox 292 1146 507 1197; baseline 0.005 -1"><span class='ocrx_word' id='word_1_68' title='bbox 292 1162 398 1196; x_wconf 60' lang='lat' dir='ltr'>ver.</span> <span class='ocrx_word' id='word_1_69' title='bbox 429 1146 507 1197; x_wconf 81' lang='lat'>28.</span> 
     </span>
    </p>
   </div>
   <div class='ocr_carea' id='block_1_6' title="bbox 297 1587 3145 4048">
    <p class='ocr_par' dir='ltr' id='par_1_7' title="bbox 297 1587 3145 4048">
     <span class='ocr_line' id='line_1_12' title="bbox 632 1587 3020 1696; baseline 0 -32"><span class='ocrx_word' id='word_1_70' title='bbox 632 1590 965 1691; x_wconf 82' lang='grc' dir='ltr'>Σωτῆρος</span> <span class='ocrx_word' id='word_1_71' title='bbox 1019 1588 1222 1687; x_wconf 83' lang='grc' dir='ltr'>ἡμῶν</span> <span class='ocrx_word' id='word_1_72' title='bbox 1278 1591 1822 1693; x_wconf 77' lang='grc' dir='ltr'>κατορθώματα,</span> <span class='ocrx_word' id='word_1_73' title='bbox 1878 1587 2035 1696; x_wconf 76' lang='grc' dir='ltr'>ὅσῳ</span> <span class='ocrx_word' id='word_1_74' title='bbox 2089 1590 2341 1693; x_wconf 75' lang='grc' dir='ltr'>μείζων</span> <span class='ocrx_word' id='word_1_75' title='bbox 2396 1591 2597 1668; x_wconf 80' lang='grc' dir='ltr'>ἐστὶν</span> <span class='ocrx_word' id='word_1_76' title='bbox 2652 1593 2747 1671; x_wconf 81' lang='grc' dir='ltr'>εἷς</span> <span class='ocrx_word' id='word_1_77' title='bbox 2801 1622 3020 1685; x_wconf 89' lang='grc' dir='ltr'>τερα-</span> 
     </span>
     <span class='ocr_line' id='line_1_13' title="bbox 629 1709 3135 1820; baseline 0.001 -32"><span class='ocrx_word' id='word_1_78' title='bbox 629 1712 990 1812; x_wconf 88' lang='grc' dir='ltr'>τουργίαν,</span> <span class='ocrx_word' id='word_1_79' title='bbox 1028 1713 1357 1820; x_wconf 74' lang='grc' dir='ltr'>τοσούτω</span> <span class='ocrx_word' id='word_1_80' title='bbox 1395 1712 1662 1796; x_wconf 76' lang='grc' dir='ltr'>δεικνὺς</span> <span class='ocrx_word' id='word_1_81' title='bbox 1699 1716 1774 1791; x_wconf 83' lang='grc' dir='ltr'>ἐν</span> <span class='ocrx_word' id='word_1_82' title='bbox 1809 1715 2201 1812; x_wconf 83' lang='grc' dir='ltr'>ἀμείνοσιν.</span> <span class='ocrx_word' id='word_1_83' title='bbox 2285 1711 2329 1812; x_wconf 81' lang='grc' dir='ltr'>ἢ</span> <span class='ocrx_word' id='word_1_84' title='bbox 2379 1711 2523 1815; x_wconf 82' lang='grc' dir='ltr'>γὰρ</span> <span class='ocrx_word' id='word_1_85' title='bbox 2574 1712 2702 1791; x_wconf 86' lang='grc' dir='ltr'>οὐκ</span> <span class='ocrx_word' id='word_1_86' title='bbox 2745 1709 3024 1812; x_wconf 82' lang='grc' dir='ltr'>ἀνάγκη</span> <span class='ocrx_word' id='word_1_87' title='bbox 3060 1738 3135 1780; x_wconf 89' lang='lat'>10</span> 
     </span>
     <span class='ocr_line' id='line_1_14' title="bbox 631 1831 3028 1938; baseline 0.002 -29"><span class='ocrx_word' id='word_1_88' title='bbox 631 1831 758 1910; x_wconf 82' lang='grc' dir='ltr'>τὸν</span> <span class='ocrx_word' id='word_1_89' title='bbox 795 1841 921 1912; x_wconf 86' lang='grc' dir='ltr'>τοῦ</span> <span class='ocrx_word' id='word_1_90' title='bbox 958 1834 1269 1938; x_wconf 71' lang='grc' dir='ltr'>μείζονος</span> <span class='ocrx_word' id='word_1_91' title='bbox 1307 1834 1807 1935; x_wconf 89' lang='grc' dir='ltr'>ἀποτελεστὴν</span> <span class='ocrx_word' id='word_1_92' title='bbox 1843 1832 2018 1915; x_wconf 81' lang='grc' dir='ltr'>εἶναι</span> <span class='ocrx_word' id='word_1_93' title='bbox 2056 1836 2145 1936; x_wconf 83' lang='grc' dir='ltr'>δὴ</span> <span class='ocrx_word' id='word_1_94' title='bbox 2180 1835 2465 1920; x_wconf 79' lang='grc' dir='ltr'>πάντως</span> <span class='ocrx_word' id='word_1_95' title='bbox 2504 1839 2622 1915; x_wconf 84' lang='grc' dir='ltr'>καὶ</span> <span class='ocrx_word' id='word_1_96' title='bbox 2667 1833 2848 1914; x_wconf 81' lang='grc' dir='ltr'>κατὰ</span> <span class='ocrx_word' id='word_1_97' title='bbox 2889 1833 3028 1932; x_wconf 85' lang='grc' dir='ltr'>τὴν</span> 
     </span>
     <span class='ocr_line' id='line_1_15' title="bbox 632 1954 3029 2065; baseline 0.003 -31"><span class='ocrx_word' id='word_1_98' title='bbox 632 1954 857 2061; x_wconf 77' lang='grc' dir='ltr'>δόξαν</span> <span class='ocrx_word' id='word_1_99' title='bbox 911 1959 1323 2065; x_wconf 85' lang='grc' dir='ltr'>ὑπερφερῆ;</span> <span class='ocrx_word' id='word_1_100' title='bbox 1383 1961 1553 2039; x_wconf 86' lang='grc' dir='ltr'>ἀλλ’</span> <span class='ocrx_word' id='word_1_101' title='bbox 1595 1959 1799 2039; x_wconf 81' lang='grc' dir='ltr'>ἔστιν</span> <span class='ocrx_word' id='word_1_102' title='bbox 1849 1961 1979 2040; x_wconf 80' lang='grc' dir='ltr'>οὐκ</span> <span class='ocrx_word' id='word_1_103' title='bbox 2034 1960 2477 2065; x_wconf 81' lang='grc' dir='ltr'>ἀμφίβολον.</span> <span class='ocrx_word' id='word_1_104' title='bbox 2558 1961 2739 2056; x_wconf 84' lang='grc' dir='ltr'>ὁμοῦ</span> <span class='ocrx_word' id='word_1_105' title='bbox 2795 1957 2870 2037; x_wconf 76' lang='grc' dir='ltr'>δὲ</span> <span class='ocrx_word' id='word_1_106' title='bbox 2928 1962 3029 2042; x_wconf 83' lang='grc' dir='ltr'>ὡς</span> 
     </span>
     <span class='ocr_line' id='line_1_16' title="bbox 574 2078 3030 2190; baseline 0 -28"><span class='ocrx_word' id='word_1_107' title='bbox 574 2117 610 2162; x_wconf 88' lang='grc' dir='ltr'>ο</span> <span class='ocrx_word' id='word_1_108' title='bbox 633 2078 811 2162; x_wconf 79' lang='grc' dir='ltr'>εἰκὸς</span> <span class='ocrx_word' id='word_1_109' title='bbox 853 2085 1067 2180; x_wconf 84' lang='grc' dir='ltr'>δηλοῖ</span> <span class='ocrx_word' id='word_1_110' title='bbox 1095 2117 1166 2162; x_wconf 84' lang='grc' dir='ltr'>τι</span> <span class='ocrx_word' id='word_1_111' title='bbox 1200 2092 1541 2181; x_wconf 87' lang='grc' dir='ltr'>τοιοῦτον,</span> <span class='ocrx_word' id='word_1_112' title='bbox 1572 2084 2047 2189; x_wconf 81' lang='grc' dir='ltr'>ἀρχαιοτάτης</span> <span class='ocrx_word' id='word_1_113' title='bbox 2083 2081 2213 2181; x_wconf 77' lang='grc' dir='ltr'>μὲν</span> <span class='ocrx_word' id='word_1_114' title='bbox 2246 2083 2706 2190; x_wconf 74' lang='grc' dir='ltr'>προᾳδούσης</span> <span class='ocrx_word' id='word_1_115' title='bbox 2737 2088 3030 2187; x_wconf 88' lang='grc' dir='ltr'>προφη-</span> 
     </span>
     <span class='ocr_line' id='line_1_17' title="bbox 297 2202 3028 2332; baseline 0 -49"><span class='ocrx_word' id='word_1_116' title='bbox 297 2204 541 2332; x_wconf 50' lang='lat' dir='ltr'>{aaa</span> <span class='ocrx_word' id='word_1_117' title='bbox 632 2203 846 2300; x_wconf 87' lang='grc' dir='ltr'>τείας,</span> <span class='ocrx_word' id='word_1_118' title='bbox 888 2205 1197 2309; x_wconf 83' lang='grc' dir='ltr'>ἐχούσης</span> <span class='ocrx_word' id='word_1_119' title='bbox 1234 2205 1307 2287; x_wconf 81' lang='grc' dir='ltr'>δὲ</span> <span class='ocrx_word' id='word_1_120' title='bbox 1343 2204 1478 2287; x_wconf 78' lang='grc' dir='ltr'>ὦδε</span> <span class='ocrx_word' id='word_1_121' title='bbox 1513 2211 1674 2308; x_wconf 73' lang='grc' dir='ltr'>περὶ</span> <span class='ocrx_word' id='word_1_122' title='bbox 1717 2213 1845 2308; x_wconf 85' lang='grc' dir='ltr'>τῆς</span> <span class='ocrx_word' id='word_1_123' title='bbox 1883 2213 2214 2308; x_wconf 85' lang='grc' dir='ltr'>Χριστοῦ</span> <span class='ocrx_word' id='word_1_124' title='bbox 2249 2209 2649 2309; x_wconf 87' lang='grc' dir='ltr'>παρουσίας</span> <span class='ocrx_word' id='word_1_125' title='bbox 2684 2217 2729 2254; x_wconf 87' lang='grc'><strong>“</strong></span> <span class='ocrx_word' id='word_1_126' title='bbox 2760 2202 3028 2301; x_wconf 86' lang='grc' dir='ltr'>Τότε,”</span> 
     </span>
     <span class='ocr_line' id='line_1_18' title="bbox 635 2330 3136 2440; baseline 0.003 -35"><span class='ocrx_word' id='word_1_127' title='bbox 635 2330 887 2431; x_wconf 77' lang='grc' dir='ltr'>φησὶν,</span> <span class='ocrx_word' id='word_1_128' title='bbox 927 2339 970 2376; x_wconf 84' lang='grc'><strong>“</strong></span> <span class='ocrx_word' id='word_1_129' title='bbox 995 2332 1552 2435; x_wconf 85' lang='grc' dir='ltr'>ἀνοιχθήσονται</span> <span class='ocrx_word' id='word_1_130' title='bbox 1607 2335 1979 2440; x_wconf 84' lang='grc' dir='ltr'>ὀφθαλμοὶ</span> <span class='ocrx_word' id='word_1_131' title='bbox 2033 2331 2397 2436; x_wconf 85' lang='grc' dir='ltr'>τυφλῶν,”</span> <span class='ocrx_word' id='word_1_132' title='bbox 2448 2332 2668 2415; x_wconf 75' lang='grc' dir='ltr'>οὐδεὶς</span> <span class='ocrx_word' id='word_1_133' title='bbox 2723 2331 2855 2429; x_wconf 76' lang='grc' dir='ltr'>μέν</span> <span class='ocrx_word' id='word_1_134' title='bbox 2907 2364 3028 2409; x_wconf 91' lang='grc' dir='ltr'>πω</span> <span class='ocrx_word' id='word_1_135' title='bbox 3062 2351 3136 2412; x_wconf 86' lang='lat'>15</span> 
     </span>
     <span class='ocr_line' id='line_1_19' title="bbox 633 2448 3031 2558; baseline 0 -27"><span class='ocrx_word' id='word_1_136' title='bbox 633 2448 985 2555; x_wconf 90' lang='grc' dir='ltr'>πρότερον</span> <span class='ocrx_word' id='word_1_137' title='bbox 1036 2454 1354 2536; x_wconf 85' lang='grc' dir='ltr'>τοιοῦτόν</span> <span class='ocrx_word' id='word_1_138' title='bbox 1410 2489 1479 2534; x_wconf 91' lang='grc' dir='ltr'>τι</span> <span class='ocrx_word' id='word_1_139' title='bbox 1535 2456 1889 2557; x_wconf 81' lang='grc' dir='ltr'>δεδρακὼς</span> <span class='ocrx_word' id='word_1_140' title='bbox 1943 2451 2389 2554; x_wconf 79' lang='grc' dir='ltr'>ἐθαυμάσθη,</span> <span class='ocrx_word' id='word_1_141' title='bbox 2429 2453 2897 2558; x_wconf 85' lang='grc' dir='ltr'>πεπλήρωται</span> <span class='ocrx_word' id='word_1_142' title='bbox 2952 2452 3031 2532; x_wconf 84' lang='grc' dir='ltr'>δὲ</span> 
     </span>
     <span class='ocr_line' id='line_1_20' title="bbox 637 2573 3024 2684; baseline 0 -29"><span class='ocrx_word' id='word_1_143' title='bbox 637 2573 755 2655; x_wconf 79' lang='grc' dir='ltr'>διὰ</span> <span class='ocrx_word' id='word_1_144' title='bbox 790 2576 1044 2657; x_wconf 82' lang='grc' dir='ltr'>τούτου</span> <span class='ocrx_word' id='word_1_145' title='bbox 1078 2584 1193 2658; x_wconf 84' lang='grc' dir='ltr'>καὶ</span> <span class='ocrx_word' id='word_1_146' title='bbox 1243 2578 1464 2677; x_wconf 88' lang='grc' dir='ltr'>μόνου</span> <span class='ocrx_word' id='word_1_147' title='bbox 1515 2577 1598 2660; x_wconf 72' lang='grc' dir='ltr'>ὃν</span> <span class='ocrx_word' id='word_1_148' title='bbox 1638 2583 1830 2680; x_wconf 85' lang='grc' dir='ltr'>ὑμεῖς</span> <span class='ocrx_word' id='word_1_149' title='bbox 1883 2579 2011 2660; x_wconf 84' lang='grc' dir='ltr'>οὐκ</span> <span class='ocrx_word' id='word_1_150' title='bbox 2062 2575 2200 2658; x_wconf 79' lang='grc' dir='ltr'>οἶδ’</span> <span class='ocrx_word' id='word_1_151' title='bbox 2242 2577 2457 2675; x_wconf 79' lang='grc' dir='ltr'>ὅπως,</span> <span class='ocrx_word' id='word_1_152' title='bbox 2497 2582 2750 2684; x_wconf 78' lang='grc' dir='ltr'>φησὶν,</span> <span class='ocrx_word' id='word_1_153' title='bbox 2788 2579 3024 2679; x_wconf 84' lang='grc' dir='ltr'>ἁμαρ·</span> 
     </span>
     <span class='ocr_line' id='line_1_21' title="bbox 636 2698 3036 2807; baseline -0.001 -28"><span class='ocrx_word' id='word_1_154' title='bbox 636 2698 877 2780; x_wconf 83' lang='grc' dir='ltr'>τωλὸν</span> <span class='ocrx_word' id='word_1_155' title='bbox 912 2703 1305 2784; x_wconf 87' lang='grc' dir='ltr'>ἀποκαλεῖν</span> <span class='ocrx_word' id='word_1_156' title='bbox 1343 2705 1427 2783; x_wconf 82' lang='grc' dir='ltr'>οὐ</span> <span class='ocrx_word' id='word_1_157' title='bbox 1464 2702 2061 2807; x_wconf 85' lang='grc' dir='ltr'>κατεναρκήσατε.</span> <span class='ocrx_word' id='word_1_158' title='bbox 2121 2701 2348 2782; x_wconf 90' lang='grc' dir='ltr'>καίτοι</span> <span class='ocrx_word' id='word_1_159' title='bbox 2384 2702 2615 2785; x_wconf 77' lang='grc' dir='ltr'>πολὺς</span> <span class='ocrx_word' id='word_1_160' title='bbox 2649 2700 2780 2800; x_wconf 77' lang='grc' dir='ltr'>μὲν</span> <span class='ocrx_word' id='word_1_161' title='bbox 2807 2703 3036 2801; x_wconf 83' lang='grc' dir='ltr'>ἁγίων</span> 
     </span>
     <span class='ocr_line' id='line_1_22' title="bbox 636 2824 3034 2933; baseline -0 -28"><span class='ocrx_word' id='word_1_162' title='bbox 636 2833 1035 2931; x_wconf 83' lang='grc' dir='ltr'>προφητῶν</span> <span class='ocrx_word' id='word_1_163' title='bbox 1069 2829 1438 2932; x_wconf 87' lang='grc' dir='ltr'>ἀνεδείχθη</span> <span class='ocrx_word' id='word_1_164' title='bbox 1474 2827 1715 2933; x_wconf 82' lang='grc' dir='ltr'>χορὸς,</span> <span class='ocrx_word' id='word_1_165' title='bbox 1757 2829 1885 2906; x_wconf 83' lang='grc' dir='ltr'>οὐκ</span> <span class='ocrx_word' id='word_1_166' title='bbox 1931 2827 2385 2929; x_wconf 81' lang='grc' dir='ltr'>εὐαρίθμητοι</span> <span class='ocrx_word' id='word_1_167' title='bbox 2433 2824 2508 2904; x_wconf 82' lang='grc' dir='ltr'>δὲ</span> <span class='ocrx_word' id='word_1_168' title='bbox 2555 2826 2843 2905; x_wconf 87' lang='grc' dir='ltr'>δικαίων</span> <span class='ocrx_word' id='word_1_169' title='bbox 2875 2826 3034 2923; x_wconf 77' lang='grc' dir='ltr'>ἐμοὶ</span> 
     </span>
     <span class='ocr_line' id='line_1_23' title="bbox 640 2948 3142 3058; baseline -0.001 -30"><span class='ocrx_word' id='word_1_170' title='bbox 640 2948 756 3028; x_wconf 80' lang='grc' dir='ltr'>διὰ</span> <span class='ocrx_word' id='word_1_171' title='bbox 806 2957 949 3029; x_wconf 81' lang='grc' dir='ltr'>τῶν</span> <span class='ocrx_word' id='word_1_172' title='bbox 987 2956 1192 3053; x_wconf 82' lang='grc' dir='ltr'>ἱερῶν</span> <span class='ocrx_word' id='word_1_173' title='bbox 1229 2952 1567 3058; x_wconf 79' lang='grc' dir='ltr'>φέρονται</span> <span class='ocrx_word' id='word_1_174' title='bbox 1618 2950 2082 3054; x_wconf 82' lang='grc' dir='ltr'>γραμμάτων,</span> <span class='ocrx_word' id='word_1_175' title='bbox 2119 2952 2291 3029; x_wconf 86' lang='grc' dir='ltr'>ἀλλ’</span> <span class='ocrx_word' id='word_1_176' title='bbox 2330 2955 2458 3030; x_wconf 80' lang='grc' dir='ltr'>Ἐκ</span> <span class='ocrx_word' id='word_1_177' title='bbox 2496 2952 2607 3031; x_wconf 72' lang='grc' dir='ltr'>τοῦ</span> <span class='ocrx_word' id='word_1_178' title='bbox 2644 2948 2868 3033; x_wconf 74' lang='grc' dir='ltr'>αἰῶνος</span> <span class='ocrx_word' id='word_1_179' title='bbox 2914 2952 3032 3026; x_wconf 79' lang='grc' dir='ltr'>οὐκ</span> <span class='ocrx_word' id='word_1_180' title='bbox 3065 2984 3142 3025; x_wconf 85' lang='lat'>20</span> 
     </span>
     <span class='ocr_line' id='line_1_24' title="bbox 572 3072 3039 3181; baseline -0.001 -28"><span class='ocrx_word' id='word_1_181' title='bbox 572 3093 616 3158; x_wconf 85' lang='lat' dir='ltr'>d</span> <span class='ocrx_word' id='word_1_182' title='bbox 642 3072 913 3169; x_wconf 72' lang='grc' dir='ltr'>ἠκούσθη</span> <span class='ocrx_word' id='word_1_183' title='bbox 970 3074 1064 3154; x_wconf 69' lang='grc' dir='ltr'>ότι</span> <span class='ocrx_word' id='word_1_184' title='bbox 1124 3073 1331 3181; x_wconf 65' lang='grc' dir='ltr'>ἤνοιξέ</span> <span class='ocrx_word' id='word_1_185' title='bbox 1375 3113 1477 3161; x_wconf 81' lang='grc' dir='ltr'>τις</span> <span class='ocrx_word' id='word_1_186' title='bbox 1537 3072 1936 3181; x_wconf 64' lang='grc' dir='ltr'>ὄφθαλμοὶς</span> <span class='ocrx_word' id='word_1_187' title='bbox 2001 3077 2260 3179; x_wconf 65' lang='grc' dir='ltr'>τυφλοῦ</span> <span class='ocrx_word' id='word_1_188' title='bbox 2320 3073 2801 3178; x_wconf 73' lang='grc' dir='ltr'>γεγεννημένου.</span> <span class='ocrx_word' id='word_1_189' title='bbox 2899 3072 3039 3175; x_wconf 80' lang='grc' dir='ltr'>οὐχ</span> 
     </span>
     <span class='ocr_line' id='line_1_25' title="bbox 638 3195 3037 3301; baseline -0.002 -23"><span class='ocrx_word' id='word_1_190' title='bbox 638 3198 842 3281; x_wconf 81' lang='grc' dir='ltr'>οὗτος</span> <span class='ocrx_word' id='word_1_191' title='bbox 879 3200 1004 3278; x_wconf 77' lang='grc' dir='ltr'>οὖν</span> <span class='ocrx_word' id='word_1_192' title='bbox 1040 3195 1181 3299; x_wconf 76' lang='grc' dir='ltr'>ἆρά</span> <span class='ocrx_word' id='word_1_193' title='bbox 1217 3202 1417 3280; x_wconf 88' lang='grc' dir='ltr'>ε’στιν</span> <span class='ocrx_word' id='word_1_194' title='bbox 1452 3200 1492 3278; x_wconf 85' lang='grc' dir='ltr'><strong>ὁ</strong></span> <span class='ocrx_word' id='word_1_195' title='bbox 1532 3199 1856 3301; x_wconf 82' lang='grc' dir='ltr'>Χριστὸς</span> <span class='ocrx_word' id='word_1_196' title='bbox 1910 3200 1950 3277; x_wconf 82' lang='grc' dir='ltr'>ὁ</span> <span class='ocrx_word' id='word_1_197' title='bbox 1998 3200 2219 3301; x_wconf 80' lang='grc' dir='ltr'>πέρας</span> <span class='ocrx_word' id='word_1_198' title='bbox 2269 3196 2664 3298; x_wconf 81' lang='grc' dir='ltr'>ἐπενεγκὼν</span> <span class='ocrx_word' id='word_1_199' title='bbox 2699 3202 2846 3279; x_wconf 87' lang='grc' dir='ltr'>τοῖς</span> <span class='ocrx_word' id='word_1_200' title='bbox 2889 3202 3037 3274; x_wconf 88' lang='grc' dir='ltr'>τῶν</span> 
     </span>
     <span class='ocr_line' id='line_1_26' title="bbox 636 3318 3036 3428; baseline -0.003 -25"><span class='ocrx_word' id='word_1_201' title='bbox 636 3330 1035 3428; x_wconf 76' lang='grc' dir='ltr'>προφητῶν</span> <span class='ocrx_word' id='word_1_202' title='bbox 1075 3323 1511 3422; x_wconf 82' lang='grc' dir='ltr'>μηνύμασιν,</span> <span class='ocrx_word' id='word_1_203' title='bbox 1555 3325 1595 3402; x_wconf 79' lang='grc' dir='ltr'><em>ὃ</em></span> <span class='ocrx_word' id='word_1_204' title='bbox 1651 3318 1834 3425; x_wconf 78' lang='grc' dir='ltr'>πρὸς</span> <span class='ocrx_word' id='word_1_205' title='bbox 1876 3319 2102 3405; x_wconf 79' lang='grc' dir='ltr'>τέλος</span> <span class='ocrx_word' id='word_1_206' title='bbox 2158 3321 2609 3426; x_wconf 81' lang='grc' dir='ltr'>διεξαγαγὼν</span> <span class='ocrx_word' id='word_1_207' title='bbox 2656 3319 2750 3400; x_wconf 83' lang='grc' dir='ltr'>τὰ</span> <span class='ocrx_word' id='word_1_208' title='bbox 2802 3319 3036 3399; x_wconf 78' lang='grc' dir='ltr'>πάλαι</span> 
     </span>
     <span class='ocr_line' id='line_1_27' title="bbox 638 3443 3038 3550; baseline 0.001 -26"><span class='ocrx_word' id='word_1_209' title='bbox 638 3445 1176 3547; x_wconf 81' lang='grc' dir='ltr'>διηγγελμένα;</span> <span class='ocrx_word' id='word_1_210' title='bbox 1250 3452 1309 3525; x_wconf 80' lang='grc' dir='ltr'>εἶ</span> <span class='ocrx_word' id='word_1_211' title='bbox 1363 3446 1507 3550; x_wconf 80' lang='grc' dir='ltr'>γὰρ</span> <span class='ocrx_word' id='word_1_212' title='bbox 1565 3446 1791 3529; x_wconf 78' lang='grc' dir='ltr'>οὐδείς</span> <span class='ocrx_word' id='word_1_213' title='bbox 1845 3480 1951 3530; x_wconf 84' lang='grc' dir='ltr'>τις</span> <span class='ocrx_word' id='word_1_214' title='bbox 2005 3446 2174 3548; x_wconf 89' lang='grc' dir='ltr'>παρ’</span> <span class='ocrx_word' id='word_1_215' title='bbox 2224 3443 2441 3524; x_wconf 79' lang='grc' dir='ltr'>αὐτὸν</span> <span class='ocrx_word' id='word_1_216' title='bbox 2482 3446 2747 3547; x_wconf 88' lang='grc' dir='ltr'>ἀνοίγει</span> <span class='ocrx_word' id='word_1_217' title='bbox 2801 3444 3038 3546; x_wconf 83' lang='grc' dir='ltr'>ἕτερος</span> 
     </span>
     <span class='ocr_line' id='line_1_28' title="bbox 637 3566 3145 3677; baseline -0.002 -26"><span class='ocrx_word' id='word_1_218' title='bbox 637 3575 942 3677; x_wconf 80' lang='grc' dir='ltr'>τυφλῶν</span> <span class='ocrx_word' id='word_1_219' title='bbox 991 3569 1438 3674; x_wconf 79' lang='grc' dir='ltr'>ὀφθαλμοὺς,</span> <span class='ocrx_word' id='word_1_220' title='bbox 1477 3572 1554 3649; x_wconf 91' lang='grc' dir='ltr'>τί</span> <span class='ocrx_word' id='word_1_221' title='bbox 1598 3566 1859 3650; x_wconf 74' lang='grc' dir='ltr'>λοιπὸν</span> <span class='ocrx_word' id='word_1_222' title='bbox 1907 3568 2421 3669; x_wconf 87' lang='grc' dir='ltr'>ἀντιστατήσει</span> <span class='ocrx_word' id='word_1_223' title='bbox 2468 3574 2560 3674; x_wconf 82' lang='grc' dir='ltr'>τῇ</span> <span class='ocrx_word' id='word_1_224' title='bbox 2608 3570 2903 3662; x_wconf 76' lang='grc' dir='ltr'>πίστεις</span> <span class='ocrx_word' id='word_1_225' title='bbox 2967 3569 3047 3646; x_wconf 90' lang='grc' dir='ltr'>τί</span> <span class='ocrx_word' id='word_1_226' title='bbox 3069 3594 3145 3653; x_wconf 83' lang='lat'>25</span> 
     </span>
     <span class='ocr_line' id='line_1_29' title="bbox 640 3689 3040 3800; baseline 0 -28"><span class='ocrx_word' id='word_1_227' title='bbox 640 3692 716 3772; x_wconf 82' lang='grc' dir='ltr'>δὲ</span> <span class='ocrx_word' id='word_1_228' title='bbox 769 3692 1157 3798; x_wconf 78' lang='grc' dir='ltr'>ἀνατρέψει</span> <span class='ocrx_word' id='word_1_229' title='bbox 1210 3691 1344 3792; x_wconf 84' lang='grc' dir='ltr'>τὴν</span> <span class='ocrx_word' id='word_1_230' title='bbox 1384 3694 1491 3772; x_wconf 84' lang='grc' dir='ltr'>ἐπ’</span> <span class='ocrx_word' id='word_1_231' title='bbox 1542 3694 1736 3800; x_wconf 75' lang='grc' dir='ltr'>αὐτῷ</span> <span class='ocrx_word' id='word_1_232' title='bbox 1791 3692 2254 3786; x_wconf 84' lang='grc' dir='ltr'>συναίνεσιν;</span> <span class='ocrx_word' id='word_1_233' title='bbox 2315 3691 2358 3793; x_wconf 76' lang='grc' dir='ltr'>ἢ</span> <span class='ocrx_word' id='word_1_234' title='bbox 2415 3699 2573 3776; x_wconf 89' lang='grc' dir='ltr'>πῶς</span> <span class='ocrx_word' id='word_1_235' title='bbox 2627 3694 2711 3772; x_wconf 85' lang='grc' dir='ltr'>οὐ</span> <span class='ocrx_word' id='word_1_236' title='bbox 2766 3689 3040 3773; x_wconf 80' lang='grc' dir='ltr'>παντὸς</span> 
     </span>
     <span class='ocr_line' id='line_1_30' title="bbox 638 3813 3030 3918; baseline -0 -24"><span class='ocrx_word' id='word_1_237' title='bbox 638 3815 1068 3914; x_wconf 82' lang='grc' dir='ltr'>ἐνδοιασμοῦ</span> <span class='ocrx_word' id='word_1_238' title='bbox 1122 3814 1507 3918; x_wconf 84' lang='grc' dir='ltr'>γεγονότος</span> <span class='ocrx_word' id='word_1_239' title='bbox 1528 3815 1898 3914; x_wconf 48' lang='grc' dir='ltr'>’ΐκποδὼω</span> <span class='ocrx_word' id='word_1_240' title='bbox 1952 3815 2067 3896; x_wconf 80' lang='grc' dir='ltr'>διὰ</span> <span class='ocrx_word' id='word_1_241' title='bbox 2122 3815 2492 3916; x_wconf 83' lang='grc' dir='ltr'>λειοτάτης</span> <span class='ocrx_word' id='word_1_242' title='bbox 2549 3813 2799 3917; x_wconf 75' lang='grc' dir='ltr'>ὥσπερ</span> <span class='ocrx_word' id='word_1_243' title='bbox 2856 3817 3030 3916; x_wconf 84' lang='grc' dir='ltr'>δρα-</span> 
     </span>
     <span class='ocr_line' id='line_1_31' title="bbox 637 3937 2764 4048; baseline -0.001 -29"><span class='ocrx_word' id='word_1_244' title='bbox 637 3945 871 4039; x_wconf 86' lang='grc' dir='ltr'>μεῖται</span> <span class='ocrx_word' id='word_1_245' title='bbox 904 3943 1031 4039; x_wconf 83' lang='grc' dir='ltr'>τῆς</span> <span class='ocrx_word' id='word_1_246' title='bbox 1068 3941 1236 4019; x_wconf 84' lang='grc' dir='ltr'>ὀδοῦ</span> <span class='ocrx_word' id='word_1_247' title='bbox 1271 3944 1400 4040; x_wconf 84' lang='grc' dir='ltr'>τῆς</span> <span class='ocrx_word' id='word_1_248' title='bbox 1435 3942 1543 4020; x_wconf 84' lang='grc' dir='ltr'>ἐπ’</span> <span class='ocrx_word' id='word_1_249' title='bbox 1585 3942 1779 4048; x_wconf 75' lang='grc' dir='ltr'>αὐτῷ</span> <span class='ocrx_word' id='word_1_250' title='bbox 1817 3940 2156 4042; x_wconf 81' lang='grc' dir='ltr'>γνώσεως</span> <span class='ocrx_word' id='word_1_251' title='bbox 2193 3937 2279 4019; x_wconf 80' lang='grc' dir='ltr'>τὸ</span> <span class='ocrx_word' id='word_1_252' title='bbox 2316 3937 2764 4040; x_wconf 88' lang='grc' dir='ltr'>μυστήριον;</span> 
     </span>
    </p>
   </div>
   <div class='ocr_carea' id='block_1_7' title="bbox 643 4212 3042 4361">
    <p class='ocr_par' dir='ltr' id='par_1_8' title="bbox 643 4212 3042 4361">
     <span class='ocr_line' id='line_1_32' title="bbox 711 4212 3042 4290; baseline 0.001 -20"><span class='ocrx_word' id='word_1_253' title='bbox 711 4229 765 4283; x_wconf 85' lang='lat'>5.</span> <span class='ocrx_word' id='word_1_254' title='bbox 801 4212 855 4271; x_wconf 80' lang='grc' dir='ltr'>εἷ</span> <span class='ocrx_word' id='word_1_255' title='bbox 870 4217 1099 4286; x_wconf 77' lang='grc' dir='ltr'>μαθητὴς</span> <span class='ocrx_word' id='word_1_256' title='bbox 1121 4218 1333 4272; x_wconf 81' lang='lat' dir='ltr'>inverso</span> <span class='ocrx_word' id='word_1_257' title='bbox 1358 4217 1546 4273; x_wconf 80' lang='lat' dir='ltr'>ordine</span> <span class='ocrx_word' id='word_1_258' title='bbox 1570 4236 1617 4272; x_wconf 80' lang='lat' dir='ltr'>a.</span> <span class='ocrx_word' id='word_1_259' title='bbox 1768 4234 1852 4286; x_wconf 85' lang='lat'>14.</span> <span class='ocrx_word' id='word_1_260' title='bbox 1878 4221 2015 4284; x_wconf 79' lang='grc' dir='ltr'>τότε,</span> <span class='ocrx_word' id='word_1_261' title='bbox 2040 4217 2255 4290; x_wconf 81' lang='grc' dir='ltr'>φησὶν,]</span> <span class='ocrx_word' id='word_1_262' title='bbox 2284 4218 2364 4273; x_wconf 81' lang='grc' dir='ltr'>ὅτι</span> <span class='ocrx_word' id='word_1_263' title='bbox 2388 4221 2506 4272; x_wconf 74' lang='grc' dir='ltr'>τότε</span> <span class='ocrx_word' id='word_1_264' title='bbox 2529 4236 2579 4271; x_wconf 77' lang='lat' dir='ltr'>a.</span> <span class='ocrx_word' id='word_1_265' title='bbox 2730 4232 2813 4285; x_wconf 87' lang='lat'>15.</span> <span class='ocrx_word' id='word_1_266' title='bbox 2844 4216 2939 4283; x_wconf 76' lang='grc' dir='ltr'>μέν</span> <span class='ocrx_word' id='word_1_267' title='bbox 2960 4239 3042 4273; x_wconf 76' lang='grc' dir='ltr'>πω</span> 
     </span>
     <span class='ocr_line' id='line_1_33' title="bbox 643 4285 3042 4361; baseline 0 -20"><span class='ocrx_word' id='word_1_268' title='bbox 643 4285 763 4341; x_wconf 79' lang='lat' dir='ltr'><strong>B.a.</strong></span> <span class='ocrx_word' id='word_1_269' title='bbox 791 4287 973 4341; x_wconf 75' lang='lat' dir='ltr'>Holst.</span> <span class='ocrx_word' id='word_1_270' title='bbox 1002 4288 1123 4343; x_wconf 82' lang='lat' dir='ltr'>Cat.</span> <span class='ocrx_word' id='word_1_271' title='bbox 1159 4287 1311 4343; x_wconf 82' lang='lat' dir='ltr'><strong>Harl.</strong></span> <span class='ocrx_word' id='word_1_272' title='bbox 1348 4300 1410 4344; x_wconf 87' lang='lat' dir='ltr'>ut</span> <span class='ocrx_word' id='word_1_273' title='bbox 1446 4289 1669 4344; x_wconf 81' lang='lat' dir='ltr'><strong>adnotat</strong></span> <span class='ocrx_word' id='word_1_274' title='bbox 1701 4289 1818 4359; x_wconf 79' lang='lat' dir='ltr'>ipse</span> <span class='ocrx_word' id='word_1_275' title='bbox 1848 4290 1991 4344; x_wconf 87' lang='lat' dir='ltr'>Aub.</span> <span class='ocrx_word' id='word_1_276' title='bbox 2026 4290 2202 4359; x_wconf 78' lang='grc' dir='ltr'>μέντοι</span> <span class='ocrx_word' id='word_1_277' title='bbox 2239 4307 2334 4361; x_wconf 87' lang='lat' dir='ltr'>per</span> <span class='ocrx_word' id='word_1_278' title='bbox 2370 4288 2575 4343; x_wconf 83' lang='lat' dir='ltr'>scribae</span> <span class='ocrx_word' id='word_1_279' title='bbox 2612 4298 2674 4344; x_wconf 85' lang='lat' dir='ltr'>ut</span> <span class='ocrx_word' id='word_1_280' title='bbox 2708 4288 2922 4343; x_wconf 80' lang='lat' dir='ltr'><strong>videtur</strong></span> <span class='ocrx_word' id='word_1_281' title='bbox 2958 4289 3042 4343; x_wconf 70' lang='lat' dir='ltr'>sui</span> 
     </span>
    </p>
   </div>
   <div class='ocr_carea' id='block_1_8' title="bbox 640 4358 3043 4572">
    <p class='ocr_par' dir='ltr' id='par_1_9' title="bbox 640 4358 3043 4572">
     <span class='ocr_line' id='line_1_34' title="bbox 640 4358 3042 4431; baseline 0 -19"><span class='ocrx_word' id='word_1_282' title='bbox 640 4374 871 4412; x_wconf 80' lang='lat' dir='ltr'>errorem</span> <span class='ocrx_word' id='word_1_283' title='bbox 898 4358 1041 4413; x_wconf 85' lang='lat' dir='ltr'><strong>Aub.</strong></span> <span class='ocrx_word' id='word_1_284' title='bbox 1544 4358 1627 4414; x_wconf 87' lang='lat'>16.</span> <span class='ocrx_word' id='word_1_285' title='bbox 1662 4358 2029 4431; x_wconf 68' lang='grc' dir='ltr'>πεπλήρωται</span> <span class='ocrx_word' id='word_1_286' title='bbox 2056 4360 2121 4415; x_wconf 91' lang='grc' dir='ltr'>Β.</span> <span class='ocrx_word' id='word_1_287' title='bbox 2145 4359 2448 4414; x_wconf 80' lang='lat' dir='ltr'><strong>emendavit</strong></span> <span class='ocrx_word' id='word_1_288' title='bbox 2472 4377 2502 4413; x_wconf 86' lang='lat' dir='ltr'>e</span> <span class='ocrx_word' id='word_1_289' title='bbox 2527 4358 2643 4414; x_wconf 83' lang='lat' dir='ltr'><strong>Cat.</strong></span> <span class='ocrx_word' id='word_1_290' title='bbox 2676 4369 2736 4413; x_wconf 85' lang='lat' dir='ltr'>ut</span> <span class='ocrx_word' id='word_1_291' title='bbox 2761 4358 2868 4413; x_wconf 84' lang='lat' dir='ltr'><strong>vid.</strong></span> <span class='ocrx_word' id='word_1_292' title='bbox 2895 4358 3042 4413; x_wconf 77' lang='lat' dir='ltr'>Aah.</span> 
     </span>
     <span class='ocr_line' id='line_1_35' title="bbox 642 4426 3041 4555; baseline 0 -73"><span class='ocrx_word' id='word_1_293' title='bbox 642 4441 729 4554; x_wconf 55' lang='lat' dir='ltr'>H:</span> <span class='ocrx_word' id='word_1_294' title='bbox 766 4426 862 4483; x_wconf 56' lang='lat' dir='ltr'>off</span> <span class='ocrx_word' id='word_1_295' title='bbox 887 4428 1098 4555; x_wconf 51' lang='grc' dir='ltr'>ὅτᾸοὶἳε..</span> <span class='ocrx_word' id='word_1_296' title='bbox 1123 4427 1295 4512; x_wconf 70' lang='grc' dir='ltr'>οἴδατε</span> <span class='ocrx_word' id='word_1_297' title='bbox 1318 4429 1458 4487; x_wconf 79' lang='grc' dir='ltr'>ὅπως</span> <span class='ocrx_word' id='word_1_298' title='bbox 1483 4429 1550 4484; x_wconf 90' lang='grc' dir='ltr'>Β.</span> <span class='ocrx_word' id='word_1_299' title='bbox 1578 4429 1682 4484; x_wconf 87' lang='lat' dir='ltr'>Ed.</span> <span class='ocrx_word' id='word_1_300' title='bbox 1699 4501 1714 4521; x_wconf 55' lang='lat'>,</span> <span class='ocrx_word' id='word_1_301' title='bbox 2057 4448 2138 4499; x_wconf 88' lang='lat'>19.</span> <span class='ocrx_word' id='word_1_302' title='bbox 2176 4429 2317 4501; x_wconf 78' lang='grc' dir='ltr'>ἐμοὶ]</span> <span class='ocrx_word' id='word_1_303' title='bbox 2344 4430 2500 4498; x_wconf 69' lang='grc' dir='ltr'>ἑσμοὶ</span> <span class='ocrx_word' id='word_1_304' title='bbox 2523 4429 2814 4485; x_wconf 77' lang='lat' dir='ltr'>emendant</span> <span class='ocrx_word' id='word_1_305' title='bbox 2842 4428 3041 4500; x_wconf 81' lang='lat' dir='ltr'><strong>Heyse,</strong></span> 
     </span>
     <span class='ocr_line' id='line_1_36' title="bbox 708 4499 3043 4572; baseline 0 -18"><span class='ocrx_word' id='word_1_306' title='bbox 708 4517 851 4570; x_wconf 65' lang='lat' dir='ltr'><strong>lgna.</strong></span> <span class='ocrx_word' id='word_1_307' title='bbox 1050 4510 1216 4554; x_wconf 67' lang='lat' dir='ltr'><strong>renat</strong></span> <span class='ocrx_word' id='word_1_308' title='bbox 1240 4518 1289 4556; x_wconf 80' lang='lat' dir='ltr'>a.</span> <span class='ocrx_word' id='word_1_309' title='bbox 1535 4516 1623 4555; x_wconf 86' lang='lat'>21.</span> <span class='ocrx_word' id='word_1_310' title='bbox 1659 4523 1759 4571; x_wconf 82' lang='grc' dir='ltr'>ουχ</span> <span class='ocrx_word' id='word_1_311' title='bbox 1782 4511 2123 4572; x_wconf 73' lang='lat' dir='ltr'>assumptum</span> <span class='ocrx_word' id='word_1_312' title='bbox 2148 4519 2213 4555; x_wconf 78' lang='lat' dir='ltr'>ex</span> <span class='ocrx_word' id='word_1_313' title='bbox 2238 4520 2286 4555; x_wconf 83' lang='lat' dir='ltr'>a.</span> <span class='ocrx_word' id='word_1_314' title='bbox 2539 4517 2626 4569; x_wconf 85' lang='lat'>24.</span> <span class='ocrx_word' id='word_1_315' title='bbox 2660 4522 2740 4556; x_wconf 75' lang='grc' dir='ltr'>τις</span> <span class='ocrx_word' id='word_1_316' title='bbox 2762 4517 2872 4554; x_wconf 87' lang='lat' dir='ltr'>om.</span> <span class='ocrx_word' id='word_1_317' title='bbox 2898 4499 3043 4555; x_wconf 86' lang='lat' dir='ltr'>Aub.</span> 
     </span>
    </p>
   </div>
   <div class='ocr_carea' id='block_1_9' title="bbox 640 4569 2844 4643">
    <p class='ocr_par' dir='ltr' id='par_1_10' title="bbox 640 4569 2844 4643">
     <span class='ocr_line' id='line_1_37' title="bbox 640 4569 2844 4643; baseline 0 -19"><span class='ocrx_word' id='word_1_318' title='bbox 640 4569 816 4641; x_wconf 79' lang='grc' dir='ltr'>ἕτερος</span> <span class='ocrx_word' id='word_1_319' title='bbox 836 4569 958 4641; x_wconf 81' lang='grc' dir='ltr'>παρ’</span> <span class='ocrx_word' id='word_1_320' title='bbox 984 4570 1141 4626; x_wconf 72' lang='grc' dir='ltr'>αὐτὸν</span> <span class='ocrx_word' id='word_1_321' title='bbox 1162 4569 1359 4643; x_wconf 81' lang='grc' dir='ltr'>ἀνοίγει</span> <span class='ocrx_word' id='word_1_322' title='bbox 1383 4571 1596 4625; x_wconf 76' lang='lat' dir='ltr'>inverso</span> <span class='ocrx_word' id='word_1_323' title='bbox 1621 4570 1809 4625; x_wconf 84' lang='lat' dir='ltr'>ordine</span> <span class='ocrx_word' id='word_1_324' title='bbox 1833 4589 1882 4625; x_wconf 78' lang='lat' dir='ltr'>a.</span> <span class='ocrx_word' id='word_1_325' title='bbox 2101 4571 2186 4627; x_wconf 80' lang='lat'>26.</span> <span class='ocrx_word' id='word_1_326' title='bbox 2225 4570 2443 4628; x_wconf 74' lang='grc' dir='ltr'>σύνεσιν</span> <span class='ocrx_word' id='word_1_327' title='bbox 2465 4590 2513 4627; x_wconf 81' lang='lat' dir='ltr'>a.</span> <span class='ocrx_word' id='word_1_328' title='bbox 2540 4571 2659 4626; x_wconf 84' lang='lat' dir='ltr'><strong>Cat.</strong></span> <span class='ocrx_word' id='word_1_329' title='bbox 2689 4571 2844 4625; x_wconf 82' lang='lat' dir='ltr'><strong>Harl.</strong></span> 
     </span>
    </p>
   </div>
  </div>
 </body>
</html>
