3238 5158
613 344 739 405 130
1216 341 1294 406 Β.
1340 341 1760 407 CYRILLI
1820 339 2400 406 ALEXANDR.
2741 361 2879 404 vm
2905 336 3016 422 56.

610 513 988 603 νομιοῦμεν
1024 502 1152 585 τὸν
1187 504 1540 609 μακάριον
1573 505 1920 610 Ἀβραὰμ
1970 505 2102 606 τὴν
2139 504 2411 609 ἡμέραν
2452 507 2835 585 τεθεᾶσθαι
2883 509 3018 582 τοῦ

613 633 949 732 Σωτῆρος
995 628 1197 728 ἡμῶν
1232 633 1587 732 Χριστοῦ,
1626 631 1978 728 τουτέστι,
2015 629 2145 710 τὸν
2180 628 2429 732 καιρὸν
2463 632 2590 729 τῆς
2642 627 3018 726 ἐπιδημίας

611 753 829 832 αὑτοῦ
882 757 1009 852 τῆς
1061 750 1245 851 μετὰ
1296 752 1571 855 σαρκὸς
1621 758 1838 851 ἶδεῖν;
1902 754 1987 834 οὐ
2036 751 2321 838 πλατὺς
2368 751 2501 851 μὲν
2536 753 2577 832 ὁ
2621 750 2867 853 λόγος·
2930 749 3017 829 οὖ

611 874 756 981 γάρ
820 874 1022 956 ἔστιν
1081 880 1300 957 εἶπεῖν
1364 875 1453 982 ἐξ
1513 877 1937 982 ἀντιῤῥήτου
1999 876 2332 972 λαβόντα
2392 878 2509 956 καὶ
2574 875 3013 981 σαφηνίσαι·

609 998 810 1099 πλὴν
873 1003 972 1084 ὡς
1034 998 1133 1079 ἕνι
1198 1006 1443 1084 καλῶς
1513 999 1608 1080 τὰ
1683 1006 1781 1086 εἰς
1851 1009 2065 1081 τοῦτο
2138 1008 2465 1083 νοοῦντες
2525 1001 2839 1103 ἐροῦμεν,
2903 996 3018 1077 ὅτι
3043 1024 3084 1084 5

610 1120 935 1226 καθάπερ
990 1123 1092 1203 ἐνὶ
1145 1129 1292 1204 τῶν
1342 1123 1571 1225 ἁγίων
1618 1131 2017 1229 προφητῶν
2066 1124 2540 1228 ἀπεκάλυψεν
2588 1124 2629 1203 ὁ
2685 1120 2873 1205 Θεὸς
2927 1119 3015 1202 τὸ

276 1268 415 1324 584
430 1265 509 1323 Δ.
553 1280 591 1321 ο.
613 1248 864 1327 ἑαυτοῦ
919 1246 1337 1351 μυστήριον.
1414 1248 1640 1351 ἤγουν
1689 1257 1816 1329 τοῦ
1873 1247 2284 1329 θεάσασθαι
2340 1249 2673 1346 δώσομεν
2722 1248 3015 1345 ἀληθῶς

610 1368 744 1470 τὴν
780 1370 1050 1474 ἡμέραν
1085 1369 1303 1450 αὐτὸν
1337 1375 1467 1471 τῆς
1514 1379 1645 1451 τοῦ
1694 1373 1967 1476 Κυρίου
2014 1375 2337 1476 σφαγῆς,
2376 1372 2464 1451 δι’
2506 1369 2598 1471 ἢν
2635 1368 2727 1449 τά
2774 1367 3014 1451 πάντα

608 1494 779 1595 ἡμῖν
811 1496 1064 1578 αἰσίως
1101 1495 1511 1595 ἐκβέβηκεν,
1544 1498 1663 1575 καὶ
1698 1494 2020 1599 καθάπερ
2058 1495 2144 1602 ἐξ
2176 1494 2414 1600 οὐρίας
2449 1492 2713 1599 ἠνέχθη
2749 1499 3012 1589 καλῶς,

608 1619 726 1699 ὅτε
798 1622 916 1699 καὶ
989 1624 1088 1703 εἶς
1161 1618 1390 1700 τύπον
1449 1620 1669 1698 αὑτοῦ
1732 1618 1861 1700 τὸν
1919 1623 2272 1722 μονογενῆ
2334 1623 2451 1699 καὶ
2514 1615 3007 1721 πρωτότοκον,
3047 1654 3126 1696 ιο

605 1742 941 1823 τουτέστι
1022 1740 1151 1822 τὸν
1220 1741 1502 1841 Ἰσαὰκ,
1577 1743 1960 1850 ἀναφέρειν
2040 1749 2138 1829 εἷς
2224 1744 2485 1823 θυσίαν
2565 1740 3005 1823 ἐπετοὶττετο·

606 1871 1085 1970 ἱερουργοῦντι
1159 1863 1305 1969 γὰρ
1378 1864 1562 1951 εἰκὸς
1635 1867 1831 1975 αὐτῷ
1891 1865 2055 1947 τότε
2115 1863 2438 1970 καθάπερ
2502 1867 2577 1947 ἐν
2639 1863 2844 1973 τύπῳ
2910 1869 3015 1972 τῷ

520 1994 529 2003 ’
606 1989 945 2096 δρωμένῳ
1002 1993 1450 2088 καταστῆναι
1516 1994 1729 2097 σαφῆ
1795 1998 1924 2071 τοῦ
1982 1991 2382 2093 μυστηρίου
2434 1987 2569 2089 τὴν
2622 1991 3011 2093 ἀκρίβειαν.

607 2114 762 2212 δοίη
811 2147 920 2197 τις
964 2109 1059 2193 ἀν
1094 2114 1210 2192 καὶ
1260 2112 1503 2217 ἑτέρας
1557 2119 1657 2198 εἷς
1710 2122 1924 2195 τοῦτο
1977 2120 2128 2199 τοῖς
2183 2113 2827 2221 φιλομαθεστέροις
2880 2112 3014 2197 τὰς

268 2242 409 2358 ξένε’.
428 2320 472 2360 1·
538 2247 583 2316 b
608 2235 966 2342 ἀφορμάς.
1071 2239 1188 2317 καὶ
1244 2235 1389 2339 γὰρ
1445 2233 1627 2318 εἶδεν
1681 2239 1947 2342 ἀνδρας
2002 2245 2191 2341 τρεῖς
2247 2247 2290 2285 “
2325 2237 2509 2341 πρὸς
2563 2241 2654 2342 τῇ
2708 2234 2869 2341 δρυῒ
2916 2241 3010 2341 τῇ
3043 2270 3116 2332 15

607 2371 653 2409 “
693 2361 1091 2466 Μαμβρῇ,”
1133 2358 1336 2440 ἀλλὰ
1391 2361 1510 2473 καὶ
1565 2360 2012 2464 ἐπαγγελίαν
2056 2360 2334 2466 ἐδέχετο
2387 2359 2587 2464 παρὰ
2633 2364 2855 2457 Θεοῦ,
2899 2357 3012 2439 ὅτι

604 2481 847 2587 πατὴρ
896 2483 1103 2563 ἕσται
1148 2490 1457 2565 πολλῶν
1493 2486 1738 2584 ἐθνῶν,
1777 2485 1955 2590 ὅπερ
2003 2484 2094 2588 ἦν
2130 2486 2264 2591 οὐχ
2312 2482 2563 2590 ἑτέρως
2610 2486 3013 2583 ἀνυσθῆναι

605 2607 928 2706 δυνατὸν,
968 2614 1027 2689 εὶ
1076 2607 1177 2710 μὴ
1224 2607 1341 2689 διὰ
1390 2613 1518 2709 τῆς
1567 2615 1666 2695 εἷς
1700 2610 2034 2715 Χριστὸν
2068 2610 2383 2694 πίστεως
2418 2608 2689 2709 ἐκλήθη
2734 2608 3014 2710 πατέρα
3237 2703 3238 2714 ¹

604 2729 698 2811 τὰ
733 2732 902 2834 ἔθνη
940 2732 1066 2814 τὸν
1101 2731 1448 2837 Ἀβραὰμ
1485 2731 2054 2839 ἐπιγραφόμενα,
2091 2735 2210 2812 καὶ
2262 2735 2338 2813 ἐν
2371 2738 2464 2837 τῇ
2510 2738 2656 2812 τῶν
2690 2731 3015 2835 οὐρανῶν
3235 2741 3238 2904 1

602 2858 952 2965 βασιλείᾳ
985 2855 1762 2958 συνανακλιθησόμενά
1796 2892 1874 2939 τε
1909 2859 2028 2938 καὶ
2065 2855 2615 2963 συμμεθέξοντα
2652 2855 2845 2963 αὐτῷ
2883 2858 3016 2955 τῆς
3041 2898 3118 2940 20

602 2981 720 3087 ἐφ’
778 2977 1057 3062 ἅπασιν
1109 2982 1409 3084 ἀγαθοῖς
1471 2989 1603 3062 τοῦ
1672 2985 2012 3086 Σωτῆρος
2075 2980 2279 3081 ἡμῶν
2334 2979 2775 3087 φιλοτιμίας.
2856 2975 2921 3060 εἷ
2956 3013 3015 3059 εν

603 3105 732 3185 οὖν
787 3112 1020 3212 φησιν
1075 3106 1116 3186 ὁ
1171 3103 1516 3210 μακάριος
1549 3103 1913 3215 Ἀβραὰμ,
1964 3111 2084 3186 καὶ
2142 3102 2315 3185 ἰδὼν
2360 3104 2568 3211 ἐχάρη
2624 3100 2729 3197 riv
2774 3101 3016 3210 ἡμέραν

547 3261 583 3305 ο
603 3224 712 3322 τῆν
771 3230 946 3333 ἐμήν.
1051 3234 1167 3309 καὶ
1232 3226 1348 3308 διὰ
1408 3229 1625 3310 ποίαν
1684 3229 1914 3310 αἰτίαν
1979 3230 2095 3309 ἐπὶ
2158 3226 2243 3309 τὸ
2309 3230 2427 3309 καὶ
2492 3234 2719 3307 ταῦτα
2785 3225 3015 3332 φάναι

602 3348 892 3454 πρόεισι
972 3351 1319 3455 Χριστὸς,
1399 3354 1795 3455 ἀναγκαῖον
1873 3356 2115 3434 εἰπεῖν.
2246 3349 2631 3456 ἄνθρωπον
2711 3353 3014 3454 ὁρῶντες

605 3471 823 3553 αὐτὸν
857 3476 1188 3554 Ἰουδαῖοι
1223 3472 1341 3554 διὰ
1372 3471 1457 3554 τὸ
1490 3477 1915 3577 περίβλημα
1950 3479 2078 3576 τῆς
2116 3472 2418 3579 σαρκὸς,
2454 3472 2660 3555 οὐδὲν
2692 3470 3014 3554 ἐνενόουν
3041 3509 3116 3571 25

603 3599 766 3700 περὶ
822 3599 1040 3677 αὑτοῦ
1097 3596 1502 3702 θεοπρεπὲς,
1547 3594 1777 3705 ᾤοντο
1832 3598 1909 3679 δὲ
1963 3598 2076 3679 ὅτι
2141 3601 2259 3679 καὶ
2316 3596 2573 3698 θνητός
2627 3599 2788 3679 ἐστι
2841 3601 3009 3678 καθ’

605 3719 814 3820 ἡμᾶς,
853 3719 976 3801 ἅτε
1027 3718 1115 3820 δὴ
1166 3724 1284 3800 καὶ
1332 3721 1410 3802 ἐκ
1463 3729 1591 3801 τοῦ
1641 3719 1741 3821 μὴ
1793 3721 2000 3808 ὄντος
2049 3728 2147 3808 εἰς
2195 3719 2280 3803 τὸ
2316 3718 2494 3802 εἶναι
2528 3722 3008 3827 παρενεχθείς.

605 3841 716 3924 ὅτι
765 3843 842 3924 δὲ
887 3842 979 3946 ἦν
1013 3842 1236 3930 ἀΐδιος
1282 3847 1379 3929 ὧς
1429 3843 1519 3953 ἐξ
1560 3846 1790 3926 ἀϊδίου
1829 3843 2143 3948 Πατρὸς,
2180 3843 2547 3927 πιστεύειν
2583 3846 2710 3926 οὐκ
2746 3845 3017 3945 ἤθελον

607 3964 725 4048 διὰ
780 3965 1073 4069 πολλὴν
1127 3969 1505 4066 ἀβουλίαν.
1585 3970 1707 4050 ἵνα
1759 3970 2000 4050 τοίνυν
2055 3967 2399 4077 ἀποδείξῃ
2455 3976 2722 4077 σαφῶς
2775 3973 2875 4055 ὡς
2927 3972 3018 4051 οὗ

603 4089 1037 4202 πρόσφατός
1092 4093 1315 4189 ἐστιν,
1373 4090 1534 4173 οὐδὲ
1589 4092 1966 4197 ἀρτιγενὴς
2021 4095 2193 4174 καθ’
2244 4094 2454 4195 ἡμᾶς,
2506 4093 2678 4175 ἀλλ’
2728 4092 2840 4173 ὅτι
2894 4097 3016 4175 καὶ
3042 4118 3121 4178 30

267 2852 514 2933 systum

267 2936 372 2971 vm.
403 2934 425 2970 1
437 2932 459 2969 1
467 2957 481 2971 .

682 4380 731 4420 1.
767 4363 1045 4420 τεθεᾶσθαι
1072 4363 1139 4419 Β.
1167 4362 1353 4419 Holst.
1377 4363 1674 4421 θεάσασθαι
1698 4363 1846 4418 Aub.
2095 4382 2150 4432 4.
2186 4363 2460 4436 ἀντηρίτου
2485 4361 2555 4420 Β.
2577 4362 2884 4418 emendavit
2909 4361 3014 4421 Ht.

605 4436 660 4491 8.
697 4434 865 4490 αὐτῶν
890 4433 957 4490 Β.
987 4433 1084 4489 Ht.
1110 4434 1415 4490 emendavit
1438 4442 1502 4490 ut
1525 4434 1748 4489 adnotat
1771 4434 1887 4506 ipso
1910 4432 2057 4490 Aah,
2323 4451 2409 4490 11.
2445 4435 2770 4491 incr-dm·
2808 4435 3015 4507 ἱερουρ-

603 4503 1668 4649 mazmfizsstzssz’zffffffiff
1681 4506 2047 4631 ἕέὝΡῬΜ
2071 4503 2177 4561 ¹³⁶·
2373 4518 2458 4577 ¹⁷·
2495 4504 2625 4575 ‘³“⁹
2649 4513 2704 4561 Θ*
2724 4503 3014 4574 mean.
