3238 5158
589 349 718 412 110
1191 348 1269 413 Β.
1317 347 1742 413 OYRILLI
1800 349 2379 414 ALEXANDR.
2727 342 2996 427 viii-49.

253 535 389 591 570
409 532 488 588 Δ.
529 548 567 588 a
586 516 875 620 πολλῷ.
970 511 1529 663 ἐμφατικῶτατα
1597 511 1743 616 γὰρ
1816 512 1902 593 τό
1975 508 2162 616 Ἐγω
2236 508 2566 618 δαιμόνιον
2641 514 2759 589 οὐκ
2831 504 2996 605 ἔχω,

589 637 867 791 φησὶν,
898 633 1152 715 ἑαυτὸν
1205 634 1283 715 δὲ
1337 633 1586 740 ὥσπερ
1642 634 2266 717 ἀντιδιαστέλλων
2320 636 2626 732 ἐκείνοις,
2681 635 2809 733 τῆς
2861 628 2998 729 μὲν

585 761 704 840 ἐπὶ
738 759 970 868 τούτῳ
1008 761 1368 863 λοιδορίας·
1403 760 1781 865 ἐλεύθερον
1815 763 2223 918 ἀποφαίνει,
2261 763 2554 843 δεικνύει
2589 760 2667 841 δὲ
2700 766 2996 858 μᾶλλον

588 883 699 963 ἐπ’
744 884 983 963 αὐτῶν
1035 882 1141 964 τὸ
1176 885 1544 1005 εἰρημένον
1593 883 1875 986 ἀληθές.
1961 893 2020 967 εἰ
2074 884 2176 987 μὴ
2233 885 2378 991 γὰρ
2432 887 2634 967 αὐτοὶ
2686 917 2772 963 το
2828 885 2986 961 δαι-

588 1003 835 1106 μόνων
892 1004 1086 1111 εἰχον
1140 998 1451 1108 ἀληθῶς,
1506 1007 1643 1090 κᾶν
1697 1010 2137 1116 ἀπέφριττον
2195 1011 2482 1094 εἰκότως
2544 1011 2997 1106 δαιμονῶντα
3021 1024 3063 1084 5

589 1136 837 1209 καλεῖν
905 1128 1035 1211 τὸν
1109 1128 1228 1210 διὰ
1304 1138 1454 1211 τῶν
1524 1133 1759 1236 ἔργων
1831 1134 2072 1218 αὐτοῖς
2152 1131 2695 1238 μαρτυρηθέντα
2769 1125 2988 1211 Θεόν.

588 1253 1043 1361 εὐφυέστατα
1116 1254 1355 1336 τοίνυν
1417 1257 1503 1336 τό
1566 1255 1778 1360 Ἐγῶ,
1845 1261 2101 1364 φησὶν,
2170 1264 2289 1339 οὐκ
2357 1257 2522 1356 ἔχω,
2595 1255 2996 1355 μετατιθεὶς

586 1376 844 1482 ὥσπερ
879 1381 986 1460 ἐπ’
1016 1379 1318 1465 ἐκείνους
1352 1378 1439 1460 τὸ
1475 1380 1840 1483 εἰρημένον
1867 1384 1987 1461 καὶ
2023 1383 2262 1466 αὐτοῖς
2293 1389 2588 1482 μᾶλλον
2614 1377 2995 1476 ἀπονέμων

588 1500 763 1584 αὐτὸ
820 1501 937 1584 διὰ
1004 1501 1090 1584 τὸ
1157 1504 1384 1588 οὕτως
1446 1503 1636 1609 ἔχειν
1689 1503 1875 1584 κατὰ
1931 1503 2303 1605 ἀλήθειαν.
2387 1502 2522 1608 ἐγὼ
2576 1503 2818 1584 τοίνυν
2876 1505 2994 1581 οὖν.

521 1640 564 1705 b
591 1624 749 1725 ἔχω,
806 1630 1061 1733 φησὶν,
1111 1624 1284 1707 ἀλλ’
1337 1629 1530 1726 ὑμεῖς
1585 1625 1922 1727 δηλονότι
1976 1625 2063 1709 τὸ
2120 1624 2473 1735 δαιμόνιον,
2523 1625 2706 1733 τιμῶ
2757 1625 2836 1706 δὲ
2890 1622 2993 1707 τόν
3025 1657 3104 1700 10

586 1751 895 1847 ἐμαυτοῦ
924 1766 993 1830 Π
996 1748 1225 1859 ατέρα,
1250 1747 1445 1831 Θεὸν
1478 1749 1788 1851 ἐμαυτὸν
1824 1755 1941 1832 καὶ
1975 1754 2055 1832 ἐκ
2081 1757 2275 1833 Θεοῦ
2308 1751 2702 1858 πεφηνέναι
2735 1748 2992 1851 λέγων,

588 1876 708 1952 καὶ
756 1872 867 1952 ὅτι
915 1875 1044 1952 οὐκ
1093 1872 1320 1974 ἔγνων
1358 1876 1717 1977 ἁμαρτίαν
1763 1874 2384 1981 διισχυριζόμενος.
2466 1875 2601 1955 ἔδει
2656 1872 2799 1977 γὰρ
2854 1872 2994 1951 ἔδει

591 1993 783 2077 Θεὸν
814 1992 993 2076 εἶναι
1026 1994 1156 2075 τὸν
1191 1999 1268 2077 ἐκ
1303 2002 1520 2096 Θεοῦ,
1556 2000 1673 2077 καί
1710 1997 1840 2079 τὸν
1873 2002 1952 2079 ἐκ
2002 2008 2132 2080 τοῦ
2179 1997 2281 2099 μὴ
2331 1999 2599 2084 εἰδότος
2636 1998 2994 2100 ἁμαρτίαν

590 2116 775 2198 κατὰ
810 2116 941 2199 τὸν
970 2119 1059 2227 ἐξ
1091 2116 1311 2223 οὗπέρ
1345 2122 1549 2200 ἐστιν
1585 2122 1898 2224 ὁρᾶσθαι
1933 2130 2277 2203 τοιοῦτον.
2339 2120 2429 2222 ἢν
2467 2121 2543 2201 δὲ
2579 2126 2678 2207 ὡς
2713 2119 2992 2222 ἀνάγκη

589 2247 959 2342 συμβῆναι
1021 2241 1107 2324 τὸ
1162 2244 1500 2341 ἐναντίον,
1556 2250 1657 2330 εἰς
1711 2242 1796 2325 τὸ
1850 2244 2332 2350 προσκρούειν
2385 2248 2552 2343 ὑμῖν
2603 2243 2989 2348 παραιτού·
3022 2272 3093 2331 15

586 2399 818 2465 μενος,
853 2374 1001 2451 τοῖς
1057 2368 1193 2471 οὐχ
1247 2368 1431 2447 οὕτω
1487 2375 1851 2472 λαμπροῖς
1904 2367 2328 2473 ἐχρησάμην
2370 2368 2644 2472 λόγοις·
2706 2370 2790 2448 οὐ
2844 2366 2993 2470 γὰρ

588 2485 678 2567 ἂν
724 2487 1022 2590 ἐτιμήθη
1073 2488 1262 2574 Θεὸς
1299 2489 1481 2571 Υἰὸν
1526 2491 1714 2597 ἔχειν
1769 2480 2146 2591 νοούμενος
2201 2491 2331 2572 τὸν
2365 2495 2495 2573 οὐκ
2550 2492 2726 2573 ὄντα
2769 2491 2985 2572 Θεόν·

591 2613 718 2693 οὐκ
773 2612 865 2693 ἂν
916 2613 1214 2714 ἐτιμήθη
1271 2617 1506 2721 φησὶν
1552 2617 1593 2696 ὃ
1650 2615 1930 2720 Πατὴρ,
1973 2623 2036 2697 εἰ
2087 2625 2217 2698 τοῦ
2270 2619 2841 2700 καταπίπτοντος
2895 2620 2995 2701 εἰς

532 2759 568 2803 0
592 2737 948 2840 ἁμαρτίαν
1005 2737 1400 2840 ὠνομοίσθη
1467 2739 1508 2818 ὃ
1570 2738 1816 2843 πατήρ
1881 2746 2139 2846 φησιν.
2241 2742 2497 2822 οὐκοῦν
2553 2743 2837 2849 ἐμαυτῷ
2899 2738 2996 2821 τὰ

591 2860 962 2942 κάλλιστα
999 2867 1406 2966 μαρτυρῶν,
1435 2866 1844 2966 δυσφημῶν
1870 2863 2005 2964 μέν
2032 2871 2265 2972 φησιν
2291 2866 2639 2965 οὐδαμῶς,
2667 2863 2994 2969 καθάπερ
3020 2899 3098 2940 20

591 2989 783 3085 ὑμεῖς
835 2985 1407 3086 ὑπολαμβάνετε,
1443 2987 1664 3093 τιμὲὗν
1698 2986 1776 3067 δὲ
1826 2995 2119 3086 μᾶλλον
2152 2988 2283 3070 τὸν
2317 2989 2736 3093 γεννήτορα.
2814 2987 3000 3096 τιμὸ

589 3108 664 3190 δὲ
719 3109 948 3192 πάλιν
994 3111 1214 3191 αὐτὸν
1258 3111 1378 3191 καὶ
1433 3112 1597 3191 καθ’
1638 3110 1877 3214 ἕτερον
1910 3110 2208 3213 τρόπον·
2271 3114 2457 3218 φημὶ
2512 3111 2659 3215 γὰρ
2709 3113 2995 3197 δικαίως

588 3235 752 3335 περὶ
826 3235 1045 3331 ὑμῶν,
1120 3234 1232 3313 ὅτι
1294 3237 1374 3314 ἐκ
1447 3242 1575 3314 τοῦ
1637 3240 1831 3315 Θεοῦ
1893 3236 2023 3314 οὐκ
2084 3234 2271 3334 ἐστὲ,
2335 3240 2482 3317 ἐπεὶ
2543 3236 2723 3338 μηδὲ
2793 3238 2996 3335 θέμις

589 3353 759 3439 τοὺς
831 3362 929 3439 εἰς
999 3365 1214 3438 τοῦτο
1285 3360 1632 3459 πονηρίας
1717 3358 2021 3459 ἥκοντας
2100 3362 2218 3440 καὶ
2298 3358 2507 3466 πάσῃ
2589 3359 2996 3465 φαυλότητι

594 3478 1240 3583 βεβαπτισμένους,
1297 3483 1376 3559 ἐκ
1439 3486 1634 3562 Θεοῦ
1694 3480 1870 3563 εἶναι
1927 3481 2187 3586 λέγειν.
2287 3489 2463 3591 τιμᾷ
2517 3483 2662 3587 γὰρ
2720 3488 2839 3564 καὶ
2891 3490 2994 3565 οἰ-
3021 3518 3095 3577 ²5

594 3600 952 3702 κειότητος
1007 3603 1206 3710 ἀξιοῖ
1251 3606 1380 3702 τῆς
1431 3601 1617 3707 πρὸς
1670 3604 1889 3686 αὐτὸν
1944 3608 2027 3687 οὐ
2080 3604 2209 3687 τόν
2262 3608 2601 3714 ψεύστην
2655 3611 2773 3687 καὶ
2834 3611 2992 3688 λοί-

593 3730 809 3829 δορον
868 3729 987 3806 καὶ
1047 3727 1439 3833 δύσφημον
1494 3729 1613 3807 καὶ
1671 3730 1991 3833 ἀλαζόνα
2043 3734 2162 3810 καὶ
2219 3730 2593 3834 ὑβριστὴν,
2650 3730 2810 3810 οὐδὲ
2866 3730 2996 3813 τὸν

594 3851 855 3934 ἀδίκως
927 3856 1162 3958 φονᾶν
1224 3849 1542 3951 εἰωθότα,
1610 3852 1814 3933 ἀλλὰ
1875 3851 2006 3934 τὸν
2067 3856 2333 3954 ἐπιεικῆ
2396 3858 2514 3935 καὶ
2575 3861 2811 3957 πρᾶον
2875 3859 2997 3936 καὶ

527 3990 572 4057 d
594 3973 860 4074 εὐσεβῆ
915 3978 1034 4055 καὶ
1087 3974 1435 4081 φιλόθεον
1489 3980 1604 4057 καί
1662 3975 1961 4078 ἀγαθόν.
2062 3979 2318 4058 οὐκοῦν
2373 3980 2490 4058 καὶ
2544 3975 2728 4058 κατὰ
2780 3986 2996 4060 τοῦτο

668 4171 719 4231 7.
746 4159 1042 4231 Assumpta
1064 4163 1127 4216 τό
1149 4160 1288 4232 Ἐγώ
1392 4184 1482 4218 σιν
1498 4163 1590 4217 οὐκ
1613 4164 1720 4254 ἔχω
1745 4180 1810 4217 ex
1827 4162 1876 4217 B
1891 4179 2020 4235 mg„
2034 4160 2571 4234 μετατιθεὶς-εῖρη’
2669 4179 2736 4216 ex
2754 4161 2801 4216 B
2816 4180 2928 4234 mg.
2943 4180 2993 4219 8.

595 4230 648 4285 8.
685 4229 910 4289 ἐκείνους
932 4230 1089 4287 edidi·
1118 4233 1326 4291 ἐκείνοις
1425 4250 1536 4305 m.g
1562 4233 1688 4290 εἰς’
1660 4235 1884 4290 εκείνους
1905 4251 1955 4288 8.
2103 4233 2477 4290 abruto-abra
2596 4233 2998 4292 αὐτὸς-αὖτοῖς

596 4298 701 4354 Ed.
946 4319 1030 4357 10.
1066 4303 1353 4376 δαιμόνων]
1386 4310 1447 4368 -Ι-
1474 4305 1635 4361 τιθεὶς
1658 4305 1839 4375 ὥσπερ
1863 4303 1943 4359 ὄπ’
1968 4304 2178 4360 ἐκείνως
2198 4305 2260 4359 τὸ
2284 4302 2548 4374 εἰρημένον
2570 4302 2660 4358 hic
2682 4303 2828 4359 haud
2853 4315 2998 4360 reete

593 4387 661 4425 ex
686 4370 735 4425 B
761 4388 872 4443 mg.
899 4371 1117 4429 adscita.
1142 4374 1327 4430 Holst.
1357 4374 1459 4429 Ed.
1607 4391 1692 4430 11.
1718 4375 1937 4444 ἐμαυτὸν
1959 4375 2043 4429 καὶ
2066 4374 2170 4432 hoc
2192 4373 2381 4428 ardiae
2408 4373 2524 4429 Β.8.
2660 4390 2745 4441 ι4.
2770 4375 2998 4445 ὁρᾶσθαι

593 4444 831 4496 τοιοῦτον
855 4441 959 4499 hoo
980 4442 1169 4498 ordine
1196 4444 1262 4499 B.
1428 4444 1511 4500 16.
1549 4446 1642 4500 οὐκ
1666 4445 1730 4500 ἂν
1751 4448 1853 4516 γὰρ
1877 4463 1927 4499 8.
2093 4447 2243 4515 ι9.ό
2266 4452 2321 4499 et
2342 4447 2512 4516 φησιν
2534 4454 2810 4516 assumpta
2832 4463 2901 4500 ex
2927 4446 2998 4501 B.

594 4511 889 4569 Abbroviat
910 4531 960 4570 8.
1156 4530 1243 4569 20.
1277 4520 1551 4586 μαρτυρῶν
1574 4516 1868 4587 δυσφημόν
1893 4515 1959 4572 Β.
1986 4514 2085 4569 Ht.
2109 4519 2354 4586 μαρτυρῶ
2376 4515 2670 4587 δυσφημιῶν
2690 4514 3002 4573 emendavit
3237 4487 3238 4496 ἵ

594 4582 741 4640 Aub.
946 4583 1368 4656 21.Asaumpta
1389 4590 1520 4656 τιμῶ
1544 4586 1870 4656 δὲ-τρόπον
1892 4603 1958 4642 ex
1985 4585 2033 4641 B
2057 4603 2169 4658 mg.
2193 4604 2264 4651 8.
2287 4587 2392 4657 γὰρ
2415 4603 2480 4640 ex
2504 4509 3238 4820 81
