3238 5158
214 334 473 405 viii.28.
570 336 685 402 IN
746 338 814 402 S.
863 336 1379 403 JOANNEM.
1470 336 1665 403 LIB.
1696 336 1778 402 V.
1871 337 2078 403 CAP.
2125 337 2246 403 IV.
2530 337 2616 400 33

212 508 484 603 λογιῶν
521 499 614 582 τὰ
662 509 808 583 τῶν
845 501 1210 583 Ἰουδαίων
1252 505 1413 584 ἐστὶ
1458 501 1915 603 τολμήματα,
1951 503 2111 583 οὐδὲ
2160 504 2238 581 έν
2269 499 2468 608 μόνῳ
2517 507 2622 609 τῷ

212 625 756 730 διαλοιδορῆσαι
831 632 1072 735 φιλεῖν
1136 624 1221 706 τὸ
1296 627 1651 707 ἀτίθασον
1717 628 1952 706 αὐτῶν
2014 627 2620 728 συμπεπέρασται

210 747 513 852 θράσος·
581 751 951 856 ἐρχόμενοι
1000 749 1076 830 δὲ
1127 748 1245 830 διὰ
1291 748 1539 852 πάσης
1589 748 1958 849 ὠμότητος
1995 753 2324 856 ἀφειδῶς,
2362 758 2614 828 τελευ·

209 878 473 958 τῶντες
538 877 655 953 καὶ
720 881 1016 982 σταυρῷ
1070 876 1188 954 καὶ
1244 873 1531 983 θανάτῳ
1585 875 2004 977 παρέδοσαν
2060 872 2300 953 αὐτόν.
2378 869 2619 971 ἐπειδὴ

143 1010 179 1069 5
209 993 287 1074 δὲ
341 993 434 1095 ἦν
479 996 666 1077 κατὰ
720 998 950 1102 φύσιν
996 995 1157 1099 ζωὴ,
1202 996 1590 1105 διαῤῥήξας
1646 994 1740 1077 τὰ
1793 1006 1923 1078 τοῦ
1978 994 2290 1077 θανάτου
2347 993 2614 1094 δεσμὰ,

207 1116 657 1223 διεγήγερται
711 1120 842 1219 μὲν
896 1125 974 1201 ἐκ
1030 1128 1315 1225 νεκρῶν,
1365 1122 1731 1227 άποφοιτᾷ
1790 1118 1866 1199 δὲ
1922 1117 2210 1203 εἰκότως
2266 1124 2395 1218 τῆς
2426 1118 2614 1198 Ἰου-

209 1241 430 1321 δαίων
465 1245 874 1348 βδελυρίας,
911 1247 1031 1325 καὶ
1069 1253 1199 1325 τοῦ
1242 1244 1373 1343 μὲν
1407 1242 1722 1348 Ἰσραὴλ
1773 1242 2108 1343 ἀπεπήδα
2156 1247 2275 1323 καὶ
2323 1240 2620 1347 σφόδρα
2647 1262 2690 1325 b

208 1366 514 1463 δικαίως,
551 1366 803 1447 ἑαυτὸν
838 1367 913 1448 δὲ
959 1368 1142 1471 πρὸς
1192 1367 1285 1448 τὰ
1336 1367 1506 1468 ἔθνη
1557 1370 1972 1466 μετατιθεὶς,
2008 1365 2282 1450 πάντας
2326 1364 2622 1445 ἐκάλεσε

204 1486 393 1591 πρὸς
447 1489 532 1570 τὸ
587 1497 775 1597 φῶς,
818 1494 937 1571 καὶ
983 1499 1291 1599 τυφλοῖς
1342 1491 1475 1591 μὲν
1519 1492 1729 1571 οὖσιν
1774 1488 2190 1597 ἀνάβλεψιν
2237 1489 2619 1593 ἐχαρίζετο.
2716 1507 2954 1559 Es.1xi.1.

105 1639 181 1681 10
208 1614 636 1714 συμβέβηκε
694 1616 935 1694 τοίνυν
987 1614 1169 1714 μετὰ
1232 1613 1361 1694 τὸν
1420 1617 1535 1695 ἐπὶ
1596 1618 1702 1721 τῷ
1768 1619 2064 1721 σταυρῷ
2129 1611 2442 1693 θάνατον
2495 1618 2624 1692 τοῦ

210 1741 553 1840 Σωτῆρος
603 1739 805 1836 ἡμῶν
840 1744 1196 1840 Χριστοῦ,
1228 1738 1358 1822 τὰς
1393 1736 1523 1836 μὲν
1559 1745 1705 1817 τῶν
1741 1738 2107 1818 Ἰουδαίων
2144 1739 2623 1835 σκοτισθῆναι

207 1860 548 1958 διανοίας,
609 1858 733 1940 ἅτε
789 1857 878 1959 δὴ
934 1863 1051 1941 καὶ
1106 1858 1592 1964 ἐκχωρηκότος
1647 1862 1814 1962 παρ’
1867 1862 2105 1940 αὐτῶν
2158 1868 2287 1940 τοῦ
2342 1858 2615 1964 φωτὸς,

205 1980 340 2066 τὰς
397 1983 473 2064 δὲ
527 1990 674 2063 τῶν
722 1985 948 2063 ἐθνῶν
996 1987 1732 2086 καταλαμπρυνθῆναι
1789 1984 2100 2084 καρδιας,
2153 1987 2249 2067 ὡς
2305 1981 2615 2081 ἐπιλάμ·

207 2110 496 2212 ψαντος
545 2108 783 2190 αὐτοῖς
828 2114 956 2187 τοῦ
994 2104 1235 2214 φωτος
1270 2114 1399 2186 τοῦ
1433 2109 1803 2207 ἀληθινοῦ.
1868 2104 2096 2188 Ὀταν
2133 2108 2260 2185 οὖν
2296 2101 2636 2215 &fimena
2651 2139 2687 2181 e

108 2243 180 2303 Ῑ5
210 2237 408 2335 φησι
455 2265 560 2309 τον
595 2235 721 2310 υἱον
759 2234 868 2310 τοῧ
918 2229 1250 2337 ἄνθρωπον
1300 2266 1447 2310 τοτε
1494 2228 1913 2332 γνῶσεσθε”
1881 2265 1975 2310 οτι
2028 2229 2165 2333 ἔγω
2214 2237 2371 2336 εἶμι.
2467 2230 2624 2308 ἀντὶ

206 2360 338 2431 τοῦ
400 2357 772 2454 Περιμενῶ
827 2357 955 2453 τῆς
1009 2355 1209 2504 ὑμῶν
1256 2355 1693 2449 δυσσεβείας
1747 2387 1833 2434 το
1889 2352 2123 2451 τέλος,
2169 2354 2298 2434 οὐκ
2354 2354 2626 2433 ε’ποίσω

208 2472 285 2554 δὲ
340 2472 678 2579 πρόωρον
733 2479 898 2576 ὑμῖν
952 2476 1084 2577 τὴν
1140 2475 1388 2581 ὀργὴν,
1443 2477 1819 2584 ἐκδέξομαι
1873 2512 1959 2557 το
2014 2485 2270 2557 παθεῖν
2325 2478 2443 2557 καὶ
2498 2510 2626 2556 τον

209 2598 552 2698 θάνατον,
609 2602 939 2700 ὑπομενῶ
1002 2600 1185 2703 πρὸς
1248 2608 1398 2686 τοῖς
1462 2601 1721 2686 ἄλλοις
1775 2604 1894 2681 καὶ
1952 2610 2189 2682 τοῦτο
2278 2603 2448 2679 ἀλλ’
2511 2600 2628 2682 ὅτε

210 2727 512 2829 σταυρῷ
568 2729 948 2826 παραδῶτε
1004 2762 1109 2804 τον
1163 2723 1289 2805 υἱον
1348 2728 1458 2804 τοῧ
1518 2721 1853 2831 ἄνθρωπον
1913 2725 2297 2828 ἄνθρωπον
2353 2724 2628 2826 γυμνὸν

108 2874 184 2915 20
210 2845 652 2944 νομισθέντα
686 2850 854 2949 παρ’
896 2849 1081 2946 ὑμῖν,
1116 2850 1265 2928 τότε
1299 2846 1629 2950 γνώσεσθε
1667 2849 1784 2926 καὶ
1837 2849 1971 2952 οὐχ
2020 2845 2318 2944 ἑκόντες,
2359 2850 2623 2953 φησὶν,

210 2970 308 3052 ὡς
357 2969 445 3048 οὖ
491 2970 923 3076 διέψευσμαι
973 2971 1213 3080 λέγων
1262 2971 1361 3050 ’ὅτι
1413 2971 1554 3073 ἐγώ
1604 2979 1740 3074 εἰμι
1791 2970 1876 3050 τὸ
1927 2977 2085 3076 φῶς
2133 2978 2263 3050 τοῦ
2313 2969 2620 3070 κόσμου.

212 3091 390 3172 ὅταν
441 3093 586 3197 γὰρ
641 3092 930 3179 ἑαυτοὺς
987 3095 1507 3178 σκοτισθέντας
1561 3092 1905 3193 βλέπητε,
1942 3092 2503 3199 πεφωτισμένην
2548 3092 2624 3174 δὲ
2651 3105 2695 3169 d

209 3222 356 3295 τῶν
395 3218 623 3297 ε’θνῶν
657 3216 789 3318 τὴν
832 3218 1229 3321 ἀμέτρητον
1277 3216 1567 3317 πληθὺν
1611 3216 1728 3297 διὰ
1783 3217 1869 3297 τὸ
1926 3219 2267 3319 γενέσθαι
2318 3251 2404 3317 με
2454 3216 2623 3319 παρ’

210 3340 474 3437 αὐτοῖς,
507 3347 661 3426 πῶς
707 3342 867 3445 οὐχὶ
917 3345 1035 3421 καὶ
1089 3342 1379 3427 ἄκοντες
1433 3347 1793 3444 συνερεῖτε
1843 3338 2104 3422 λοιπὸν
2141 3340 2251 3420 ὅτι
2289 3348 2446 3445 φῶς
2485 3346 2627 3439 εἶμι

110 3480 184 3541 25
210 3470 339 3542 τοῦ
393 3460 674 3562 κόσμου
725 3465 909 3543 κατὰ
958 3462 1343 3564 ἀλήθειαν;
1403 3464 1513 3543 ὅτι
1561 3464 1707 3566 γὰρ
1758 3464 2064 3563 ἔμελλεν
2099 3469 2228 3564 τῆς
2259 3465 2626 3545 Ἰουδαίων

210 3586 740 3693 ἀποφοιτήσειν
778 3592 1218 3690 Συναγωγῆς
1272 3587 1454 3687 μετὰ
1508 3585 1642 3686 τὴν
1686 3590 1765 3667 ἐκ
1823 3594 2090 3691 νεκρῶν
2138 3590 2547 3682 ἀναβίωσιν
2585 3591 2625 3668 ὁ

215 3708 494 3812 Σωτὴρ,
534 3712 762 3792 οὐδενὶ
795 3709 928 3809 μὲν
965 3712 1408 3815 ἀμφίβολον·
1447 3710 1851 3813 πέπρακται
1889 3708 2033 3813 γὰρ
2070 3711 2187 3791 καὶ
2226 3710 2623 3810 διήνυσται·

210 3831 414 3932 πλήν
470 3835 635 3913 ἐστι’
690 3869 868 3930 πως,
924 3841 1215 3932 μᾶλλον
1270 3822 1346 3914 δε
1411 3832 1547 3933 ἤδη
1612 3840 1877 3937 σαφῶς
1945 3837 2064 3912 καὶ
2120 3836 2198 3913 ἐκ
2253 3841 2398 3914 τῶν
2452 3835 2623 3938 παρ’

213 3955 434 4035 αὐτοῦ
469 3962 951 4061 περιαθρῆσαι
1000 3955 1248 4059 λόγων
1284 3967 1329 4004 “
1353 3956 1555 4041 ’Ἕως
1603 3955 1750 4058 γὰρ
1799 3990 1885 4035 το
1937 3963 2094 4105 φῶς
2148 3991 2372 4061 εχετε,
2414 3991 2620 4061 περι·
2719 3975 2862 4025 Insm

113 4105 190 4163 30
217 4089 260 4127 ‘⁶
294 4087 581 4160 πατεῖτε
635 4084 711 4160 ἐν
762 4086 864 4188 τῶ
921 4081 1215 4186 φωτὶ,”’
1184 4115 1298 4160 ινα
1352 4079 1454 4181 μὴ
1512 4081 1556 4178 ἡ
1614 4080 1874 4160 σκοτία
1933 4083 2112 4178 ὑμᾶς
2167 4080 2622 4187 καταλάβῃ.”
2717 4043 2802 4090 xii
2833 4053 2910 4102 ³⁵

295 4305 343 4343 1.
381 4289 412 4341 ἕ
536 4290 750 4361 conjicit
777 4291 866 4346 He
905 4308 978 4345 se.
1239 4310 1348 4346 orn.
1377 4292 1522 4346 Aub.
1733 4305 1784 4373 7.
1820 4293 1882 4347 τὸ
1912 4291 1976 4345 Β.
2002 4293 2094 4346 τὸν
2122 4291 2302 4348 IIolst.
2329 4296 2423 4347 τοῦ
2447 4310 2628 4346 emen·

221 4356 370 4412 davit
395 4359 484 4413 Au
891 4362 1184 4430 .μετατεθε
1161 4384 1234 4419 ες
1261 4363 1327 4417 Β.
1358 4360 1786 4418 Ht.emendav1t
1811 4361 1956 4416 Aub.
2272 4377 2354 4433 17.
2391 4364 2633 4432 πρόωρον

221 4439 567 4498 assumptum
590 4448 656 4484 ex
683 4430 798 4485 B.a.
819 4437 1063 4520 προορῶν
1091 4432 1189 4486 Ht.
1387 4450 1472 4487 20.
1510 4432 1632 4501 παρ’
1656 4433 1688 4485 ὖ
1726 4435 1777 4486 ἲν
1800 4431 2145 4501 νομισθέντα
2133 4451 2347 4488 mverso
2372 4431 2559 4485 ordine
2584 4451 2632 4486 a.

226 4514 315 4568 ²3·
300 4500 446 4621 .Βτὴν
467 4499 755 4570 ἀμέτρητον
777 4507 879 4556 τῶν
903 4500 1098 4557 ἐθνῶν
1086 4521 1298 4559 mverso
1323 4504 1509 4559 ordine
1533 4503 1588 4558 b.
1593 4522 1640 4558 c.
1753 4501 1833 4557 rd.
2105 4521 2193 4574 30.
2232 4503 2262 4573 ἡ
2288 4507 2632 4571 assumptum

227 4585 292 4622 ex

316 4667 460 4712 vol..
494 4669 572 4714 11.
1415 4676 1449 4718 Γ
