3238 5158
557 777 594 819 0

279 1356 356 1406 cf.
372 1355 497 1406 Mic.

277 1438 350 1472 111.
371 1436 422 1488 9.

550 1866 595 1930 d

562 2719 598 2763 θ

523 2864 634 2914 12‘

526 3124 597 3182 13

609 332 743 397 456
1219 331 1297 397 Β.
1347 330 1773 397 CYRILLI
1832 330 2413 397 ALEXANDR.
2623 329 2758 396 xiv.
2794 347 2899 407 12,
2926 348 3033 416 13·

611 496 690 574 ἐν
761 495 923 590 ἐμοί
989 497 1233 592 ἐστιν;
1323 492 1477 576 εἶτα
1558 495 1744 600 πρὸς
1822 495 2193 603 ἀπόδειξιν
2265 503 2397 576 τοῦ
2470 492 2604 596 τὴν
2674 493 3039 595 ἀλήθειαν

615 623 857 716 εἰπεῖν,
894 620 1023 699 οὐκ
1073 617 1164 700 ἂν
1197 622 1551 725 παροίσω
1597 621 2020 725 πρέποντως
2065 620 2198 722 τὴν
2239 622 2315 701 ἐν
2350 626 2499 706 τοῖς
2547 620 3040 723 ἀνθρωπίνοις

617 743 855 846 ἔργοις
911 742 1069 842 ἤτοι
1122 750 1458 851 φυσικοῖς
1512 743 2099 846 πλεονεκτήμασι
2143 742 2548 846 ταυτότητα
2598 744 2838 848 λέγων
2880 741 3041 825 Aa}

614 864 709 947 τέι
765 866 935 973 ἔργα.
991 866 1175 948 αὐτὶ
1227 867 1588 951 πιστεύετέ
1630 905 1772 976 μοι,
1834 869 1978 974 ἔχω
2039 868 2183 973 γὰρ
2246 868 2487 951 πάντα
2540 871 2660 950 καὶ
2715 870 3039 971 ἐνεργεῖν

616 991 851 1096 ἰσχύω
905 990 997 1072 τὰ
1051 997 1142 1098 τῇ
1197 994 1606 1101 ἀνθρωπεία
1659 992 2036 1097 προσόντα
2091 993 2337 1103 φύσει.
2416 994 2588 1074 ἀλλ’
2627 988 2821 1091 οἶμαι
2876 999 3038 1077 πᾶς
3063 1020 3105 1080 5

616 1148 725 1199 τις
760 1116 908 1220 ἐρεῖ
935 1118 1052 1196 καὶ
1087 1115 1507 1197 συναινέσαι
1542 1120 1843 1214 δικαίως,
1868 1116 1979 1198 ὅτι
2013 1115 2218 1220 λέγοι
2252 1115 2384 1218 μὲν
2419 1120 2680 1218 ἀληθῆ,
2703 1120 3039 1219 δριμεῖαν

619 1233 698 1315 δὲ
745 1242 893 1315 τῶν
927 1239 1005 1316 ἐν
1039 1244 1188 1322 τοῖς
1236 1239 1434 1322 ἰδίοις
1480 1236 1713 1340 ἔργοις
1761 1237 2127 1345 ἀπόδειξιν
2161 1236 2295 1338 τὴν
2327 1235 2726 1337 ταυτότητα
2772 1272 3030 1341 παρα-

621 1359 940 1458 κομίσαι.
1018 1362 1098 1442 τί
1145 1370 1527 1466 τοιγαροῦν
1575 1367 1643 1443 οἱ
1692 1360 1787 1442 τὰ
1834 1363 2068 1466 ὀρθῶς
2121 1362 2380 1467 ἔχοντα
2434 1362 3029 1468 διαστρέφοντες,

620 1481 723 1584 μὴ
786 1482 921 1586 τὴν
974 1486 1250 1567 εὐθεῖαν
1299 1492 1446 1566 τῶν
1499 1485 1981 1589 θεωρημάτων
2035 1485 2205 1566 ἰέναι
2266 1485 2518 1589 τρίβον
2575 1482 2740 1571 τοὺς
2804 1486 3038 1572 ἰδίους

624 1609 1097 1690 ἀναπείθουσι
1151 1607 1499 1716 φοιτητὰς
1545 1609 1770 1709 ἀλλά,
1806 1613 1934 1709 τῆς
1989 1613 2381 1710 βασιλικῆς
2428 1644 2507 1690 τε
2554 1612 2674 1690 καὶ
2724 1642 3023 1712 τετριμ·
3066 1640 3143 1680 10

619 1732 833 1833 μένης
868 1734 1294 1840 ἐξώσαντες,
1331 1732 1465 1835 τὴν
1500 1738 1775 1835 ἀστιβῆ
1825 1738 1941 1817 καὶ
1992 1741 2329 1840 τραχεῖαν
2365 1732 2731 1838 ἐρχόμενοι
2769 1736 3025 1814 διαλε·
3084 1732 3099 1736 ’

620 1856 897 1955 λήθασι
944 1856 1077 1957 μὲν
1126 1857 1437 1955 ἑαυτοὺς,
1474 1862 1954 1961 συντρίβουσι
2008 1857 2084 1938 δὲ
2139 1862 2258 1938 καὶ
2310 1856 2476 1942 τοῦς
2508 1837 2829 1938 1ἕπεσθαι
2878 1863 3035 1939 δεῖν

619 1979 978 2081 οἰομένους
1014 1982 1252 2066 αὐτοῖς
1284 2014 1306 2079 ;
1369 1984 1540 2062 ἀλλ’
1581 1983 1801 2082 ἡμεῖς,
1839 1984 1922 2064 οὗ
1959 1983 2225 2084 ταύτην
2259 1981 2624 2087 ἐρχόμενοι
2658 1978 2794 2082 τὴν
2831 1980 3031 2080 ὁδὸν,

617 2101 752 2206 τὴν
795 2107 1129 2205 εὐθυτενῆ
1180 2105 1623 2205 βαδιούμεθα
1676 2112 1814 2206 καὶ,
1851 2113 2002 2192 τοῖς
2057 2114 2264 2210 ἱεροῖς
2315 2104 2720 2205 πειθόμενοι
2773 2104 3021 2210 γράμ-

615 2264 864 2329 μασιν,
903 2235 1253 2331 ἰσοσθενῆ
1305 2234 1424 2311 καὶ
1473 2230 1860 2332 ὁμοούσιον
1897 2237 2001 2342 τῷ
2040 2236 2209 2340 Θεῷ
2241 2234 2358 2312 καὶ
2398 2234 2635 2333 Πατρὶ
2670 2231 3023 2312 πιστεύο-
3058 2258 3129 2318 15

617 2390 750 2454 μεν
784 2352 960 2434 εἶναι
995 2353 1123 2435 τὸν
1159 2356 1251 2462 ἐξ
1294 2356 1512 2436 αὐτοῦ
1556 2356 1986 2457 γεννηθέντα
2035 2354 2220 2436 κατὰ
2271 2356 2500 2462 φύσιν
2533 2353 2746 2453 Υὶὸν,
2787 2352 3033 2436 εἰκόνα

617 2513 698 2559 τε
735 2476 1081 2585 ὑπάρχειν
1115 2480 1354 2578 αὐτοῦ,
1394 2478 1511 2559 διά
1546 2513 1626 2560 τε
1661 2487 1875 2562 τοῦτο
1912 2478 2130 2561 αὐτὸν
2164 2477 2299 2582 μὲν
2333 2476 2508 2561 εἶναι
2543 2481 2622 2560 ἐν
2659 2480 2926 2584 Πατρὶ,
2955 2484 3033 2562 ἐν

619 2605 848 2712 ἑαυτῷ
885 2603 962 2684 δὲ
997 2601 1126 2684 τὸν
1163 2603 1482 2708 Πατέρα.

644 2861 825 2940 Αμιὶν
882 2862 1057 2941 ἀμὴν
1115 2865 1291 2938 Adron
1352 2860 1520 2948 ὑμῖν,
1579 2864 1618 2931 ὁ
1681 2866 2008 2934 πιστεύων
2070 2861 2166 2932 εἷο
2225 2865 2364 2947 ἐμὲ,
2420 2865 2500 2931 τὰ
2562 2863 2720 2954 §pru
2782 2866 2827 2930 ἃ
2890 2864 3031 2941 ἐγὼ

726 2990 900 3055 ποιῶ
954 2985 1253 3055 κάκεῖνος
1307 2992 1588 3074 ποιήσει,
1633 2991 1739 3056 καί
1793 2991 2049 3083 μείζονα
2104 2991 2356 3058 τούτων
2400 2991 2681 3070 ποιήσει,
2733 2990 2836 3058 ὅτι
2889 2989 3032 3065 &nb
3058 3009 3129 3051 20

725 3118 891 3205 πρὸς
953 3116 1066 3183 τὸν
1127 3117 1391 3206 Πατέρα
1452 3118 1838 3206 πορεύομαι,
1901 3117 2006 3183 καί
2065 3118 2103 3184 ὅ
2165 3141 2227 3184 τι
2286 3117 2365 3184 ἂν
2429 3115 2737 3184 αἰτήσητε
2795 3116 2871 3184 ἐν
2936 3123 3039 3202 τῷ

724 3241 998 3320 ὀνόματί
1083 3265 1228 3326 μου,
1304 3250 1500 3311 τοῦτο
1586 3245 1864 3325 ποιήσω,
1946 3243 2054 3309 ἵνα
2142 3242 2430 3336 δοξασθῇ
2518 3244 2556 3312 ὀ
2631 3240 2863 3332 Πατι-ἰρ
2953 3244 3029 3309 ἐν

723 3369 819 3451 τῷ
869 3364 1027 3454 Υἶῴ.

804 3531 876 3633 ἵη
924 3531 1059 3632 μὲν
1104 3532 1215 3633 ἂν,
1251 3533 1448 3636 εἴπερ
1501 3568 1606 3641 τῳ
1663 3535 1861 3614 δοκεῖ
1897 3538 2000 3641 τῷ
2045 3538 2194 3613 τῶν
2235 3532 2713 3637 προκειμένων
2755 3538 3030 3637 θεωρη-

624 3653 874 3753 μάτων
908 3657 1489 3738 συνεκτείνεσθαι
1525 3656 1810 3756 πλάτει,
1835 3655 2110 3762 μακρὸς
2145 3661 2263 3738 καὶ
2299 3655 2531 3752 βαθὺς
2567 3657 2608 3735 ὁ
2644 3654 2898 3759 λόγος·
2938 3657 3027 3739 τὸ
3057 3686 3129 3746 25

292 3795 430 3852 802
447 3793 531 3851 A·
568 3809 604 3851 a
628 3778 702 3860 δὲ
748 3787 898 3865 τοῖς
948 3777 1419 3883 ἀκροωμένοις
1469 3782 1870 3866 ἐννοοῦντες
1919 3780 2540 3884 λυσιτελέστερον,
2575 3778 3024 3888 περιδράξα-

624 3908 804 3984 σθαι
861 3910 1008 3983 τῶν
1064 3903 1610 4004 σημαινομένων
1664 3903 2061 4005 οἰησόμεθα
2121 3905 2437 4008 πρέπειν,
2489 3902 2575 3984 τὸ
2642 3902 2839 3985 πολὺ
2895 3913 3031 3986 τοῦ

624 4025 854 4129 λόγου
888 4027 1473 4129 περιστείλαντες
1507 4033 1758 4129 μῆκος·
1820 4029 1924 4131 εἴη
1973 4027 2117 4132 γὰρ
2164 4028 2256 4109 ἀν
2291 4031 2476 4110 οὕτω
2510 4028 2841 4130 μάλιστα
2876 4036 3031 4116 τοῖς

625 4158 936 4237 πολλοῖς
972 4150 1496 4257 εὐπαράδεκτον
1529 4153 1615 4233 τὸ
1655 4153 2008 4258 θεώρημα.
2077 4153 2418 4263 ἐπιδεῇ
2456 4162 2841 4259 τοιγαροῦν
2874 4157 3029 4235 ἐθε-

627 4273 892 4376 λήσας,
951 4279 1048 4362 ὡς
1102 4277 1207 4380 εἴη
1269 4276 1399 4378 μὲν
1453 4278 1837 4378 ὄμοούσιος
1898 4284 2002 4388 τῷ
2070 4279 2223 4387 ἰδίῳ
2288 4278 2681 4381 γεννήτορι,
2735 4280 2855 4359 καὶ
2914 4277 3027 4358 ὅτι
3054 4308 3129 4365 3ο

698 4494 751 4550 6.
773 4495 937 4585 λέγοι
957 4519 1052 4565 μεν
1076 4497 1142 4556 Ε.
1165 4497 1410 4572 λέγοιμεν
1432 4496 1537 4555 Ed.
1826 4500 1909 4556 18.
1945 4500 2084 4573 αὐτῷ
2110 4500 2176 4556 Ε.
2467 4516 2555 4568 24.
2591 4499 2935 4571 θεωρημάτων
2958 4501 3026 4557 E.

627 4565 917 4638 θεωρήματι
943 4568 1047 4624 Ed.
