3238 5158
611 339 737 403 152
924 385 937 390 -
1217 342 1295 407 Β.
1344 342 1763 408 CYRILLI
1825 342 2405 409 ALEXANDR.
2835 340 3010 456 ix.·4.

610 504 814 583 ἐστὶν
869 508 968 590 ὡς
1024 510 1102 588 ἐν
1151 508 1367 616 ἑτέρῳ
1424 510 1542 588 καὶ
1598 509 2082 617 ἁπλουστέρῳ
2139 507 2346 617 λόγῳ
2389 508 2552 589 Οὐκ
2607 507 2698 614 ἐξ
2746 504 3017 587 οἰκείων

613 627 1147 730 ἁμαρτημάτων
1209 630 1254 734 ἢ
1330 639 1638 735 γονικῶν
1705 635 1746 714 ὁ
1822 631 2200 735 ἅνθρωπος
2275 633 2635 738 ἀπετέχθη
2702 626 3013 736 τυφλὸς,

279 769 417 824 599
439 765 516 821 A·
554 778 592 819 a
615 751 852 851 ἐπειδὴ
912 754 988 835 δὲ
1045 752 1254 863 ἅπαξ
1306 765 1519 837 τοῦτο
1582 763 1837 837 παθεῖν
1898 758 2342 857 συμβέβηκε,
2399 754 2706 836 δυνατὸν
2763 755 2879 834 καὶ
2945 754 3022 833 ἐν

616 877 810 984 αὐτῷ
860 879 1291 986 δοξάζεσθαι
1339 879 1468 961 τὸν
1505 881 1723 961 Θεόν·
1804 881 1977 962 ὅταν
2013 880 2158 985 γὰρ
2211 881 2525 988 ἐνεργείᾳ
2574 886 2664 985 τῇ
2715 879 3015 974 ἄνωθεν,

615 1008 745 1081 τοῦ
800 1012 1422 1109 παρενοχλοῦντος·
1473 1009 1590 1085 καὶ
1641 1006 2186 1112 ἐπισκήψαντος
2233 1007 2427 1114 αὐτῷ
2475 1005 2751 1087 πάθους
2808 1001 3011 1083 ἐλεύ-
3050 1025 3090 1085 5

617 1131 823 1228 θερος
859 1129 1129 1234 εὑρεθῇ,
1167 1130 1275 1215 τίς
1311 1131 1395 1208 οὐ
1433 1128 1792 1229 θαυμάσει
1827 1130 1956 1209 τὸν
1994 1130 2282 1230 ἱατρόν;
2344 1132 2450 1214 τίς
2502 1127 2578 1209 δὲ
2622 1136 2750 1209 τοῦ
2800 1135 3010 1230 θερα-

616 1249 1019 1337 πεύσαντος
1055 1254 1138 1334 οὖ
1174 1252 1571 1359 κατόψεται
1610 1253 1743 1355 τὴν
1778 1253 2080 1353 δύναμιν
2116 1257 2191 1334 ἐν
2226 1256 2420 1361 αὐτῷ
2453 1288 2474 1349 ;

730 1376 1022 1478 Ταύτην
1057 1373 1253 1478 οἶμαι
1288 1378 1420 1479 τὴν
1456 1375 1774 1458 διάνοιαν
1810 1380 2174 1481 ἐγκεῖσθαι
2210 1384 2313 1486 τῷ
2345 1376 2804 1486 προκειμένῳ,
2837 1383 3024 1456 νοεῖν

619 1497 697 1580 δὲ
758 1507 905 1586 τοῖς
963 1510 1288 1586 συνετοῖς
1348 1502 1625 1610 ἐξέστω
1679 1500 1772 1583 τὰ
1825 1502 2254 1607 τελειότερα·
2334 1509 2392 1583 εἰ
2457 1503 2532 1584 δὲ
2596 1501 2705 1582 ὅτι
2768 1501 3025 1603 πρέπει

619 1615 1050 1732 φιλονεικεῖν
1109 1625 1379 1707 οἴονταί
1430 1661 1640 1724 τινες,
1710 1625 1829 1706 διά
1886 1661 1964 1706 τε
2022 1628 2236 1708 τοῦτό
2298 1634 2489 1733 φασι
2552 1625 2681 1707 τὸν
2738 1622 3026 1732 τυφλὸν
3058 1656 3136 1696 10

621 1754 1101 1851 γεγεννῆσθαι
1149 1752 1279 1831 τὸν
1322 1751 1729 1854 ἄνθρωπον,
1763 1752 1878 1832 ἵνα
1925 1751 2250 1856 Χριστὸς
2301 1754 2378 1832 ἐν
2411 1754 2605 1860 αὐτῷ
2657 1751 3020 1857 δοξασθῇ,

553 1880 598 1946 b
622 1870 848 1952 πάλιν
884 1877 1179 1976 ἐροῦμεν
1217 1876 1454 1958 αὐτοῖς
1480 1872 1679 1977 'Apa
1728 1877 1855 1956 οὖν
1896 1871 1957 1954 ὦ
2006 1884 2317 1976 γενναῖοι
2365 1874 2581 1973 μόνος
2630 1875 2721 1977 ἦν
2765 1877 3026 1957 ἐκεῖνος

624 1998 700 2075 ἐν
738 1994 878 2102 ὅλῃ
914 2002 1004 2102 τῇ
1041 1999 1350 2106 Ἰουδαίᾳ
1394 1998 1677 2104 τυφλὸς
1722 2002 1800 2081 ἐκ
1852 2004 2160 2103 γενετῆς,
2196 1997 2380 2081 κατὰ
2414 1999 2541 2080 τὸν
2576 2004 2704 2100 τῆς
2739 2033 3020 2100 παρου-

625 2120 792 2204 σίας
831 2129 957 2200 τοῦ
994 2126 1328 2227 Σωτῆρος·
1354 2122 1556 2224 ἡμῶν
1583 2122 1856 2227 καιρὸν,
1877 2123 2111 2209 ἄλλος
2150 2122 2225 2205 δὲ
2262 2126 2486 2208 οὐδεὶς
2520 2121 2605 2204 τὸ
2638 2121 3021 2228 παράπαν;

626 2245 799 2324 ἀλλ’
841 2240 1038 2346 οἶμαι
1074 2249 1192 2326 καὶ
1229 2248 1364 2353 οὐχ
1401 2246 1678 2331 ἑκόντες
1718 2245 2303 2350 ὃμολογήσονται
2340 2252 2436 2332 ὡς
2472 2246 2562 2348 ἦν
2598 2245 2672 2325 δὲ
2720 2249 2844 2327 καί
2881 2281 3029 2327 που
3059 2272 3138 2332 ¹5

628 2367 929 2474 σφόδρα
967 2367 1151 2456 εἰκὸς
1187 2372 1317 2450 οὐκ
1351 2371 1826 2474 εὐαρίθμητον
1862 2375 1937 2453 ἐν
1976 2371 2115 2479 ὅλῃ
2151 2377 2241 2479 τῇ
2278 2373 2482 2479 χώρᾳ
2516 2378 2661 2451 τῶν
2685 2372 3030 2451 τοιούτων

631 2488 807 2573 εἶναι
865 2492 999 2596 τὴν
1051 2495 1364 2596 πληθύν.
1457 2502 1612 2582 πῶς
1669 2498 1794 2577 οὖν
1848 2500 1944 2582 εἷς
1999 2496 2124 2576 ἕνα
2178 2499 2295 2576 καὶ
2348 2495 2591 2598 μόνον,
2648 2493 2693 2596 ἢ
2758 2499 2875 2575 καὶ
2933 2502 3032 2579 εἷς

630 2617 907 2721 ἐτέρους
972 2619 1099 2701 τὸν
1154 2619 1459 2724 ἀριθμὸν
1513 2628 1811 2727 βραχεῖς
1873 2623 1919 2723 ἡ
1985 2623 2337 2729 ἐπίδειξις,
2396 2621 2555 2721 ἤτοι
2631 2621 3031 2728 φιλοτιμία,

631 2743 884 2845 γέγονε
929 2751 1059 2823 τοῦ
1095 2750 1425 2849 Χριστοῦ
1458 2778 1479 2844 3
1552 2748 1723 2826 ἀλλ’
1763 2743 1966 2844 οἶμαί
2021 2781 2100 2850 γε
2152 2746 2240 2846 δὴ
2290 2751 2406 2827 καὶ
2458 2743 2542 2827 τὸ
2592 2748 2705 2827 ἐπὶ
2755 2743 3035 2829 τούτοις

573 2893 610 2938 0
634 2866 826 2952 ὅλως
862 2870 1336 2950 διατείνεσθαι
1370 2869 1729 2973 περιττόν.
1793 2871 2047 2952 οὐκοῦν
2085 2874 2181 2956 ὡς
2218 2873 2459 2971 εὔηθες
2491 2872 2748 2976 κομιδῇ
2783 2903 3030 2972 παρω-
3063 2909 3144 2950 20

634 2989 934 3090 σάμενοι
983 2993 1069 3075 τὸ
1118 2995 1207 3101 ἐξ
1251 2997 1499 3100 ἀρχῆς,
1535 2997 1831 3096 ἐροῦμεν
1870 2999 1966 3080 ὡς
2010 2994 2295 3094 ἀληθὲς,
2332 2995 2440 3076 ὅτι
2474 3002 2828 3075 τοσοῦτον
2864 2994 3038 3093 ἡμῖν

633 3116 1125 3225 ἀποκαλύψας
1172 3120 1248 3198 ἐν
1296 3126 1444 3202 τοῖς
1493 3118 1940 3222 ζητουμένοις
1991 3118 2171 3199 ὅσον
2213 3122 2348 3200 ἔδει
2396 3125 2671 3220 μαθεῖν,
2710 3118 3038 3199 ὧπονεύει

631 3242 815 3344 πρὸς
853 3241 1092 3344 ἕτερον
1130 3240 1357 3343 λόγον
1394 3247 1522 3343 τῆς
1558 3246 1635 3323 ἐν
1671 3242 1948 3329 τούτοις
1997 3243 2279 3348 ἐρεύνης
2326 3245 2603 3352 εὐφυῶς
2653 3242 3042 3350 ὑπεξάγων

630 3363 761 3444 τὸν
794 3364 976 3445 ἴδιον
1009 3364 1360 3467 μαθητήν.

567 3648 843 3725 4“Ημᾶο
898 3643 997 3714 δεῖ
1048 3649 1425 3740 ἒρΓάζεσθαι
1476 3649 1556 3717 τὰ
1611 3651 1770 3742 &prot
1818 3658 1933 3718 τοῦ
1984 3653 2368 3731 πέμψαντος
2418 3651 2591 3728 ἡμᾶς
2637 3651 2769 3716 ἕως
2820 3648 3043 3740 ἡμέρα
3074 3670 3151 3731 25

865 3773 1061 3841 ἐστίν·
1133 3775 1394 3865 ἔρχεται
1448 3775 1583 3858 νὺξ,
1637 3780 1748 3847 ὅτε
1805 3776 2021 3843 οὐδεὶς
2076 3777 2346 3844 δύναται
2397 3776 2795 3867 ὲρΓάζεσθαι.

744 3953 934 4035 Ἰδοὺ
986 3953 1075 4056 δὴ
1129 3956 1297 4036 λίαν
1343 3960 1417 4036 ἐν
1460 3956 1735 4043 τούτοις
1793 3964 2057 4064 σαφῶς
2114 3992 2192 4038 τε
2250 3961 2367 4038 καὶ
2416 3960 2733 4040 ἐπιεικῶς
2782 3990 3051 4056 μονον-

632 4081 792 4184 ουχὶ
858 4081 974 4158 καὶ
1040 4080 1278 4185 ἕτερον
1344 4079 1789 4181 ὑποπλήττει
1863 4079 2031 4166 τοῦς
2098 4080 2426 4184 μαθητὰς
2495 4085 2592 4166 ὡς
2664 4081 2909 4184 ἕτερόν
2975 4115 3052 4161 τι

563 4214 607 4279 d
631 4203 1119 4307 τραπομένους
1174 4206 1345 4308 παρ’
1406 4204 1583 4310 ὅπερ
1640 4209 1888 4311 ἐχρῆν,
1952 4209 2069 4286 καὶ
2131 4203 2488 4313 ἁμαξιτὸν
2539 4205 2671 4304 μὲν
2726 4198 3054 4311 ἀφέντας

701 4467 753 4516 4.
792 4447 880 4502 ὅτε
903 4466 954 4504 a.
1152 4466 1204 4520 9.
1152 4449 1441 4520 9ἐξέστω
1470 4449 1535 4504 Β.
1561 4449 1740 4518 ἔξεστι
1766 4449 1954 4505 Holet.
1981 4448 2084 4504 Ed.
2179 4450 2423 4537 λειότερα
2445 4449 2512 4503 Β.
2537 4451 2837 4519 τελειότερα
2862 4466 3053 4503 emen-

628 4518 774 4574 davit
804 4519 899 4574 Ht.
1104 4535 1186 4575 10.
1223 4522 1315 4575 τὸν
1337 4530 1681 4609 assumptum
1707 4537 1772 4574 ex
1800 4520 1867 4575 B.
2063 4536 2149 4594 29.
2187 4519 2539 4607 τραπομένους
2567 4519 2633 4575 Β.
2656 4519 3056 4591 πραττομένους

627 4590 779 4661 prius
805 4590 1038 4662 scripsit,
1064 4589 1258 4646 deinde
1281 4590 1634 4663 τραπομένους
1658 4591 1885 4647 correxit
1912 4591 1994 4647 Ht
1996 4630 2186 4648 .....
2209 4591 2393 4662 μένους
2417 4590 2565 4646 Aub.
