3238 5158
279 1996 358 2048 01.
378 1997 529 2048 Prov.

278 2079 329 2114 v.
355 2077 433 2112 22.

608 350 737 416 116
1214 352 1292 415 B.
1318 346 1764 415 ¹CYRILLI
1823 344 2400 411 ALEXANDR.
2744 341 2878 408 viii.
2902 356 3010 427 52.

513 588 586 650 5²
651 588 851 662 Εἶπον
907 595 1087 680 αὐτῷ
1136 592 1198 661 οἰ
1242 589 1555 661 Ἰουδαῖοι
1610 594 1740 659 Νῦν
1792 593 2171 670 ὲΓνώκαμεν
2225 593 2328 659 ὅτι
2382 590 2717 669 δαιμόνιον
2771 588 2959 677 ἔχεις.

728 774 1243 872 Κατηγοροῦσι
1277 765 1505 848 πάλιν
1538 770 1667 866 τῆς
1703 766 2069 867 ἀληθείας,
2111 770 2178 845 οἰ
2226 765 2512 869 ἐπείπερ
2565 760 3013 864 ὠνομάζοντο

611 897 932 997 ψεῦσται
987 895 1523 998 δυσφοροῦντες
1578 892 1676 974 ὦς
1732 888 2178 992 ὑβρισμένοι·
2254 895 2702 992 μαρτυροῦσι
2758 886 2836 967 δὲ
2895 889 3015 966 καὶ

614 1016 750 1119 οὐχ
784 1012 1060 1099 ἑκόντες
1095 1021 1251 1100 ταῖς
1286 1022 1415 1095 τοῦ
1453 1017 1791 1116 Σωτῆρος
1829 1019 2123 1119 φωναῖς,
2154 1016 2269 1093 καί
2309 1014 2395 1093 δι’
2433 1009 2536 1092 ὧν
2570 1007 3012 1113 ἀτιμάζουσι,

615 1137 734 1220 διὰ
780 1138 1056 1220 τούτων
1102 1137 1320 1219 αὐτὸν
1366 1140 1823 1243 ἀψευδοῦντα
1871 1140 2296 1223 δεικνύουσι.
2375 1141 2646 1247 τυφλοὶ
2701 1136 2776 1218 δὲ
2818 1137 3022 1217 οὗτοί
3039 1154 3076 1216 5

547 1262 590 1327 b
613 1268 799 1343 εἰσιν
859 1268 928 1343 οἰ
998 1263 1310 1362 δείλαιοι,
1377 1267 1494 1343 καὶ
1555 1263 1920 1364 τοσαύτης
1984 1264 2293 1364 ἀμαθίας
2356 1260 3017 1363 ἀναπεπλησμένην

612 1385 862 1492 ἔχουσι
911 1384 1045 1489 τὴν
1082 1388 1400 1492 καρδίαν,
1438 1391 1536 1472 ὡς
1576 1386 1753 1487 μηδ’
1795 1384 1987 1473 ὅλως
2022 1388 2550 1492 ἀποτρίβεσθαι
2587 1389 2734 1466 δεῖν
2767 1383 2861 1465 τὰ
2896 1387 3011 1489 ἐφ’

610 1508 717 1594 οἷς
772 1508 863 1592 ἂν
908 1514 1381 1614 ἐγκαλοῦνται
1435 1518 1643 1608 νοεῖν,
1688 1511 1860 1590 ἀλλ’
1901 1511 2233 1616 αἰσχίοσι
2289 1517 2436 1591 τῶν
2478 1508 3020 1619 παρῳχηκότων

610 1635 718 1713 ἀεὶ
754 1636 1202 1739 περιπίπτειν
1239 1642 1502 1732 κακοῖς,
1539 1637 1658 1714 καί
1693 1639 1843 1719 τοῖς
1888 1635 2161 1716 ἑαυτῶν
2198 1636 2638 1716 ἁλίσκεσθαι
2683 1631 3009 1737 βρόχοις.

614 1756 767 1837 ἰδοὺ
822 1791 968 1860 γαρ
1021 1755 1176 1838 ἰδου
1229 1760 1350 1837 καὶ
1405 1759 1490 1837 δι’
1550 1754 1653 1838 ὧν
1706 1760 2234 1860 ἀπολογεῖσθαι
2290 1758 2723 1910 νομίζουσιν,
2777 1760 2876 1843 ὡς
2928 1757 3018 1837 οὐ
3047 1782 3121 1825 10

614 1878 851 1980 μάτην
907 1881 1100 1987 αὐτῷ
1153 1879 1754 1984 λελοιδορημένοι,
1802 1884 2125 1987 ψεῦσται
2181 1880 2298 1962 διὰ
2355 1881 2631 1963 τούτων
2681 1876 3020 1984 μειζόνως

619 2000 1054 2106 ἐλέγχονται,
1111 2035 1227 2082 και
1290 2010 1565 2107 σειραῖς
1628 2000 1878 2107 ὥσπερ
1942 2011 2090 2085 τῶν
2153 2006 2426 2085 οἰκείων
2484 2002 3020 2109 ἁμαρτημάτων

620 2125 1089 2229 ἐντονώτερον
1145 2128 1799 2233 κατασφίγγονται.
1908 2127 2351 2228 εὐηθέστατα
2418 2128 2494 2209 δὲ
2550 2162 2666 2208 και
2726 2126 2811 2207 τό
2876 2130 2990 2206 Ν
2948 2164 3018 2207 vv

555 2275 592 2319 θ
619 2249 1007 2355 ἐγνώκαμεν
1070 2247 1317 2331 ἐνθάδε
1389 2252 1649 2356 φασίν·
1731 2255 1798 2331 οἰ
1859 2250 2005 2354 γὰρ
2078 2254 2197 2332 καὶ
2260 2250 2619 2336 πολλάκις
2680 2256 3009 2331 καθυλα-

614 2381 946 2457 κτοῦντες
995 2375 1235 2472 αὐτοῦ,
1272 2377 1387 2454 καὶ
1438 2370 1804 2473 δαιμόνιον
1845 2373 2030 2480 ἔχειν
2066 2374 2635 2481 ἐπιφημίζοντες,
2681 2378 2773 2455 νῦν
2809 2375 3017 2477 ἐγνω-
3047 2403 3120 2465 15

619 2494 813 2576 κε’ναι
868 2501 1058 2605 φασὶ
1113 2501 1241 2599 τῆς
1295 2497 1819 2601 προλαβούσης
1874 2499 2111 2578 αὐτῶν
2163 2500 2745 2604 ἀθυρογλωττίας
2794 2533 3020 2579 κατα-

613 2619 1031 2723 δικάζοντες.
1110 2627 1169 2702 εἰ
1224 2620 1370 2726 γὰρ
1424 2623 1516 2703 νῧν
1568 2621 1979 2724 ἐγνώκασιν,
2026 2625 2155 2703 οὐκ
2208 2622 2482 2729 ᾔδεσαν
2531 2623 2783 2705 πάλαι.
2858 2631 3021 2710 πῶς

614 2746 742 2825 οὖν
776 2744 1105 2853 ἔφασκον
1142 2750 1488 2845 δαιμονᾶν
1528 2743 1660 2825 τὸν
1709 2747 1909 2826 οὔπω
1959 2746 2553 2849 κατεγνωσμένον
2584 2747 2835 2851 ὥσπερ
2875 2750 3023 2829 οὖν

614 2868 961 2976 ᾠήθησαν
997 2871 1245 2964 αὐτοίς
1303 2869 1635 2977 ψεύστης
1675 2869 1802 2949 οὖν
1835 2869 2066 2950 πάλαι
2116 2873 2235 2950 καὶ
2282 2869 2635 2976 πρότερον
2669 2870 2810 2975 ἄρα
2845 2868 2940 2972 ἦν
2977 2872 3020 2951 ὅ

614 2994 986 3093 δυσσεβὴς
1021 3001 1167 3075 τῶν
1201 2993 1566 3075 Ἰουδαίων
1602 2991 1804 3090 λαὸς,
1841 2996 1960 3073 καὶ
1996 2994 2359 3103 ἀπυλώτφ
2406 2994 2718 3093 στόματι
2768 2994 2902 3096 τὴν
2937 2998 3022 3077 ἐκ
3047 3025 3124 3068 20

612 3126 743 3197 τοῦ
798 3115 1149 3214 διαβόλου
1194 3119 1446 3198 κακίαν
1482 3117 1818 3221 ἠρεῦγετο
1864 3116 2049 3198 κατὰ
2085 3125 2444 3222 Χριστοῦ·
2503 3117 2903 3225 ἁρπάζουσι
2939 3119 3021 3201 δὲ

546 3254 593 3318 d
613 3240 796 3343 πρὸς
849 3243 1249 3335 βεβαίωσιν
1301 3245 1429 3341 τῆς
1492 3242 1765 3321 ἑαυτῶν
1821 3242 2184 3347 φλυαρίας
2247 3241 2332 3324 τὸ
2396 3245 2759 3348 εἰρημένον
2812 3245 3022 3348 παρὰ

613 3371 743 3442 τοῦ
819 3368 1156 3466 Σωτῆρος
1229 3365 1429 3464 ἡμῶν
1489 3370 1845 3468 Χριστοῦ,
1910 3367 2028 3445 διὰ
2100 3365 2393 3467 πολλὴν
2459 3373 2556 3452 ὡς
2625 3370 2808 3455 εἰκὸς
2881 3367 3024 3471 τὴν

615 3486 1086 3593 ἀποπληξίαν
1140 3490 1256 3568 καὶ
1307 3489 1780 3593 συνασπίζειν
1825 3489 2131 3587 οἰόμενοι
2184 3497 2288 3600 τῷ
2340 3492 2590 3599 ψεύδει
2640 3492 2773 3592 τὴν
2815 3493 3015 3594 ἀλή-

617 3614 837 3688 θειαν.
916 3605 1070 3689 εἶτα
1130 3612 1214 3690 δι’
1252 3608 1354 3692 ὧν
1402 3612 1719 3693 δύνασθε
1775 3619 2026 3712 μαθεῖν
2078 3613 2188 3695 ὅτι
2240 3625 2760 3716 πλημμελοῦσι
2819 3620 3012 3698 δυσ·
3047 3636 3126 3699 ²5

617 3737 893 3831 σεβῶς,
934 3731 1063 3813 τὸν
1105 3738 1234 3835 τῆς
1288 3737 1571 3816 αἰωνίου
1627 3735 1807 3839 ζωῆς
1861 3736 2180 3844 χορηγὸν
2214 3740 2527 3824 ἐκτόπως
2577 3741 3012 3846 ὑβρίζοντες,

616 3854 736 3934 διὰ
799 3856 1075 3937 τούτων
1129 3859 1364 3939 αὐτῶν
1421 3863 1550 3940 οὐκ
1615 3859 2084 3942 αἰσθάνονται
2141 3863 2370 3944 πάλιν
2433 3862 2616 3968 πρὸς
2679 3866 3021 3947 ἐπίτασιν

617 3977 843 4064 ἰόντες
895 3984 1023 4079 τῆς
1077 3980 1325 4065 νόσου·
1398 3985 1482 4064 οὐ
1532 3982 1678 4088 γὰρ
1728 3984 1922 4071 ὅπως
1972 3985 2080 4066 ἐπ’
2118 3989 2402 4073 ἐκείνοις
2455 3988 3022 4091 μεταγινώσκειν

617 4102 873 4188 αὐτοὺς
912 4103 1022 4185 ὅτι
1057 4107 1317 4206 πρέποι
1350 4108 1782 4215 λογίζονται,
1822 4111 1995 4191 ἀλλ’
2025 4112 2164 4213 ἤδη
2201 4115 2595 4193 πεπεῖσθαί
2625 4120 2817 4219 φασι
2852 4117 3022 4218 περὶ

695 4310 743 4347 1.
779 4288 924 4348 εἷπον
984 4300 1042 4358 -1-
1071 4292 1162 4349 οὖν
1186 4293 1368 4437 ΗΟΙΒΊῑ.
1394 4294 1499 4350 Ed.
1702 4313 1726 4351 1
1740 4314 1784 4352 1.
1823 4297 1960 4370 αὐτῷ
1984 4299 2390 4371 λελοιδορημενο
2391 4322 2410 4354 ι
2437 4300 2504 4355 Β.
2529 4301 2685 4355 αὐτὸν
2709 4301 3020 4371 λελοιδορη-

667 4363 787 4420 ’νοις
813 4362 912 4418 Ht.
990 4363 1046 4421 d.
1437 4366 1617 4422 δεισαν
1641 4385 1738 4423 a-e.
1767 4367 1932 4425 Cord.
2168 4372 2251 4426 18.
2290 4370 2444 4439 δαιμο
2446 4374 2555 4425 νιᾶν
2579 4370 2743 4426 Cord.
2769 4372 3022 4439 δαιμονᾶν

656 4434 818 4489 abent
842 4452 889 4489 a.
893 4452 940 4489 c.
1180 4379 1379 4491 ,abt-⁷02
1458 4455 1522 4491 .a.
1527 4455 1574 4491 c.
1596 4437 1766 4492 Cot-d.
1798 4438 1895 4499 Ht„
1919 4440 2076 4495 αὐτὸν
2102 4440 2246 4496 Aub.
2341 4443 2442 4512 ἄρα
2467 4442 2550 4497 καὶ
2571 4444 2736 4497 πάλαι
2758 4464 2799 4497 π
2865 4464 3023 4511 τερον

615 4504 830 4560 inverso
854 4504 1042 4559 ordine
1066 4451 1135 4560 cf
1222 4505 1304 4561 rd.
1377 4506 1668 4563 Abbreviat
1692 4527 1740 4564 ι.
2032 4524 2121 4583 25.
2158 4510 2385 4568 δννασθε
2411 4512 2479 4568 Β.
2503 4512 2757 4570 δύνασθαι
2843 4521 2884 4569 t.
2908 4515 3020 4570 ἔδει

612 4575 763 4641 hub.
838 4575 982 4632 Fort.
1006 4575 1263 4632 δύνανται.
