3238 5158
626 351 755 418 202
1234 355 1312 418 Β.
1357 354 1775 419 CYRILLI
1837 353 2413 419 ALEXANDR.
2801 350 2887 413 ix.
2916 347 3024 434 38.

625 517 1089 626 προσεκύνησεν
1147 522 1241 603 ὡς
1298 518 1508 617 Θεὸν,
1566 526 1625 601 εἰ
1687 519 1787 620 μὴ
1843 518 2035 601 Θεὸν
2092 516 2267 600 εἶναι
2327 549 2819 612 πεπιστευκεν,
2877 509 3025 593 ἀπὸ

624 650 754 722 τοῦ
796 642 1177 745 γεγονότος
1225 649 1322 728 εἰς
1371 642 1589 725 αὐτὸν
1626 646 1744 724 καὶ
1792 640 2226 748 παραδόξως·
2278 641 2790 739 τετελεσμένου
2841 636 3021 718 θαύ-

623 801 847 866 ματος
911 769 1027 848 ἐπὶ
1090 767 1174 848 τὸ
1240 776 1530 875 φρονεῖν
1587 770 1774 849 οὕτω
1836 765 2545 871 παιδαγωγούμενος.
2649 760 2887 860 ἐπειδὴ
2944 759 3023 841 δὲ

626 891 808 990 ὅλην
862 891 995 991 τὴν
1047 890 1156 972 ἐπ’
1216 893 1409 1000 αὐτῷ
1463 892 1959 997 πραγματείαν
2014 897 2112 977 εἷς
2169 890 2254 971 τὸ
2319 897 2463 970 τῶν
2516 891 2740 969 ε’θνῶν
2793 918 3018 986 μετη-

512 1021 521 1029 ’
567 1048 600 1089 e
626 1014 945 1117 γάγομεν
998 1016 1419 1120 πρόσωπον,
1477 1018 1652 1122 φέρε
1710 1012 1798 1114 δὴ
1856 1020 2017 1119 περὶ
2074 1013 2330 1096 τούτου
2386 1014 2710 1117 λέγωμεν
2763 1006 3013 1092 πάλιν.
3050 1033 3090 1093 5

623 1141 855 1234 βλέπε
914 1141 1056 1245 γάρ
1119 1175 1242 1240 μοι
1303 1149 1723 1243 πληροῦντα
1784 1141 1898 1220 διὰ
1956 1144 2086 1240 τῆς
2141 1135 2708 1243 προσκηνήσεως
2761 1138 2888 1233 τῆς
2943 1136 3020 1213 ἐν

621 1261 968 1365 πνεύματι
1019 1265 1350 1367 λατρείας
1401 1264 1528 1344 τὸν
1562 1266 1816 1360 τύπον,
1858 1271 1955 1348 εἶς
2003 1261 2087 1344 ὃν
2123 1258 2659 1368 ἐχειραγωγήθη
2706 1257 2799 1338 τὰ
2849 1256 3020 1357 ἔθνη

621 1386 736 1467 διὰ
787 1393 913 1487 τῆς
961 1391 1294 1474 πίστεως.
1369 1390 1796 1485 βουθυσίαις
1849 1387 1993 1492 γὰρ
2049 1391 2165 1469 καὶ
2220 1392 2648 1478 λιβανωτοῖς
2705 1388 2818 1464 καὶ
2865 1390 3018 1467 ταῖς

618 1520 765 1591 τῶν
835 1514 1092 1616 ἑτέρων
1166 1513 1362 1621 ζῴων
1433 1520 1977 1617 προσαγωγαΐς,
2040 1512 2448 1615 θεραπεύειν
2521 1507 2611 1608 ἦν
2683 1509 2843 1593 ἔθος
2916 1511 3020 1615 τῷ

616 1635 924 1739 Ἰσραὴλ
972 1633 1101 1717 τὸν
1145 1637 1484 1719 ἁπάντων
1530 1639 1801 1741 Κύριον
1845 1638 1996 1717 κατ’
2036 1639 2397 1739 ἐπίταγμα
2447 1632 2760 1734 νομικόν·
2826 1636 2894 1711 οὶ
2940 1629 3017 1711 δὲ
3052 1662 3134 1703 10

618 1760 706 1867 ἐξ
750 1762 975 1839 ἐθνῶν
1011 1760 1578 1856 πεπιστευκότες,
1617 1763 1703 1843 οὐ
1751 1761 2018 1862 ταύτην
2067 1760 2279 1841 ἰ’σασι
2329 1764 2455 1857 τῆς
2505 1759 2838 1860 λατρείας
2887 1754 3019 1855 τὴν

281 1900 410 1954 633
430 1899 508 1953 A·
563 1915 595 1952 a
623 1884 810 1978 ὁδὸν,
849 1883 1241 1984 ἐτράποντο
1297 1886 1372 1966 δὲ
1426 1884 1560 1983 τὴν
1607 1884 1876 1989 ἑτέραν,
1922 1886 2275 1983 τουτέστι,
2319 1884 2451 1983 τὴν
2499 1880 3012 1980 πνευματικὴν,

622 2006 708 2108 ἢν
765 2006 852 2107 δὴ
918 2011 1032 2087 καὶ
1096 2008 1425 2107 μάλιστα
1490 2011 1719 2115 φίλην
1784 2010 1976 2117 αὐτῷ
2047 2012 2163 2089 καὶ
2229 2006 2474 2108 ἡδίονοί
2545 2013 2780 2113 φησιν
2841 2002 3018 2085 εἶναι

622 2130 828 2215 Θεός.
928 2133 1012 2210 οὗ
1066 2130 1210 2234 γὰρ
1267 2144 1308 2181 “
1337 2131 1667 2239 φάγομαι
1730 2131 1896 2236 κρέα
1956 2133 2259 2235 ταύρων,
2316 2135 2568 2239 φησὶν,
2623 2130 2794 2210 ἀλλ’
2854 2128 3016 2208 οὐδὲ

618 2264 665 2301 “
700 2252 876 2352 αἷμα
937 2254 1228 2356 τράγων
1281 2257 1601 2356 πίομαι.”
1690 2255 1881 2338 θύειν
1949 2257 2025 2337 δὲ
2086 2263 2378 2354 μᾶλλον
2438 2256 2606 2355 ἡμῖν
2663 2252 3017 2336 ἐπιτάττει
3048 2282 3130 2342 15

279 2380 358 2431 st·
383 2395 458 2446 ¹⁴·
620 2390 661 2427 ‘⁶
702 2378 962 2458 θυσίαν
1011 2379 1406 2477 αἶνε’σεως,”
1444 2381 1799 2477 τουτέστι,
1849 2376 1982 2479 τὴν
2029 2379 2181 2476 μετ’
2238 2381 2424 2485 ᾠδῆς
2478 2376 3010 2482 προσκύνησιν,

617 2508 713 2586 εἷς
757 2499 844 2602 ἣν
881 2502 991 2584 ὅτι
1035 2502 1322 2588 πάντως
1371 2503 1819 2605 ἀναβήσεται
1869 2504 1961 2585 τὰ
2013 2502 2181 2603 ἔθνη
2239 2501 2357 2583 διὰ
2403 2506 2529 2603 τῆς
2578 2504 2893 2586 πίστεως
2938 2503 3016 2581 ἐν

615 2628 843 2735 Ἀγίῳ
888 2628 1257 2725 Πνεύματι
1310 2629 1685 2732 θεωρήσας
1734 2632 1773 2708 5
1823 2627 2149 2737 μελῳδὸς
2200 2632 2297 2713 ὡς
2346 2625 2530 2731 πρὸς
2576 2625 2704 2708 τὸν
2747 2624 3014 2729 Κύριον

278 2743 363 2869 Ξ*
386 2744 488 2795 Ῑ”·
615 2751 817 2849 ἡμῶν
871 2755 988 2832 καὶ
1046 2750 1349 2856 Σωτῆρά
1404 2760 1638 2859 φησιν
1675 2766 1717 2802 “
1753 2759 1980 2834 Πᾶσα
2033 2753 2079 2853 ἡ
2134 2757 2231 2855 γῆ
2287 2748 3013 2856 προσκυνησάτωσάν

546 2888 589 2952 b
615 2887 658 2923 ‘⁶
694 2910 815 2956 σοι
849 2879 963 2956 καὶ
1000 2875 1470 2983 ψαλοίτωσάν
1506 2910 1651 2975 σοι,
1689 2877 2157 2984 ψαλάτωσαν
2195 2875 2283 2976 δὴ
2317 2883 2421 2983 τῷ
2459 2874 2762 2973 ὀνόματί
2797 2874 3007 2956 σου.”
3044 2909 3129 2952 20

612 2999 813 3081 ἀλλὰ
878 3004 994 3081 καὶ
1061 3000 1272 3084 αὐτὸς
1338 3003 1378 3080 5
1451 3001 1713 3103 Κύριος
1783 3002 1981 3100 ἡμῶν
2036 3001 2322 3101 Ἰησοῦς
2386 3003 2426 3081 5
2489 2998 2816 3104 Χριστὸς
2884 3003 3013 3098 τῆς

612 3129 903 3223 νομικῆς
940 3127 1273 3228 λατρείας
1309 3126 1385 3204 ἐν
1422 3127 1790 3222 ἀμείνοσιν
1827 3124 2060 3204 οὖσαν
2096 3121 2481 3209 ἐπιδεικνὺς
2522 3122 2656 3224 τὴν
2689 3157 3008 3220 πνευμα-

274 3245 445 3359 2⁰¹³:ss
610 3247 832 3347 τικὴν,
877 3246 1060 3352 πρὸς
1107 3247 1239 3348 τὴν
1288 3251 1367 3328 ἐκ
1414 3253 1541 3348 τῆς
1592 3251 1994 3351 Σαμαρείας
2042 3245 2346 3351 γυναῖκά
2401 3254 2589 3353 φησι
2627 3258 2671 3295 “
2702 3244 3021 3327 Πίστευέ

610 3382 654 3416 “
690 3405 835 3470 μοι,
892 3370 1122 3473 γύναι,
1179 3370 1289 3451 ὅτι
1345 3371 1625 3477 ἔρχεται
1682 3369 1837 3475 ὥρα
1892 3371 2010 3452 ὅτε
2067 3373 2226 3452 οὔτε
2290 3376 2368 3453 ἐν
2424 3375 2525 3477 τῷ
2578 3370 2724 3473 ὄρει
2780 3370 3010 3478 τούτῳ

612 3504 654 3539 “
690 3496 850 3573 οὔτε
924 3497 1000 3574 ἐν
1055 3495 1595 3597 Ἱεροσολύμοις
1668 3495 2218 3598 προσκυνήσετε
2290 3497 2396 3604 τῷ
2462 3496 2726 3599 Πατρί.
2834 3496 3004 3575 ἀλλ’
3042 3524 3125 3585 25

526 3716 535 3721 Π
611 3627 653 3663 “
690 3616 969 3722 ἔρχεται
1023 3617 1175 3720 ὥρα
1229 3621 1343 3698 καὶ
1397 3627 1523 3698 νῦν
1569 3622 1793 3717 ἐστιν,
1838 3619 1955 3699 ὅτε
2011 3623 2077 3699 οἶ
2134 3622 2461 3720 ἀληθινοὶ
2516 3621 3006 3722 προσκυνηταὶ

607 3751 652 3785 “
689 3743 1288 3842 προσκυνήσουσι
1342 3749 1444 3851 τῷ
1496 3746 1736 3845 Πατρὶ
1791 3746 1865 3823 ἐν
1915 3742 2270 3844 πνεύματι
2324 3745 2441 3823 καὶ
2495 3743 2820 3850 ἀληθείᾳ·
2891 3745 3010 3822 καὶ

607 3876 650 3913 “
686 3863 830 3967 γὰρ
878 3868 918 3945 5
959 3866 1217 3970 Πατὴρ
1267 3866 1628 3952 τοιούτους
1677 3867 1872 3970 ζητεῖ
1915 3865 2080 3951 τοὺς
2129 3874 2715 3971 προσκυνοῦντας
2764 3864 3004 3948 αὐτόν.

547 4023 582 4065 ο
609 4002 649 4035 “
686 3998 967 4089 πνεῦμα
1013 3993 1053 4070 5
1100 3990 1306 4088 Θεὸς,
1365 3996 1481 4071 καὶ
1536 3989 1702 4075 τοὺς
1756 4000 2344 4093 προσκυνοῦντας
2399 3992 2615 4071 αὑτὸν
2660 3993 2737 4071 ἐν
2789 3990 3004 4071 πνεύ·

606 4124 648 4160 “
685 4125 856 4214 μάτι
895 4117 1012 4194 καὶ
1047 4116 1348 4222 ἀληθείᾳ
1387 4119 1498 4196 δεῖ
1525 4118 2027 4220 προσκυνεῖν.”
2088 4113 2635 4220 διαλογιζόμεθα
2688 4112 2765 4194 δὲ
2813 4122 2997 4221 φρο-
3041 4150 3130 4208 30

280 2126 350 2175 Pa
382 2127 497 2176 xlix.

288 2205 307 2239 1
317 2205 362 2253 3.

274 3487 354 3537 1b.
388 3502 410 3535 2
416 3503 462 3549 3,

276 3567 354 3614 24.

604 4394 651 4450 B
681 4342 725 4380 1.
764 4327 897 4413 Θεὸν
918 4326 1069 4418 prius
1097 4325 1214 4381 B.a.
1238 4330 1354 4400 Θεῷ
1380 4325 1486 4381 Ed.
1560 4395 1586 4417 η
1655 4328 1718 4414 8..
1746 4328 1840 4394 μὲν
1861 4329 1965 4453 {ap
1991 4345 2038 4381 a.
2213 4343 2295 4397 13.
2333 4328 2500 4398 φίλην
2527 4325 2720 4398 [ψιλὴν
2747 4323 2840 4396 Β.]
2867 4325 3006 4398 αὐτῷ

659 4414 722 4451 ,8.
745 4399 923 4467 φιλειν
947 4399 1101 4451 αυτὸν
1128 4397 1308 4451 Holst.
1336 4397 1440 4452 Ed.
1564 4399 1727 4452 ιδιονα
1753 4400 1835 4470 (=
1885 4400 2029 4453 διονα
2053 4396 2119 4452 ad
2145 4397 2276 4452 ἴδιον
2300 4397 2626 4465 correctum)
2657 4397 2723 4451 B.
2745 4395 2878 4450 ἴδιον
2905 4397 3005 4451 Ht.

601 4467 777 4535 ἡδίονα
800 4467 1008 4522 emend.
1039 4478 1097 4522 ut
1121 4467 1341 4522 adnotat
1364 4470 1480 4538 ipse
1507 4467 1651 4522 Aub.
1677 4478 1730 4522 et
1753 4470 1827 4524 ita
1852 4488 1899 4523 a.
2040 4487 2120 4534 14.
2147 4470 2226 4539 φά
2293 4470 2636 4536 μοι-πίομαι
2667 4468 2731 4522 Β.
2756 4468 3005 4538 φόγωμαι

599 4540 863 4605 -πίωμαι
887 4555 935 4592 a.
966 4539 1066 4594 Ed.
1263 4554 1344 4610 17.
1381 4539 1454 4595 εἷς
1479 4538 1627 4593 deest
1651 4539 1705 4592 in
1735 4539 1800 4593 B.
1827 4541 2120 4610 assumpsit
2144 4558 2172 4593 e
2200 4491 2319 4593 (ξι.
2344 4549 2405 4594 ut
2430 4539 2540 4594 vid.
2566 4539 2712 4594 Aub.
2806 4536 3004 4607 ἀναβῆ-

601 4608 773 4680 σσται]
807 4616 862 4674 4-
893 4611 1030 4680 φησι
1056 4619 1108 4675 (e
1136 4609 1182 4663 B
1203 4626 1312 4679 mg.
1342 4610 1446 4665 hue
1473 4610 1607 4663 male
1633 4609 1859 4665 afferens
1890 4611 2012 4679 Ht.)
2038 4610 2138 4664 Ed.
2201 4610 2207 4615 ’
2285 4627 2370 4681 23.
2409 4610 2700 4666 πίστευσόν
2716 4607 2858 4664 Aub-
