3238 5158
561 335 693 400 306
1172 339 1248 402 Β.
1298 337 1718 402 CYRILLI
1779 336 2359 402 ALEXANDR.
2600 335 2712 402 xii.
2739 333 2976 417 14—16.

465 583 538 639 ¹4
573 581 799 672 Εὑρὼν
870 583 949 648 δὲ
1013 586 1048 651 6
1100 585 1355 650 Ἰιισοῦε
1426 584 1694 674 ὀνάριον
1766 585 2068 652 ἐκάθισεν
2128 584 2224 649 ἐπ’
2298 584 2480 663 αὐτὸ,
2544 580 2764 647 καθώς
2832 580 2980 647 ἔστι

466 711 540 772 15
669 710 1109 798 Γει-ραμμὲνον
1159 709 1274 774 M&
1340 714 1547 798 φοβοῦ
1599 713 1873 800 θύι-ατερ
1929 709 2126 776 Σιών·
2211 707 2352 776 ἰδοὺ
2407 709 2445 776 6
2501 710 2803 789 βασιλεύς
2855 727 2978 774 σου

665 832 927 922 ἔρχεταί
978 857 1082 901 σοι
1136 837 1504 913 καθήμενος
1556 834 1668 902 ἐπὶ
1720 835 1949 902 πῶλον
2003 833 2186 906 ὄνου.

678 1010 984 1087 Πολλοῦ
1044 1005 1191 1110 γὰρ
1254 1004 1582 1108 πλήθους
1643 1005 1861 1088 αὐτὸν
1921 1010 2494 1162 δορυφοροῦντας
2555 1040 2676 1086 και
2738 1004 2971 1112 εὐφη-

560 1137 889 1230 μοῦντος,
929 1127 1068 1212 ὑπὸ
1104 1131 1746 1235 μετριοπαθείας”
1689 1167 1914 1236 ακρας
1959 1125 2078 1212 ἐπὶ
2128 1129 2295 1212 ὄνου
2344 1129 2724 1230 ἐκαθέσθη,
2763 1125 3057 1211 διδά-5

505 1282 541 1326 c
563 1287 767 1335 σκων
822 1255 1027 1354 ἡμᾶς,
1074 1252 1176 1354 μὴ
1234 1257 1610 1361 ὑψοῦσθαι
1662 1257 1739 1335 ἐν
1787 1262 1938 1342 τοῖς
1994 1258 2331 1338 ἐπαίνοις·
2393 1253 2599 1334 οὐδὲν
2648 1259 2795 1333 τῶν
2843 1256 2981 1351 τῆς

560 1378 805 1484 χρείας
852 1379 1379 1482 παρεκβαίνων.
1461 1379 1503 1458 6
1552 1378 1685 1478 μὲν
1722 1379 1849 1459 ουν
1888 1384 2289 1477 Ματθαῖος,
2325 1378 2781 1481 πλατύτερον
2820 1373 2978 1459 εἷπε

560 1499 654 1582 τὰ
706 1504 872 1607 περὶ
926 1507 1053 1603 τῆς
1108 1501 1302 1584 ὄνου·
1383 1503 1423 1582 6
1473 1501 1551 1582 δὲ
1593 1500 1934 1604 Ἰωάννης
1989 1505 2097 1584 ἐπ’
2140 1502 2315 1583 αὐτὸ
2365 1510 2491 1582 τοῦ
2545 1499 2979 1605 πράγματος

560 1623 741 1727 ἦλθε
778 1625 862 1707 τὸ
900 1626 1389 1731 καιριώτατον,
1429 1625 1608 1729 ὅπερ
1647 1626 1806 1711 ἔθος
1844 1621 2037 1736 αὖτῷ
2074 1632 2324 1708 ποιεῖν.
2387 1624 2626 1727 ἐπειδὴ
2663 1624 2739 1706 δὲ
2772 1623 2977 1728 παρὰ

560 1748 647 1831 τὸ
702 1747 1013 1851 σύνηθες
1064 1751 1295 1857 ἑαυτῷ
1349 1750 1513 1853 ἄρτι
1567 1748 1792 1848 μόνον
1843 1751 2172 1857 φαίνεται
2228 1751 2268 1831 6
2320 1750 2586 1854 Κύριος
2636 1752 2752 1831 ἐπὶ
2801 1748 2977 1828 ὄνου
3011 1780 3099 1823 10

561 1871 979 1972 καθήμενος,
1019 1874 1102 1953 οὐ
1157 1870 1275 1953 διὰ
1330 1871 1543 1954 τοῦτό
1599 1878 1843 1981 φαμεν
1901 1873 2119 1955 αὐτὸν
2162 1875 2478 1973 καθίσαι,
2525 1874 2634 1955 ὅτι
2687 1871 2978 1977 μακρὰν

228 1979 399 2094 Ξξῐῖἔ
561 1994 652 2098 ἦν
705 2001 834 2097 τῆς
885 1994 1193 2082 πόλεως·
1262 1998 1345 2077 οὐ
1402 1993 1546 2100 γὰρ
1603 1999 1852 2104 ἀπεῖχε
1905 2000 2134 2080 πλείω
2190 1998 2568 2079 δεκαπέντε
2624 1998 2974 2078 σταδίων·

562 2116 725 2201 οὐδὲ
772 2119 881 2200 ὅτι
931 2119 1159 2224 ὄχλος
1210 2118 1321 2222 ἦν·
1386 2122 1506 2200 καὶ
1561 2122 1833 2201 ἄλλοτε
1890 2120 2032 2225 γὰρ
2087 2124 2527 2226 συνευρεθεὶς
2582 2121 2785 2231 ὄχλῳ
2841 2124 2976 2202 οὐκ

563 2243 858 2343 ἐποίησε
909 2252 1144 2324 τοῦτο·
1200 2250 1396 2326 ποιεῖ
1435 2243 1512 2324 δὲ
1562 2252 1799 2344 τοῦτο,
1836 2243 2107 2331 δεικνὺς
2157 2246 2268 2327 ὅτι
2320 2245 2477 2326 νέον
2514 2247 2741 2353 ἑαυτῷ
2784 2245 2974 2326 λαὸν

497 2383 540 2449 d
564 2365 692 2447 τὸν
728 2367 816 2475 ἐξ
856 2370 1080 2448 ἐθνῶν
1116 2365 1247 2448 τὸν
1280 2367 1688 2472 ἀκάθαρτον
1721 2367 1984 2469 με’λλει
2031 2369 2477 2451 ὑποτάσσειν
2513 2371 2631 2450 καὶ
2678 2368 2970 2472 ἀνάγειν
3009 2396 3090 2462 15

564 2496 663 2576 εἷς
696 2490 781 2571 τὸ
820 2495 949 2592 τῆς
988 2489 1442 2594 δικαιοσύνης
1488 2491 1795 2600 ἀξίωμα,
1829 2492 1930 2579 εἵς
1976 2526 2054 2574 τε
2104 2492 2238 2595 τὴν
2275 2493 2423 2574 ἅνω
2456 2492 2971 2599 Ἰερουσαλὴμ,

561 2615 647 2717 ἧς
713 2615 935 2701 τύπος
999 2617 1044 2717 ἡ
1114 2619 1443 2720 ἐπίγειος·
1528 2652 1625 2700 εις
1692 2615 1784 2718 ἢν
1846 2618 2246 2723 εἰσέρχεται
2308 2619 2350 2698 6
2415 2615 2596 2703 λαὸς
2658 2617 2975 2723 καθαρὸς

564 2737 944 2844 γενόμενος
998 2775 1142 2821 συν
1176 2743 1486 2848 Χριστῷ
1542 2741 1956 2850 ὑμνουμένῳ
2013 2739 2153 2824 ὑπὸ
2207 2748 2355 2823 τῶν
2405 2741 2694 2823 ἀκάκων
2738 2743 2970 2845 ἀγγέ-

564 2874 741 2963 λων,
780 2863 882 2946 ὦν
918 2864 1142 2947 τύπος
1186 2862 1280 2944 τὰ
1331 2862 1571 2965 νήπια.
1645 2885 1876 2947 mazou
1912 2864 1988 2946 δὲ
2027 2867 2223 2969 λέγει
2258 2866 2387 2948 τὸν
2418 2866 2605 2967 ὄνον,
2643 2867 2966 2968 ἐπειδὴ“
2931 2902 2976 2948 ο

563 2988 654 3097 ἐξ
701 2990 924 3070 ἐθνῶν
979 2989 1159 3074 λαὸς
1216 2987 1683 3092 ἀγύμναστος
1737 2986 1827 3090 ἦν
1885 2993 2013 3090 τῆς
2049 2996 2168 3075 εἷς
2222 2991 2594 3090 εὐσέβειαν
2645 2989 2977 3094 ἀγούσης
3003 3026 3090 3070 20

562 3113 903 3199 πίστεως.

469 3301 542 3362 1⁶
568 3311 786 3378 Ταῦτα
842 3310 913 3380 δὲ
970 3315 1089 3381 οὐκ
1141 3315 1439 3392 ἔγνωσαν
1490 3310 1553 3380 οἶ
1604 3314 1893 3392 μαθηταὶ
1948 3315 2146 3383 αὐτοῦ
2199 3316 2275 3382 τὸ
2330 3315 2616 3407 πρῶτον,
2664 3314 2804 3381 ἀλλ’
2859 3317 2976 3383 ὅτε

669 3436 994 3507 ἐδοξάσθη
1050 3441 1088 3507 6
1126 3442 1409 3522 Ἰησοῦς,
1446 3440 1598 3507 τότε
1650 3441 2067 3518 ἐμνήσθησαν
2114 3444 2215 3509 ὅτι
2266 3449 2470 3509 ταῦτα
2527 3438 2604 3509 ἦν
2650 3442 2746 3509 ἐπ’
2791 3442 2975 3528 αὐτῷ

672 3564 1084 3651 Γει-ραμμὲνα
1141 3565 1247 3630 καὶ
1300 3571 1506 3632 ταῦτα
1560 3564 1880 3633 ἐποίησαν
1935 3567 2137 3653 αὐτῷ.

510 3671 546 3714 ο

677 3734 1045 3837 Ἥγνόουν
1096 3734 1228 3835 μὲν
1276 3738 1405 3818 οὖν
1452 3737 1537 3820 τὸ
1594 3740 1749 3819 κατ’
1800 3738 2050 3845 ἀρχὰς,
2097 3737 2190 3820 τὰ
2243 3740 2351 3821 ἐπ’
2391 3740 2586 3848 αὐτῷ
2639 3774 2968 3845 γεγραμ·
3006 3777 3083 3838 ²5

567 3856 773 3957 με’να·
853 3857 1035 3958 μετὰ
1099 3860 1177 3942 δὲ
1240 3860 1374 3963 τὴν
1439 3861 1874 3961 ἀνάστασιν,
1935 3865 2065 3945 οὐκ
2139 3864 2423 3962 ἔμειναν
2485 3866 2769 3970 ἔχοντες
2841 3862 2978 3966 τὴν

565 3983 966 4085 Ἰουδαῖκὴν
1037 3984 1399 4090 πήρωσιν,
1468 3984 1672 4067 ἀλλά
1745 3987 2229 4095 ἀπεκαλύφθη
2309 3989 2549 4073 αὐτοῖς
2637 3987 2756 4069 διὰ
2845 3999 2979 4071 τοῦ

569 4108 994 4209 Πνεύματος
1043 4111 1089 4211 ἡ
1140 4117 1414 4213 γνῶσις
1466 4117 1612 4192 τῶν
1650 4112 1861 4192 θείων
1897 4111 2170 4215 λόγων.
2250 4110 2410 4193 τότε
2463 4111 2541 4194 δὲ
2583 4108 2900 4222 ἐδοξάσθη
2946 4122 2979 4196 ὅ

646 4317 764 4372 1-3.
801 4301 1162 4359 καθώς-ὄνον
1187 4303 1370 4359 addidi
1395 4323 1461 4360 ex
1485 4306 1540 4361 k.
1565 4305 1777 4361 favente
1800 4324 1851 4362 a.
2052 4323 2135 4363 10.
2172 4309 2338 4381 ἑαυτῷ
2363 4325 2412 4363 ιι.
2415 4307 2472 4364 k.
2498 4307 2638 4383 αὖε-ᾧ
2663 4306 2787 4365 Cat.
2817 4308 2978 4368 Harl.

569 4421 674 4477 Ed.
893 4437 977 4497 15
1014 4423 1304 4493 ἀκάθαρτον
1327 4442 1376 4480 ο..
1380 4425 1435 4479 k.
1463 4390 1744 4482 ἀκάθεκτον
1769 4425 1888 4482 Cat.
1919 4425 2072 4484 Harl.
2098 4428 2377 4484 ἀκάθεκτον
2401 4427 2547 4485 Aub.
2763 4430 2849 4485 18.
2871 4452 3000 4559 ἂ

564 4495 730 4563 γουνὸς
754 4510 802 4548 a.
804 4493 862 4547 k.
1009 4511 1200 4561 22-24.
1226 4495 1330 4548 ἀλλ
1332 4494 1675 4565 ’-ἐποίησαν
1698 4498 1836 4571 aiu-‹f›
1860 4497 2044 4555 addidi
2063 4517 2135 4556 ex
2158 4500 2214 4555 k.
2233 4499 2444 4556 favente
2467 4518 2517 4556 ει.
2536 4499 2620 4555 καὶ
2643 4500 2708 4556 τὰ
2731 4501 2852 4571 ἑξῆς

567 4578 655 4633 27.
692 4563 812 4617 ἀλλ
839 4563 944 4619 ank
1187 4565 1271 4619 28.
1309 4568 1470 4621 dom.
1497 4569 1602 4621 auk
