3238 5158
238 366 301 410 x,
335 366 433 427 14.
607 347 723 411 IN
783 348 852 413 S.
899 349 1410 416 JOANNEM.
1502 352 1695 418 LIB.
1729 353 1852 418 VI.
1944 355 2151 419 CAP.
2199 354 2253 419 Ι.
2515 354 2646 419 229

238 520 285 557 “
321 510 621 615 εῖρήνης,
691 515 809 594 καὶ
882 517 1167 622 ἀφανιῶ
1244 519 1458 621 θηρία
1529 518 1812 623 πονηρὰ
1881 520 2026 601 ἀπὸ
2099 523 2225 619 τῆς
2285 523 2455 622 γῆς,
2524 520 2643 599 καὶ

237 645 282 682 “
319 635 879 738 κατοικήσουσιν
948 641 1025 719 ἐν
1097 645 1189 745 τῇ
1276 641 1515 752 ἐρήμῳ
1598 645 1718 724 καὶ
1803 643 2271 725 ὑπνῶσουσιν
2344 645 2421 723 ἐν
2494 650 2643 726 τοῖς
2729 723 2738 728 .

238 768 284 807 “
322 762 637 863 δρυμοῖς.
719 766 835 844 καὶ
874 764 1093 844 δώσω
1130 763 1386 850 αὐτοὺς
1432 768 1843 877 περικύκλῳ
1891 776 2020 849 τοῦ
2071 766 2280 871 ὅρους
2328 801 2489 865 μου,
2526 769 2643 847 καὶ
2666 778 2709 844 b

240 894 285 932 “
320 883 536 967 δώσω
600 884 731 967 τὸν
787 886 990 969 ὑετὸν
1047 890 1231 989 ὑμῖν,
1289 887 1494 972 ὑετὸν
1542 892 1892 995 εὐλογίας,
1948 896 2066 974 καὶ
2119 891 2212 972 τὰ
2266 890 2461 998 ξύλα
2517 897 2648 971 τοῦ

171 1026 212 1087 5
244 1019 288 1057 “
324 1013 571 1092 πεδίου
622 1011 951 1093 δώσουσι
1001 1011 1131 1094 τὸν
1178 1014 1460 1118 καρπὸν
1509 1016 1772 1113 αὐτῶν,
1822 1018 1938 1096 καὶ
1994 1017 2039 1117 ἡ
2094 1019 2191 1118 γῆ
2248 1014 2468 1096 δώσει
2520 1011 2650 1095 τὸν

242 1145 289 1183 “
327 1133 604 1240 καρπὸν
639 1137 931 1236 αὐτῆς.”
990 1139 1246 1219 οὐκοῦν
1283 1140 1359 1219 ἐν
1393 1139 1674 1225 τούτοις
1707 1140 1786 1219 εὖ
1820 1140 2027 1238 μα’λα
2062 1142 2180 1222 καὶ
2214 1144 2499 1247 σαφῶς,
2538 1137 2650 1218 ὅτι

244 1259 377 1360 μὲν
413 1265 541 1361 τῆς
576 1268 723 1342 τῶν
756 1262 1123 1343 Ἰουδαίων
1159 1263 1540 1366 ἡγεμονίας
1574 1262 2009 1364 ἐκστήσεται
2044 1270 2190 1345 τῶν
2228 1263 2651 1367 Φαρισαίων

244 1385 292 1485 ἡ
343 1386 605 1466 ἀνοσία
654 1385 939 1488 πληθὺς
990 1389 1383 1491 διαγορεύει
1420 1388 1632 1486 Θεὸς,
1671 1387 1780 1470 ὅτι
1828 1386 1904 1469 δὲ
1954 1387 2104 1488 μετ’
2144 1388 2447 1472 ἐκείνους
2493 1390 2648 1467 ἐπι-

244 1507 599 1611 στατήσει
671 1518 827 1595 ταῖς
904 1519 1231 1616 λογικαῖς
1305 1519 1453 1593 τῶν
1523 1509 2011 1594 πιστευόντων
2084 1509 2383 1615 ἀγέλαις
2459 1512 2500 1590 ὁ
2573 1512 2653 1590 ἐκ

134 1660 217 1701 10
244 1633 664 1737 σπέρματος
736 1638 1008 1717 Δαυεὶδ
1087 1634 1173 1717 τὸ
1247 1634 1431 1718 κατὰ
1504 1634 1750 1740 σάρκα
1823 1633 2149 1740 Χριστὸς
2237 1631 2655 1742 ἀναφανδὸν

246 1759 592 1862 ὡρίσατο.
671 1757 1018 1861 διαθήκην
1071 1757 1216 1864 γὰρ
1272 1761 1555 1865 εῖρήνης
1608 1761 2083 1842 συντέτακται
2138 1760 2222 1839 δι’
2282 1759 2520 1856 αὐτοῦ,
2567 1756 2654 1838 τὸ
2676 1793 2713 1836 ο

247 1881 719 1986 εὐαγγελικὸν
770 1882 1108 1986 δηλονότι
1161 1887 1278 1966 καὶ
1337 1885 1730 1966 θεσπέσιον
1781 1882 2116 1989 κήρυγμα
2162 1878 2346 1986 πρὸς
2399 1881 2656 1989 φιλίαν

248 2008 436 2109 ἡμᾶς
491 2011 856 2117 ἀναφέρον
908 2008 1042 2110 τὴν
1097 2012 1196 2095 ῶς
1257 2006 1443 2114 πρὸς
1497 2009 1710 2108 Θεὸν,
1766 2013 1884 2091 καὶ
1946 2008 2079 2110 τὴν
2105 2014 2279 2089 -τῶν
2334 2007 2657 2110 οὐρανῶν

249 2131 640 2231 βασιλείαν
695 2142 1136 2239 περιποιοῦν.
1237 2135 1323 2215 δι’
1383 2134 1602 2214 αὐτοῦ
1666 2167 1743 2214 τε
1807 2134 2034 2215 πάλιν
2101 2131 2363 2234 ὁμοίως
2427 2133 2468 2211 ὁ
2530 2135 2656 2229 τῆς

148 2275 225 2337 15
252 2259 586 2360 εὐλογίας
624 2258 847 2358 ὑετὸς,
889 2258 1287 2357 τουτέστιν,
1325 2258 1370 2359 ἡ
1407 2266 1537 2339 τοῦ
1577 2256 2002 2356 Πνεύματος
2035 2255 2328 2362 ἀπαρχὴ
2375 2290 2651 2360 καρπο-

251 2380 485 2489 φόρον
521 2379 771 2488 ῶσπερ
820 2381 981 2464 τινὰ
1028 2387 1170 2486 γῆν
1206 2385 1672 2464 ἀποτελοῦσα
1722 2381 1855 2484 τὴν
1892 2385 1967 2462 ἐν
2012 2379 2197 2489 ᾗπερ
2252 2380 2344 2461 ἂν
2381 2381 2658 2484 γε’νοιτο

253 2504 529 2614 ψυχήν.
612 2505 850 2609 ἐπειδὴ
901 2505 979 2589 δὲ
1027 2501 1195 2594 τοῖς
1225 2506 1357 2606 μὲν
1389 2506 1785 2612 προβάτοις
1836 2509 1921 2589 οὐ
1969 2507 2270 2612 μετρίως
2315 2510 2383 2587 οἱ
2422 2511 2650 2609 Φαρι-

255 2638 454 2712 σαῖοι
510 2632 1047 2735 διελυμήναντο,
1090 2629 1671 2729 καταβόσκοντες
1724 2629 1856 2730 μὲν
1910 2634 2272 2732 οὐδαμῶς,
2314 2641 2653 2711 καταλω-

257 2759 536 2848 βᾶσθαι
575 2752 652 2834 δὲ
688 2761 982 2852 μᾶλλον
1019 2751 1200 2833 αὐτὰ
1236 2758 1637 2858 πολλαχῶς
1672 2752 2187 2855 ἐπιτρέποντες,
2225 2750 2533 2832 διέσωσε
2580 2747 2659 2830 δὲ

149 2909 232 2951 20
258 2879 300 2958 ὃ
346 2879 693 2981 Χριστὸς,
730 2880 848 2958 καὶ
895 2881 1022 2979 τῆς
1072 2877 1347 2958 ἀνωθεν
1393 2876 1728 2978 εὐλογίας
1775 2874 2055 2982 ἐδείχθη
2105 2879 2222 2956 καὶ
2273 2873 2493 2978 δοτὴρ
2542 2875 2661 2954 καὶ
2685 2889 2730 2954 d

258 3002 632 3112 πρόξενος,
677 3002 960 3088 εἰκότως
1014 3000 1483 3108 ἀναφαίνεται
1535 3002 1740 3082 τοῦθ’
1789 2999 1965 3105 ὅπερ
2020 3002 2223 3080 ἐστὶν
2278 3002 2663 3100 ὁμολογῶν

258 3130 446 3231 Ἐγώ
483 3137 619 3233 εἶμι
660 3138 690 3210 ὁ
726 3123 974 3233 ποιμῆν
1013 3136 1043 3208 ὄ
1085 3127 1330 3212 καλός.

375 3250 978 3357 Σκανδαλιζέσθω
1046 3251 1135 3330 δέ
1177 3285 1298 3348 μοι
1355 3251 1618 3351 μηδεὶς,
1676 3254 1735 3329 εἶ
1800 3252 2065 3330 δοῦλον
2118 3247 2569 3330 ἀπεκάλεσεν
2625 3250 2666 3328 ὁ

262 3375 452 3462 Θεὸς
507 3378 625 3458 καὶ
676 3373 937 3479 Πατὴρ
991 3373 1119 3456 τὸν
1169 3377 1247 3455 ἐκ
1303 3374 1726 3476 σπέρματος
1770 3376 2040 3455 Δαυεὶδ
2093 3371 2480 3475 γενόμενον
2528 3372 2660 3452 ἀν-

153 3518 232 3580 25
263 3507 575 3605 θρωπον,
623 3502 851 3580 καίτοι
906 3496 1089 3580 κατὰ
1147 3497 1377 3606 φύσιν
1425 3496 1601 3577 ὅντα
1655 3496 1850 3579 Θεὸν
1895 3503 2011 3578 καὶ
2054 3495 2237 3578 Υὶὸν
2283 3496 2662 3598 ἀληθινὸν,

264 3626 585 3706 ἐννοείτω
624 3623 698 3705 δὲ
735 3631 1047 3723 μᾶλλον,
1086 3622 1196 3703 ὅτι
1241 3622 1756 3703 τεταπείνωκεν
1791 3619 2045 3711 ἑαυτὸν
2078 3619 2372 3728 μορφὴν
2406 3621 2670 3702 δούλου

263 3749 549 3844 λαβών.
628 3745 1044 3853 πρεπόντως
1081 3747 1222 3850 ἄρα
1257 3752 1347 3853 τῇ
1385 3746 1760 3853 ληφθείσῃ
1794 3749 2046 3853 μορφῇ
2089 3746 2426 3847 κέκληται
2469 3744 2671 3850 παρὰ

262 3882 395 3956 τοῦ
432 3879 627 3955 Θεοῦ
664 3875 782 3954 καὶ
818 3870 1136 3975 Πατρός.

2693 3996 2730 4041 e

335 4114 389 4168 8.
426 4112 784 4182 ἀποστατήσει
810 4111 877 4166 Β.
907 4111 1089 4168 Holst.
1114 4110 1415 4167 emendavit
1439 4111 1587 4168 Aah.
1610 4118 1665 4166 et
1688 4110 1763 4166 ita
1784 4127 1835 4165 a.
2101 4122 2189 4182 27.
2225 4105 2353 4181 ἄρα]
2381 4105 2474 4164 οὖν
2496 4105 2597 4178 ἄρα
2620 4122 2670 4161 a.

261 4181 533 4257 κέκληται]
566 4190 623 4250 4
655 4184 845 4241 δοῦλος
867 4201 897 4239 e
921 4182 1042 4239 Cat.
1072 4182 1226 4239 Harl.
1252 4182 1397 4239 Aub.
1422 4183 1604 4239 invitis
1633 4182 1750 4238 Ba.
