3238 5158
653 347 781 412 710
1246 343 1795 412 B.CYR1LL1
1854 342 2441 410 ALEXANDB.
2633 339 2792 406 xvii.
2825 352 3042 421 14,15.

317 516 433 646 {³}
451 514 519 566 vi.
652 516 770 592 καὶ
825 517 1159 616 Χριστοῦ
1223 521 1266 559 “
1294 513 1411 592 Δι’
1469 511 1555 593 οὗ
1618 513 1774 611 ἐμοὶ
1838 506 2112 607 κόσμος
2174 507 2615 611 ἐσταύρωται
2683 502 2892 608 κάγὼ
2953 507 3049 611 τῷ

653 645 700 684 “
735 635 1064 745 κόσμφ,”
1127 632 1678 739 προσεπιτάττει
1750 632 1981 737 γεμὴν
2041 636 2159 713 καὶ
2231 629 2522 736 ἑτέρωθί
2593 664 2742 711 που
2821 628 3049 729 λέγων

326 779 347 814 ¹
363 765 475 814 ⁰⁰²·-
498 762 566 814 ἢ·
657 770 703 811 “
740 761 1080 860 Μιμηταί
1143 794 1284 860 μου
1333 760 1649 863 γίνεσθε,
1704 756 1941 841 καθὼς
1997 755 2198 859 κάγὼ
2221 755 2228 760 ’
2251 755 2648 860 Χριστοῦ.”
2748 755 3052 852 ἐμιμεῖτο

656 883 733 966 δὲ
787 886 829 964 ὀ
881 888 1184 969 Παῦλος
1243 917 1374 965 τον
1435 881 1709 987 Κύρων
1765 883 1973 982 ἡμῶν
2028 883 2320 982 Ἰησοῦν
2374 914 2506 961 τον
2559 873 2922 982 Χριστον,
2975 876 3054 954 οὐ

655 1005 973 1111 καθόπερ
1035 1008 1194 1088 ἐστὶ
1252 1004 1678 1110 δημιουργος
1738 1009 1857 1086 καὶ
1911 1012 2060 1087 τῶν
2122 1004 2319 1086 ολων
2386 1004 2676 1108 Κύριος·
2769 1002 2858 1080 οὐ
2917 997 3051 1103 γὰρ
3073 1025 3106 1088 5

323 1129 591 1258 ξξὲῗΡη
654 1165 839 1235 προς
902 1138 1050 1216 τοῖς
1105 1131 1244 1232 ἤδη
1302 1131 1687 1234 γεγονόσιν
1748 1123 2025 1233 ἐτέρους
2086 1130 2256 1229 ἡμῖν
2318 1129 2632 1229 ἔστησεν
2696 1121 3052 1228 οὐρανοὺς,

600 1281 637 1324 0
658 1258 828 1335 ἀλλ’
868 1254 1027 1335 οὐδὲ
1071 1251 1538 1340 θαλάσσας
1500 1289 1546 1355 η
1584 1258 1726 1357 γῆν
1757 1251 2074 1360 ἀνέδειξέ
2115 1281 2317 1335 ποτε’
2387 1255 2702 1352 ἐμιμεῖτο
2740 1247 2820 1333 δὲ
2855 1256 3045 1332 πῶς·
3025 1308 3048 1347 ,

656 1377 705 1480 ἢ
742 1377 1044 1479 δῆλον’”ν
1004 1409 1114 1460 οτι
1149 1383 1277 1478 τῆς
1319 1378 1910 1483 ἐπιδειχθείσης
1868 1383 2038 1477 ημῖν
2070 1378 2238 1481 παρ’
2277 1377 2496 1457 αὐτοῦ
2528 1378 2904 1460 πολιτείας
2937 1372 3056 1455 τὸν

658 1500 1111 1610 ἀξιάγαστον
1152 1502 1381 1584 τύπον
1425 1504 1503 1582 ἐν
1546 1502 1745 1585 ἰδίοις
1799 1498 2262 1582 διαπλάττων
2313 1500 2530 1602 ἤθεσί
2576 1533 2656 1581 τε
2714 1505 2839 1582 καὶ
2890 1496 3048 1604 τρό-

656 1661 839 1725 ποις,
905 1623 1228 1708 καθόσον
1296 1623 1389 1726 ἦν
1458 1625 1837 1733 ἐφικέσθαι
1907 1621 2135 1724 θέμις·
2237 1625 2346 1710 τίς
2417 1622 2564 1728 γὰρ
2626 1622 2722 1708 ἂν
2781 1626 2860 1704 ἐν
2922 1622 3054 1731 ἴσῳ
3079 1657 3143 1699 ιο

654 1750 936 1853 γε’νοιτο
986 1752 1091 1859 τῷ
1143 1754 1493 1857 Χριστῷς

767 1875 995 1973 Ἡμῖν
1047 1880 1424 1976 τοιγαροῦν
1478 1869 1731 1953 ἑαυτὸν
1769 1869 2220 1978 παραζεύξας
2274 1870 2393 1952 διὰ
2444 1868 2532 1952 τὸ
2586 1872 3054 1978 ἀνθρώπινον,

655 2003 946 2097 μᾶλλον
1001 1996 1079 2077 δὲ
1133 1995 1310 2101 ὅπερ
1362 1999 1564 2077 ἐστὶν
1617 1994 1904 2097 ἀληθὲς,
1958 1999 2056 2080 ὡς
2097 1997 2227 2077 ’καὶ
2274 2002 2374 2080 εἷς
2429 2004 2645 2078 τοῦτο
2701 1996 3056 2103 κατάρξας

655 2121 825 2219 ἡμῖν
859 2119 944 2200 τὸ
976 2120 1270 2223 ἀγαθὸν,
1306 2116 1392 2202 τὸ
1430 2121 1730 2219 ἐκβῆναί
1758 2126 1948 2226 φημι
1990 2118 2119 2201 τὸν
2157 2117 2459 2219 κόσμον,
2496 2117 2615 2201 διὰ
2657 2125 2795 2220 τῆς
2845 2123 3046 2222 ὑπερ·

656 2244 960 2342 κοσμίου
1007 2242 1207 2347 ζωῆς
1280 2244 1431 2326 ἅνω
1478 2241 1625 2349 γὰρ
1675 2243 1958 2343 κόσμου
2002 2245 2048 2345 ἡ
2086 2241 2515 2347 εὖαγγελικὴ
2561 2246 2901 2326 πολιτεία
2945 2245 3052 2323 καὶ
3079 2275 3138 2335 ¹⁵

654 2369 1049 2454 παίδευσις’
1127 2373 1248 2451 οὐκ,
1301 2365 1483 2449 εἷναί
1530 2372 1764 2475 φησιν
1806 2367 2058 2449 ἑαυτὸν
2103 2376 2184 2449 ἐκ
2235 2369 2345 2449 τοῦ
2401 2371 2662 2474 κόσμου
2710 2373 2835 2450 καὶ
2879 2369 3053 2468 ἡμᾶς

589 2498 635 2564 d
656 2489 734 2573 δὲ
785 2490 1043 2574 τούτου
1094 2499 1353 2598 τυχεῖν,
1390 2493 1674 2598 ἐπείπερ
1715 2494 1757 2573 ὃ
1802 2497 1988 2577 θεῖος
2036 2493 2253 2573 αὐτοῦ
2302 2488 2666 2602 κατῴκηκε
2715 2493 2942 2596 λόγος
2984 2491 3054 2570 ἐν

655 2623 812 2703 ταῖς
872 2615 1240 2721 ἡμετέραις
1303 2621 1602 2724 ψυχαῖς·
1701 2618 1871 2698 ἀλλ’
1931 2614 2183 2722 ὥσπερ
2239 2626 2269 2700 ὅ
2334 2619 2591 2724 κόσμος
2655 2616 2785 2716 ἐμὲ
2846 2621 3052 2716 μισεῖ,

657 2740 909 2848 φησὶν,
965 2743 1152 2821 οὕτω
1206 2743 1324 2821 καὶ
1379 2739 1644 2828 αὐτούς.
1732 2746 1940 2840 μισεῖ
1986 2739 2064 2822 δὲ
2117 2742 2159 2821 ὃ
2210 2738 2485 2843 κόσμος
2538 2740 2667 2824 τὸν
2702 2738 3049 2845 Χριστὸν,

655 2863 837 2944 καθὸ
900 2872 1049 2950 τοῖς
1100 2864 1274 2969 παρ’
1333 2865 1553 2945 αὑτοῦ
1609 2863 2033 2970 διαμάχεται
2095 2864 2367 2968 λόγοις,
2424 2868 2544 2947 καὶ
2604 2866 3051 2946 ἀνεπίδεκτον
3074 2904 3136 2944 20

602 3028 607 3033 ·
652 2994 955 3069 ποιεῖται
1004 2986 1137 3088 τὴν
1192 2989 1643 3093 παραίνεσιν,
1702 2995 1858 3073 ταῖς
1922 2993 2020 3072 εἰς
2083 2987 2511 3096 φαυλότητα
2566 2991 2829 3094 ῥοπαῖς
2885 2988 3051 3067 ὅλον

654 3111 935 3197 ε’πιδοῦς
987 3146 1072 3193 το
1125 3110 1305 3193 ἴδιον
1359 3110 1726 3218 φρόνημα·
1805 3146 1992 3192 κατα
2043 3115 2353 3214 μίμησιν
2405 3113 2481 3195 δὲ
2534 3121 2664 3194 τοῦ
2721 3116 3050 3214 Σωτῆρος

652 3234 856 3336 ἡμῶν
890 3241 1242 3340 Χριστοῦ,
1278 3270 1395 3316 και
1447 3234 1702 3320 αὐτους
1740 3234 2079 3335 δηλονότι
2114 3236 2465 3339 μεμίσηκε
2500 3235 2667 3321 τοῦς
2698 3234 3044 3337 μαθητὰς,

654 3394 785 3441 τον
828 3361 997 3464 παρ’
1045 3359 1264 3440 αὐτοῦ
1318 3359 1404 3440 δι’
1451 3357 1675 3440 αὐτον
1723 3359 2262 3464 πρεσβεύοντας
2313 3361 2563 3466 λόγον,
2613 3361 2794 3466 ὅπερ
2846 3357 3046 3441 ἐποίει

324 3511 353 3547 ²
370 3497 485 3549 00¹·
508 3513 557 3549 v.
598 3531 634 3576 θ
656 3485 776 3565 καὶ
828 3489 1131 3568 Παῦλος
1184 3483 1425 3585 λέγων
1478 3492 1522 3532 “
1542 3482 1774 3589 Υπὲρ
1830 3489 2161 3588 Χριστοῦ
2216 3487 2344 3566 οὖν
2394 3483 2911 3591 πρεσβεύομεν,
2959 3485 3045 3565 ὡς
3065 3518 3125 3576 25

322 3577 403 3615 ω’
658 3616 702 3657 “
737 3616 866 3688 τοῦ
901 3612 1096 3689 Θεοῦ
1129 3614 1723 3710 παρακαλοῦντος
1757 3608 1846 3689 δι’
1884 3608 2107 3708 ἡμῶν·
2155 3609 2532 3711 δεόμεθα’
2494 3609 2670 3715 νπὲρ
2705 3615 3044 3716 Χριστοῦ,

657 3741 701 3781 “
736 3727 1241 3834 καταλλάγητε
1278 3736 1382 3839 τῷ
1420 3732 1654 3841 Θεῷ.”

768 3856 901 3940 Τίς
938 3855 1064 3935 οὖν
1098 3854 1451 3955 ἡαῖτησις
1482 3853 1667 3954 μετὰ
1697 3853 1830 3955 τὴν
1850 3852 2214 3964 ἀπόδειξιν
2245 3865 2375 3939 τοῦ
2406 3863 2856 3960 μεμισῆσθαι
2893 3852 3044 3938 τοὺς

653 3977 980 4081 μαθητὰς
1018 3976 1219 4083 παρὰ
1274 3984 1422 4058 τῶν
1477 3985 1627 4063 τοῖς
1680 3985 2051 4079 κοσμικοῖς
2103 3981 2728 4085 προσηλωθέντων
2768 3987 3035 4074 κακοῖς;

658 4108 778 4185 οὐκ,
829 4100 1038 4210 {paz-5
1090 4109 1324 4209 φησιν
1381 4101 1496 4185 ἵνα
1552 4102 1715 4217 ‹3qu
1772 4100 2013 4191 αὐτ-οἶος
2072 4105 2155 4187 ἐκ
2210 4107 2323 4187 τοῦ
2383 4102 2662 4213 κόσμου,
2710 4111 2888 4187 ἀλλ’
2941 4102 3038 4183 ἵνα
3059 4138 3122 4197 3⁰

654 4228 925 4342 τηρήσῃς
996 4225 1237 4314 αὐτ-οὒς
1301 4227 1383 4311 ἐκ
1453 4229 1567 4309 τοῦ
1637 4229 1925 4336 πονηροῦ.
2027 4228 2113 4310 οὐ
2175 4227 2321 4334 γὰρ
2381 4235 2528 4310 τῶν
2590 4229 3039 4334 ἀνθρωπίνων

655 4347 1255 4433 ἀπαλλάττεσθαι
1288 4348 1766 4455 πραγμάτων,
1810 4351 1970 4434 οὐδὲ
2005 4357 2136 4454 τῆς
2169 4356 2247 4434 ἐν
2279 4354 2566 4452 σώματι
2602 4352 2780 4457 ζωῆς
2814 4355 3034 4433 ἀπαλ-

655 4470 1052 4554 λάττεσθαι
1114 4471 1279 4558 τοῦς
1341 4474 1587 4578 ἁγίους
1648 4474 1872 4558 ἐθέλει
1932 4476 2279 4581 Χριστὸς,
2343 4479 2540 4560 οὔπω
2603 4479 2732 4578 τῆς
2797 4472 3032 4557 οἰκείας
