3238 5158
217 344 349 411 xiv.
382 366 485 413 11.
592 348 708 414 IN
769 351 836 415 S.
885 349 1399 416 JOANNEM.
1490 348 1685 414 LIB.
1733 348 1854 415 IX.
1947 348 2148 415 CAP.
2196 349 2253 413 Ι.
2462 345 2622 411 '451

215 509 445 591 πάλιν
479 514 614 619 οὑχ
650 512 1122 616 ὁμολογήσας
1169 510 1347 593 εἶναι
1396 511 1525 595 τὸν
1558 511 1761 608 Yam,
1800 513 1931 612 τὴν
1965 515 2126 617 περὶ
2163 522 2291 594 τοῦ
2334 511 2625 613 Πατρὸς

216 640 497 734 γνῶσιν
532 637 912 745 συνεξελεῖ
947 635 1037 737 δὴ
1085 634 1374 722 πάντως
1409 638 1627 744 αὐτῷ.
1693 637 1812 718 ὅτε
1848 637 2087 717 τοίνυν
2124 645 2270 721 τοῖς
2306 636 2624 721 ἀνοσίοις
2649 668 2683 709 e

217 757 402 856 ἡμᾶς
440 760 1133 869 κατασφενδονήσας
1183 760 1454 864 λόγοις,
1493 761 2026 864 διακεκριμένην
2061 768 2191 841 τοῦ
2232 760 2625 863 ἀγεννήτου

219 886 412 962 Θεοῦ
467 883 601 984 τὴν
655 883 913 965 οὐσίαν
958 885 1371 966 διατείνεται
1427 885 1612 991 ἔχειν
1661 882 1789 965 τὸν
1824 884 2025 982 Yam,
2062 891 2217 968 πῶς
2273 886 2358 964 οὐ
2412 886 2616 990 διαῤ-

147 1035 187 1096 5
213 1003 441 1108 ρἦην
494 1008 658 1089 οὑδὲ
712 1008 897 1090 Υἰὸν
959 1008 1306 1115 ὑπάρχειν
1361 1007 1581 1089 αὐτὸν
1637 1011 2026 1111 ὁμολογεῖς
2109 1013 2292 1088 Υἰοῦ
2355 1008 2432 1089 δὲ
2496 1011 2625 1089 οὐκ

215 1127 442 1229 ὄντος,
499 1133 656 1213 οὐδ’
713 1130 806 1213 ἂν
862 1132 1075 1217 αὐτὸς
1134 1135 1175 1213 ὁ
1234 1131 1495 1235 Πατὴρ
1558 1136 1850 1234 ἀληθῶς
1905 1131 2008 1213 ἔτι
2064 1139 2297 1213 νοοῖτο
2353 1131 2617 1233 πατήρ.

216 1253 407 1338 τίνος
443 1254 589 1358 γὰρ
626 1256 836 1336 ἔσται
871 1252 1134 1359 πατὴρ,
1172 1262 1232 1336 εἰ
1276 1255 1379 1358 μὴ
1430 1255 1674 1336 τέτοκε
1704 1289 1724 1352 ;
1789 1257 2280 1359 διακεκρίσθαι
2315 1255 2445 1354 μὲν
2481 1254 2626 1359 γὰρ

218 1378 374 1483 οὐχὶ
413 1384 542 1479 τῆς
577 1381 852 1478 οὐσίας,
891 1379 1095 1459 ἀλλὰ
1132 1389 1262 1461 τοῦ
1303 1378 1710 1484 προσώπου
1746 1387 1876 1459 τοῦ
1915 1375 2210 1482 Πατρὸς
2263 1383 2377 1459 καὶ
2427 1381 2635 1459 αὐτοί

3 1593 22 1612 ὅ
218 1507 460 1608 φαμεν
490 1502 620 1584 τὸν
650 1503 854 1603 Υἶὸν,
891 1505 1026 1610 οὐχ
1061 1507 1159 1588 ὡς
1206 1501 1605 1606 ἀλλότριον
1643 1502 1817 1584 ὅντα
1867 1501 2053 1583 κατὰ
2105 1503 2335 1611 φύσιν
2372 1506 2619 1600 αὐτοῦ,

0 1691 26 1736 5
110 1671 193 1713 10
222 1628 544 1729 καθάπερ
591 1627 841 1727 ἀμέλει
887 1636 1038 1713 τοῖς
1088 1626 1468 1734 θεομάχοις
1519 1630 1731 1723 δοκεῖ,
1777 1628 1948 1707 ἀλλ’
1989 1630 2085 1710 ὡς
2142 1625 2317 1707 ὄντα
2371 1661 2451 1707 τε
2508 1628 2627 1706 καὶ

224 1748 602 1849 νοούμενον
648 1754 724 1834 ἐν
769 1755 924 1862 ἰδίῳ
979 1751 1382 1859 προσώπῳ,
1420 1754 1538 1831 καὶ
1593 1749 1747 1832 κατ’
1787 1751 1974 1830 ἰδίαν
2023 1750 2335 1857 ὕπαρξιν
2379 1748 2616 1853 ἑτερό-
2649 1784 2687 1825 a
2720 1771 2859 1828 ’798
2878 1770 2963 1824 A.

220 1903 407 1990 τητι·
497 1876 673 1961 Υἱὸς
729 1873 875 1980 γάρ
928 1878 1110 1975 ἐστι,
1168 1878 1286 1956 καὶ
1345 1876 1429 1954 οὑ
1485 1872 1771 1976 Πατήρ·
1852 1875 2338 1976 διακεκρίσθαι
2397 1872 2629 1977 γεμὴν

218 1997 372 2079 κατ’
410 2000 666 2081 οὐσίαν
710 2003 855 2081 οὔτ’
902 1999 993 2080 ἂν
1042 2001 1244 2080 αὑτοὶ
1295 1999 1630 2106 φαίημεν,
1668 1998 1738 2078 εἴ
1778 2033 1863 2099 γε
1915 2003 2325 2105 φρονοῦμεν
2359 1999 2620 2102 ὀρθῶς,

5 2223 10 2232 Ἴ
219 2124 377 2203 οὕτε
425 2129 563 2205 τινὶ
610 2131 758 2205 τῶν
802 2130 1146 2231 ἀδελφῶν
1189 2122 1903 2223 συμβουλεύσαιμεν.
1979 2129 2136 2208 πῶς
2186 2122 2333 2226 γὰρ
2382 2122 2473 2204 ἂν
2510 2126 2629 2204 καὶ

107 2274 190 2336 15
219 2247 644 2351 διακέκριται
699 2247 945 2349 μόνον,
996 2250 1159 2329 καθ’
1202 2247 1380 2350 ὅπερ
1434 2250 1636 2328 ἐστὶν
1690 2247 2093 2351 ἰδιαζόντως
2151 2248 2509 2345 ἕκαστον,
2586 2250 2627 2325 ὁ

220 2369 495 2474 Πέτρος
542 2370 691 2475 γὰρ
735 2371 1013 2476 Πέτρος
1064 2374 1224 2452 ἐστὶ
1274 2373 1392 2452 καὶ
1444 2373 1529 2451 οῦ
1570 2378 1892 2469 Παῦλος,
1930 2375 2048 2452 καὶ
2099 2373 2139 2451 ὃ
2189 2377 2490 2456 Παῦλος
2543 2372 2627 2451 οὑ

220 2493 519 2598 Πέτρος,
557 2496 855 2596 μένουσι
890 2496 1117 2600 γεμὴν
1153 2496 1547 2601 ἀδιάκριτοι
1599 2495 1786 2575 κατὰ
1836 2497 2086 2602 φύσιν.
2169 2495 2268 2582 εἷς
2317 2496 2462 2600 γὰρ
2513 2497 2620 2577 ἐπ’

217 2619 494 2725 ἀμφοῖν
546 2625 678 2722 τῆς
731 2620 982 2706 οὐσίας
1037 2622 1079 2701 ὁ
1135 2619 1378 2724 λόγος,
1425 2622 1542 2700 καὶ
1597 2619 1726 2700 τὸν
1776 2621 1995 2700 αὑτὸν
2044 2619 2626 2723 ἀπαραλλάκτως

0 2834 3 2855 ,
218 2740 364 2849 ἔξει
400 2743 492 2823 τὰ
524 2743 706 2849 πρὸς
741 2744 1044 2847 ἑνότητα
1078 2742 1401 2853 φυσικὴν
1436 2745 1910 2842 συνδούμενα.

0 2970 8 2979 ¹
99 2906 188 2949 20
333 2873 492 2948 Τοῦ
541 2866 615 2949 δὲ
666 2868 755 2970 δὴ
801 2868 1014 2976 χάριν
1049 2867 1141 2949 τὰ
1187 2867 1483 2948 τοιαῦτά
1520 2874 1805 2975 φαμεν;
1868 2868 2211 2975 ἐπιδεῖξαι
2259 2866 2404 2971 γὰρ
2455 2867 2624 2965 ἡμῖν
2652 2885 2696 2949 b

0 2984 12 2996 ’
217 2991 517 3089 σκοπὸς,
567 2993 678 3073 ὅτι
731 3001 1163 3100 φρονοῦντες
1219 2994 1463 3072 ἐκεῖνοι
1514 2997 1921 3088 δυσσεβῶς,
1972 2996 2101 3091 τῆς
2158 2990 2340 3070 κατὰ
2396 2988 2627 3096 φύσιν

217 3111 553 3215 θεότητος
603 3113 987 3224 ἐξέλκουσι
1051 3112 1179 3196 τὸν
1227 3114 1428 3212 Υἰὸν,
1487 3112 1692 3194 οὐδὲν
1747 3116 1939 3222 αὐτῷ
2002 3113 2247 3212 πλέον,
2304 3113 2626 3217 καθάπερ

215 3238 356 3339 ἤδη
409 3243 862 3343 προείπομεν,
917 3243 1258 3345 σχετικῆς
1324 3239 1802 3336 ἀπονέμοντες
1867 3238 2292 3340 οἰκειότητος
2346 3243 2474 3340 Τῆς
2529 3242 2626 3325 ὡς

212 3361 400 3466 πρὸς
437 3365 731 3468 Πατέρα
780 3369 899 3445 καὶ
937 3361 1147 3446 Θεόν.
1224 3366 1376 3444 ἐπεὶ
1432 3361 1551 3443 διὰ
1604 3361 1822 3443 ποίαν
1873 3364 2106 3444 αἰτίαν
2157 3365 2343 3465 ἡμᾶς
2391 3398 2626 3469 παρα-

0 3474 8 3589 s
95 3515 180 3577 25
215 3486 566 3588 δείγματα
618 3487 1056 3592 παραθέντες
1120 3494 1248 3566 τοῦ
1309 3484 1541 3589 λόγου
1599 3547 1645 3584 ,,
1678 3485 2035 3589 Καθάπερ
2092 3487 2311 3587 ἡμεῖς,
2369 3493 2621 3595 φασὶν,

211 3628 261 3706 ,,
300 3611 522 3713 ἀμιγῆ
572 3608 756 3714 πρὸς
809 3608 1029 3691 αὐτὸν
1076 3608 1332 3715 ἔχομεν
1380 3609 1514 3710 τὴν
1565 3608 1999 3708 ὑπόστασιν,
2037 3610 2236 3697 ὅντες
2282 3615 2361 3692 ἐν
2409 3614 2623 3720 αὐτῷ,

211 3795 259 3834 ,,
299 3736 523 3820 οὕτως
570 3739 689 3815 καὶ
740 3733 952 3820 αὐτὸς
1001 3733 1532 3838 διακεκριμένην
1577 3731 1722 3839 ἔχει
1771 3744 1899 3816 τοῦ
1937 3741 2129 3816 Θεοῦ
2178 3734 2311 3837 τὴν
2346 3738 2624 3834 οὐσίαν,

211 3919 261 3958 ,,
300 3856 433 3963 κᾶν
459 3856 634 3940 εἶναι
659 3859 977 3963 λέγηται,
1005 3862 1259 3966 φησὶν,
1281 3861 1359 3938 ἐν
1385 3859 1580 3968 αὐτῷ
1606 3858 1668 3954 ;”
1697 3855 1808 3963 ἆρ’
1833 3860 1917 3940 οὑ
1941 3866 2172 3941 πᾶσιν
2194 3859 2626 3944 εὑκάτοπτος

211 3982 265 4082 ἦ
320 3984 767 4087 πανουργία;
839 3980 949 4088 ἆρ’
990 3984 1119 4064 οὑκ
1172 3984 1320 4087 ε’ρεῖ
1366 4017 1474 4067 τις
1529 3982 1847 4086 εὐλόγως
1901 3982 2030 4063 τὸν
2075 3985 2260 4063 οὕτω
2314 3981 2623 4064 δυσωδέ-
2649 4028 2686 4072 0

0 4208 2 4215 Ι
90 4157 178 4215 30
211 4140 493 4188 στατον
530 4107 975 4215 ἐξεμέσαντα
1016 4106 1244 4210 λόγον
1281 4108 1562 4188 ἐκείνων
1599 4105 1943 4213 ὑπάρχειν
1980 4106 2103 4187 ἕνα
2150 4113 2296 4191 τῶν
2332 4106 2451 4187 διὰ
2496 4114 2626 4187 τοῦ

0 1059 22 1110 ’,ἶ

0 2706 9 2748 ἔ

297 4396 347 4435 1.
385 4381 595 4452 Πατρὸς
627 4378 692 4435 Ε.
722 4379 931 4452 Migne.
956 4379 1248 4451 πνεύματος
1273 4378 1418 4434 Aub.
1445 4377 1542 4434 sed
1569 4400 1658 4451 γρ.
1680 4379 1877 4448 πατρὸς
1908 4376 2010 4433 Ed.
2035 4394 2147 4449 mg.
2172 4375 2280 4431 huc
2316 4378 2431 4431 eine
2467 4375 2626 4431 dubi-

213 4462 438 4579 ιιιιι
449 4461 796 4577 ffiffi·
856 4450 1442 4613 ..ιξιςῑψψξώιι
1445 4449 1825 4591 Ει.....;,ι
1844 4446 1999 4575 ιτ]
2034 4454 2087 4512 4
2118 4448 2223 4589 ιι
2238 4447 2630 4583 ιιιιιιι·

213 4593 407 4649 οὐσίαν
429 4592 536 4648 hoc
559 4591 747 4648 ordine
773 4592 838 4647 E.
865 4592 960 4661 τὴν
982 4593 1170 4648 οὐσίαν
1192 4595 1286 4648 τοῦ
1312 4594 1448 4646 Θεοῦ
1475 4590 1578 4646 Ed.

1329 4694 1368 4759 3
1401 4694 1450 4737 M
1486 4694 1523 4741 2
