3238 5158
331 900 580 979 &Qatnu

331 983 471 1017 xxvl.
488 980 567 1030 24.

321 3157 408 3208 Pa.

328 3303 374 3349 2,
392 3302 442 3353 3.

670 347 797 411 ⁷02
1275 348 1354 413 Β.
1402 348 1822 413 CYRILLI
1881 348 2461 415 ALEXANDR.
2501 383 2510 390 ·
2648 347 2925 425 xvii.12‚
2949 364 3031 431 13.

669 514 1128 607 διαβολικῶν·
1214 509 1261 612 ἦ
1318 512 1462 617 γάρ
1516 511 1607 594 ἀν
1663 513 1973 620 ὑπάρχοι
2027 517 2146 595 καὶ
2200 514 2628 611 ἀνυπαίτιος,
2684 509 2916 620 ψήφῳ
2962 507 3035 588 τὸ

671 642 871 714 νικᾶν
905 636 1445 742 παραχωρήσας
1486 644 1578 744 τῇ
1614 637 1911 720 ἄνωθεν.
1988 640 2278 742 κρίματι
2321 637 2467 742 γὰρ
2502 645 2605 745 τῷ
2636 633 2837 741 παρὰ
2867 640 3036 715 Θεοῦ

670 758 780 843 τίς
832 758 1395 860 ἀντιστήσεταις
1459 764 1613 842 νυνὶ
1667 760 1747 843 δὲ
1802 761 2224 866 κατάκριτος
2276 760 2630 866 βδελυρός
2683 793 2764 841 τε
2818 762 2928 838 καὶ
2974 758 3038 837 ἐν

672 884 1062 982 ἀμείνοσιν,
1135 890 1196 964 εἰ
1270 883 1606 986 μηδόλως
1676 884 2041 988 ἐγεννήθη.
2156 884 2275 967 διὰ
2345 888 2562 968 ποίαν
2625 885 2898 977 aiv-[dm
2967 879 3043 986 ἐξ

672 1008 941 1088 οἰκείων
996 1006 1141 1112 γὰρ
1185 1016 1397 1088 τοῦτο
1441 1008 1700 1090 παθὼν
1754 1009 2206 1110 θελημάτων,
2253 1014 2375 1090 καὶ
2427 1012 2556 1090 οὐκ
2610 1008 2701 1116 ἐξ
2749 1004 3039 1108 ἀνάγκης
3058 1026 3088 1088 5

666 1134 796 1230 τῆς
831 1131 1032 1235 παρά
1068 1166 1256 1216 τινος
1295 1134 1336 1212 5
1371 1133 1681 1219 δείλαιος
1716 1133 2195 1240 ἐξελέγχεται·
2259 1137 2300 1214 5
2338 1132 2413 1216 δὲ
2449 1131 2578 1213 τὸν
2613 1135 2803 1213 οὕτω
2838 1126 3040 1209 δεινὸν

666 1254 1057 1357 ἀγαπήσας
1094 1256 1419 1361 ὄλεθρον,
1456 1255 1709 1338 τέκνον
1743 1260 2107 1343 ἀπωλείας
2142 1256 2464 1359 εὐλόγως
2498 1256 2589 1338 ἀν
2628 1252 3038 1355 ὀνομάζοιτο,

601 1394 644 1457 d
666 1377 790 1460 ἅτε
826 1378 915 1480 δὴ
953 1383 1070 1460 καὶ
1106 1378 1689 1485 χρεωστούμενος
1722 1380 1854 1480 μὲν
1890 1381 2170 1490 ὀλέθρῳ
2205 1384 2322 1461 καὶ
2358 1387 2631 1489 φθορᾷ,
2670 1376 3040 1483 περιμένων

667 1501 743 1583 δὲ
778 1501 1028 1606 ὥσπερ
1065 1507 1285 1583 ὠδῖνα
1321 1506 1438 1584 καὶ
1473 1499 1680 1603 οἶμον
1716 1503 1849 1604 τὴν
1886 1508 2014 1604 τῆς
2052 1505 2414 1589 ἀπωλείας
2451 1503 2748 1606 ἡμέραν.

776 1626 1074 1728 Ἐπειδὴ
1133 1626 1209 1707 δὲ
1266 1628 1728 1731 προστέθεικε
1778 1633 1927 1712 τοῖς
1976 1632 2140 1732 περὶ
2195 1626 2455 1709 τούτου
2499 1625 2754 1730 λόγοις
2798 1623 2881 1707 τό
2909 1620 3038 1706 ''Ivae
3061 1661 3118 1702 ιο

665 1752 974 1866 πληρωθῇ
1016 1759 1052 1850 ἦ
1093 1750 1363 1864 γραφὴ,
1403 1752 1633 1833 πάλιν
1667 1754 1889 1834 ἐκεῖνο
1925 1753 2305 1858 χρησίμως
2337 1759 2489 1837 τοῖς
2541 1749 3039 1859 ἐντευξομένοις

664 1878 927 1985 φαμέν.
1019 1880 1103 1958 οὐ
1167 1877 1314 1981 γὰρ
1377 1875 1754 1981 ἐπειδήπερ
1824 1877 2098 1979 εἴρηκεν
2157 1878 2204 1978 ἡ
2269 1877 2541 1983 γραφὴ,
2607 1874 2952 1956 διόλωλεν
3002 1874 3037 1952 5

657 2002 1031 2104 προδότης,
1091 2002 1208 2081 καὶ
1275 2005 1371 2086 εἷς
1427 2008 1641 2081 τοῦτο
1704 2005 2038 2105 παρῆλθε
2095 2002 2577 2109 φαυλότητος,
2635 2003 2738 2085 ὡς
2798 1996 3039 2100 ὀλίγων

658 2126 1017 2228 ἀργυρίων
1071 2122 1156 2205 τὸ
1207 2125 1440 2224 τίμιον
1492 2124 1671 2223 αἷμα
1725 2122 2082 2229 προέσθαι
2117 2133 2246 2205 τοῦ
2284 2130 2646 2229 Χριστοῦ·
2709 2119 2944 2221 ἐπειδὴ
2973 2116 3040 2198 δὲ

654 2245 1091 2329 ἀπολέσθαι
1119 2246 1359 2349 πάντη
1408 2282 1488 2329 τε
1545 2251 1664 2328 καὶ
1715 2249 2004 2333 πάντως
2059 2248 2345 2350 ἔμελλε,
2395 2247 2515 2329 διὰ
2567 2246 2706 2349 τὴν
2759 2249 3038 2328 ἐνοῦσαν
3059 2273 3112 2334 15

596 2403 632 2448 e
657 2372 849 2479 αὐτῷ
904 2371 1347 2476 δυστροπίαν
1401 2369 1769 2478 παραδοὺς
1823 2371 1952 2453 τὸν
2001 2371 2293 2477 Κύριον,
2351 2372 2464 2453 ὅτι
2516 2371 2811 2456 πάντως
2857 2369 3037 2450 ἔσται

653 2493 1197 2600 προμεμήνυκεν
1254 2496 1298 2598 ἡ
1359 2494 1639 2605 γραφὴ,
1707 2495 1798 2598 ἣν
1858 2498 1987 2577 οὐκ
2043 2493 2136 2597 ἦν
2192 2495 2770 2604 διαψεύσασθαι.
2869 2496 3037 2574 Θεοῦ

655 2619 801 2724 γὰρ
855 2620 1079 2723 λόγος
1133 2625 1288 2703 ἐστὶ
1334 2630 1462 2701 τοῦ
1517 2621 1759 2702 πάντα
1814 2621 2103 2721 εἰδότος,
2138 2624 2258 2702 καὶ
2312 2623 2387 2702 ἐν
2432 2621 2575 2728 ἰδίᾳ
2633 2619 2882 2719 νοήσει
2927 2613 3037 2697 τὸν

655 2743 966 2827 ἑκάστου
1001 2746 1348 2851 φέροντος
1382 2745 1656 2849 τρόπον
1692 2779 1769 2827 τε
1807 2747 1924 2825 καὶ
1966 2746 2153 2844 βίον,
2190 2748 2309 2826 καὶ
2353 2743 2487 2846 τὴν
2523 2747 2647 2825 ἀπ’
2691 2746 2916 2850 ἀρχῆς
2952 2743 3036 2823 εἷς

657 2865 870 2953 τέλος
933 2862 1406 2977 διεξαγωγήν.
1509 2873 1629 2950 καὶ
1702 2877 1883 2973 γοῦν
1946 2872 1986 2951 5
2053 2868 2379 2976 ψάλλων
2442 2868 2579 2970 τὴν
2653 2876 2806 2949 τῶν
2866 2865 3035 2947 ὅλων
3055 2895 3112 2937 20

659 2992 933 3092 εἴδησιν
976 2991 1111 3093 τὴν
1146 3028 1224 3074 τε
1274 3000 1422 3073 τῶν
1465 2991 2007 3101 παρῳχηκότων
2041 2993 2178 3094 ἤδη
2229 2996 2345 3074 καὶ
2395 2992 2530 3093 τὴν
2563 2999 2711 3073 τῶν
2765 2992 3036 3072 ἔσεσθαι

660 3116 1275 3221 προσδοκωμένων
1310 3116 1687 3217 ἀπονέμων
1725 3117 1939 3226 αὐτῷ,
1984 3116 2168 3221 πρὸς
2204 3118 2422 3198 αὐτόν
2456 3151 2601 3198 που
2652 3117 2855 3224 φησί
2882 3125 2923 3163 “
2947 3108 3038 3192 Σὺ

665 3251 709 3289 “
747 3246 1061 3344 συνῆκας
1123 3239 1400 3326 πάντας
1467 3240 1637 3326 τοῦς
1697 3241 2224 3345 διαλογισμούς
2274 3277 2418 3342 μου
2470 3242 2617 3322 ἀπὸ
2669 3238 3031 3344 μακρόθεν,

667 3377 710 3413 “
746 3364 878 3466 τὴν
930 3365 1184 3470 τρίβον
1232 3400 1371 3464 μου
1427 3368 1545 3445 καὶ
1596 3364 1732 3467 τὴν
1780 3364 2082 3472 σχοῖνόν
2136 3401 2278 3464 μου
2321 3364 2424 3447 σῦ
2471 3365 2906 3474 ε’ξιχνίασας,
2935 3360 3032 3441 καὶ

588 3496 620 3524 ’
668 3500 713 3538 “
747 3488 995 3574 πάσας
1044 3489 1173 3574 τὰς
1210 3487 1418 3574 ὁδούς
1471 3523 1612 3589 μου
1657 3490 2047 3592 προεῖδες·”
2123 3487 2363 3571 πάντα
2400 3491 2638 3570 τοίνυν
2678 3519 3028 3593 προεγνω·
3052 3508 3103 3567 ²5

331 3641 464 3698 976
494 3640 575 3694 A.

606 3654 641 3695 a
667 3611 828 3710 κως,
866 3619 983 3693 καὶ
1038 3617 1133 3697 ὡς
1188 3613 1327 3714 ἤδη
1379 3611 1707 3716 παρόντα
1752 3612 2246 3717 περιαθρήσας
2299 3612 2391 3695 τὰ
2440 3610 2835 3712 μέλλοντα,
2877 3605 3033 3712 πρὸς

665 3743 813 3821 τοῖς
849 3736 1106 3821 ἄλλοις
1142 3733 1419 3818 ἅπασιν
1455 3733 1560 3820 οἷς
1595 3733 1736 3842 ἔφη
1773 3737 1936 3841 περὶ
1964 3742 2319 3842 Χριστοῦ,
2359 3737 2400 3816 5
2439 3743 2625 3821 θεῖος
2662 3736 2834 3835 ἡμῖν
2866 3764 3027 3836 προ·

662 3860 1015 3961 μεμήνυκε
1063 3858 1305 3962 λόγος,
1345 3859 1452 3940 ὅτι
1498 3862 1614 3939 καὶ
1665 3863 2040 3941 ἀπολεῖται
2087 3858 2398 3964 προδοὺς
2435 3861 2476 3940 5
2511 3858 2935 3962 τεταγμένος
2969 3856 3032 3932 ἐν

661 3991 1031 4086 μαθηταῖς·
1104 3982 1195 4086 ἦν
1248 3983 1325 4065 δὲ
1380 3985 1538 4089 οὐχὶ
1594 3983 1884 4071 πάντως
1939 3984 2248 4085 θέλησίς
2302 4018 2380 4065 τε
2436 3988 2555 4065 καὶ
2608 3982 3030 4088 πρόσταγμα

662 4116 874 4207 Θεοῦ,
911 4107 996 4190 τὸ
1050 4109 1448 4212 προειδέναι
1500 4141 1581 4188 τε
1636 4110 1755 4188 καὶ
1810 4114 2030 4190 εἰπεῖν
2066 4107 2159 4188 τὰ
2204 4105 2537 4209 ἐσόμενα,
2576 4107 2748 4186 ἀλλ’
2798 4100 2948 4186 οὐδὲ
2994 4098 3099 4197 ἦ3ο

659 4234 1058 4339 πρόῤῥησις
1099 4230 1595 4334 ἀναγκαστικὴ
1637 4230 1821 4335 πρὸς
1859 4231 2217 4337 ἐνέργειαν
2253 4241 2383 4313 τοῦ
2417 4227 3029 4337 προσημανθέντος

660 4367 900 4457 κακοῦ,
937 4361 1055 4439 καὶ
1108 4360 1237 4457 τῆς
1284 4354 1467 4437 κατὰ
1521 4363 1651 4436 τοῦ
1709 4359 2046 4459 Σωτῆρος
2103 4359 2514 4456 ἐπιβουλῆς,
2569 4344 3025 4459 &verpa-rm)

808 4602 852 4639 1.
890 4582 920 4652 ἦ
948 4581 1013 4637 Ε.
1392 4595 1442 4637 2.
1480 4583 1617 4636 Θεοῦ
1643 4580 1710 4636 Ε.
1736 4584 1850 4654 Θεῷ
1878 4581 1982 4639 Ed.
2368 4598 2450 4638 12.
2488 4580 2688 4650 εἴρηκεν
2708 4597 2818 4638 om.
2844 4577 2908 4635 E.
