3238 5158
224 324 501 396 viii.21.
591 330 705 395 IN
767 330 835 396 S.
883 329 1397 395 JOANNEM.
1490 330 1681 396 LIB.
1712 332 1797 396 V.
1888 332 2093 399 CAP.
2140 332 2274 397 111.
2595 332 2634 393 5

238 491 529 574 δύναιτό
581 527 691 577 τις
744 492 996 574 ἑαυτὸν
1041 498 1368 600 ὠφελεῖν,
1404 497 1481 575 ἐν
1524 494 1800 582 τούτοις
1855 497 1933 577 εὖ
1985 495 2189 596 μάλα
2243 492 2636 598 διαγορεύει
2660 502 2703 568 b

242 615 593 719 Χριστός.
672 615 757 697 τὸ
803 614 947 722 γὰρ
997 618 1381 721 ὑστερίζειν
1425 621 1502 698 ἐν
1546 620 1865 720 ἀγαθοῖς,
1912 625 2028 700 καὶ
2079 622 2637 723 ὐστεροβουλεῖν

242 744 344 823 εἶς
386 738 471 820 τὸ
515 738 895 845 χρήσιμον,
935 740 1187 842 ὄνησιν
1222 741 1353 840 μὲν
1387 741 1553 847 ε”χον
1590 743 1921 841 οὐδεμίαν
1955 744 2225 846 ὁρᾶται,
2263 746 2527 845 θρῆνον
2562 742 2638 821 δὲ

241 869 537 962 μᾶλλον
598 861 724 944 τόν
785 872 940 950 ταῖς
997 865 1376 971 ῥᾳθυμίαις
1437 865 1805 969 πρέποντα
1866 867 2216 973 προξενεῖ.
2316 864 2637 971 χρηστὸς

173 999 215 1060 5
244 994 626 1091 τοιγαροῦν
702 986 1041 1092 ὑπάρχων
1115 990 1156 1067 ὁ
1236 987 1501 1091 Κύριος
1569 990 1771 1089 ἡμῶν
1843 992 1961 1070 καὶ
2039 987 2370 1088 ἐπιεικὴς,
2451 987 2638 1070 καθὰ

243 1110 664 1214 γέγραπται,
703 1113 818 1190 καὶ
867 1110 1352 1214 ἀτιμαζόντων
1400 1112 1744 1216 ἀνέχεται,
1781 1117 1901 1193 καὶ
1949 1119 2427 1218 προσωφελεῖ
2472 1109 2639 1197 τούς

246 1235 679 1338 ὑβρίζοντας,
717 1236 835 1314 καὶ
888 1238 1016 1332 τῆς
1072 1236 1150 1311 ἐν
1198 1236 1597 1335 ἀνθρώποις
1654 1238 2133 1341 μικροψυχίας
2188 1236 2491 1334 ἀμείνων
2542 1237 2638 1321 ὡς

248 1357 437 1441 Θεὸς
474 1358 895 1460 εὑρίσκεται.
973 1359 1260 1436 ἀπειλεῖ
1289 1355 1364 1434 δὲ
1400 1358 1777 1505 χρησίμως
1813 1357 1944 1456 τὴν
1978 1358 2064 1464 ἐξ
2096 1360 2329 1438 αὐτῶν
2364 1358 2638 1438 ἀπανά-

248 1512 547 1575 στασιν,
612 1512 728 1557 και
801 1476 885 1558 τό
955 1475 1256 1579 Τπείγω
1320 1481 1552 1583 φησὶν
1616 1481 1952 1581 ἐναργῶς,
2014 1480 2133 1560 ἵνα
2203 1482 2638 1584 γοργοτέραν
2660 1505 2696 1548 0

148 1623 228 1662 10
256 1602 494 1683 αὐτοῖς
547 1598 961 1705 ἐμφυτεύσῃ
1015 1599 1350 1698 διάνοιαν,
1406 1602 1523 1680 καὶ
1580 1600 2170 1705 λογιζομένους’
2129 1637 2240 1683 οτι
2294 1599 2435 1707 χρὴ
2489 1636 2637 1683 πα-

251 1721 475 1826 ρόντα
517 1721 647 1802 τὸν
691 1720 1062 1826 λυτρωτὴν
1106 1757 1474 1826 απρακτον
1515 1726 1644 1805 οὐκ
1699 1729 1842 1824 ε’ἂν,
1877 1726 2349 1829 παρελαύνειν
2392 1724 2643 1811 αὐτοὺς

250 1843 578 1952 ἀκονήσῃ
624 1842 809 1949 πρὸς
855 1847 1127 1945 πίστιν,
1178 1847 1656 1951 ἑτοιμοτέρους
1705 1883 1783 1928 τε
1833 1848 1968 1950 ἤδη
2016 1850 2200 1953 πρὸς
2253 1851 2642 1931 εὐπείθειαν

248 1967 671 2071 ἐργάσηται.
747 1968 1145 2069 ἐπιβοήσας
1182 1968 1259 2049 δὲ
1302 1969 1386 2050 τό
1421 1968 1738 2074 Ὑπάγω,
1776 1976 1894 2052 καὶ
1944 1972 2350 2074 ἀπειλήσας
2397 1974 2530 2073 τὴν
2565 1976 2643 2053 ἐκ

246 2092 516 2176 παντὸς
569 2099 698 2171 τοῦ
752 2091 995 2177 ἔθνους
1049 2092 1491 2196 ἀποδρομὴν,
1538 2094 1963 2204 παρέζευξεν
2018 2104 2471 2197 οἰκονομικῶς
2526 2099 2645 2176 καὶ

144 2235 221 2298 15
247 2214 381 2315 τὴν
439 2218 759 2295 ἐντεῦθεν
823 2217 1058 2300 αὐτοῖς
1113 2218 1472 2316 ’ἐσομένην
1533 2217 1808 2321 ζημίαν.
1914 2217 2426 2323 ε’ντεθνήξεσθε
2498 2218 2645 2322 γὰρ

248 2345 404 2421 ταῖς
466 2340 738 2418 ἑαυτῶν
802 2341 1192 2447 ἁμαρτίαις,
1252 2339 1467 2444 φησί·
1539 2343 1658 2420 καὶ
1723 2340 1952 2446 λόγον
2016 2346 2256 2443 ἀληθῆ
2320 2342 2452 2444 τὴν
2515 2352 2645 2423 τοῦ

249 2458 674 2564 πράγματος
708 2461 940 2568 φύσιν
975 2462 1524 2566 εἶσκομίζουσαν
1560 2465 2061 2568 θεωρήσωμεν.
2142 2470 2209 2546 οἱ
2256 2465 2401 2569 γὰρ
2450 2467 2641 2551 ὅλως
2666 2480 2711 2545 d

252 2587 336 2664 οὐ
385 2587 954 2693 παραδεξάμενοι
1000 2583 1129 2666 τόν
1174 2591 1269 2670 ὡς
1325 2588 1512 2687 ἡμᾶς
1568 2588 1967 2696 ἀφιγμένον
2011 2590 2102 2697 ἐξ
2144 2592 2482 2694 οὐρανῶν,
2524 2592 2642 2671 ἵνα

250 2708 524 2792 πάντας
579 2709 928 2812 δικαιώσῃ
984 2707 1101 2787 διὰ
1154 2713 1282 2808 τῆς
1326 2709 1662 2807 πίστεως,
1706 2718 1861 2795 πῶς
1907 2713 2036 2791 οὐκ
2080 2714 2139 2791 ἐν
2174 2721 2328 2797 ταῖς
2374 2716 2644 2794 ἑαυτῶν

149 2860 230 2900 20
254 2836 627 2941 ἁμαρτίαις
683 2828 1202 2934 ἀναμφιλόγως
1256 2830 1740 2936 τεθνήξονται·
1802 2837 1919 2912 καὶ
1967 2831 2096 2912 τὸν
2138 2836 2499 2936 καθαίρειν
2540 2842 2641 2915 εἰ·

253 2955 428 3035 δότα
475 2955 577 3055 μὴ
627 2951 1186 3057 προσηκάμενοι,
1223 2959 1379 3036 πῶς
1428 2955 1512 3032 οὐ
1561 2956 1841 3053 διηνεκῆ
1892 2954 2020 3034 τὸν
2068 2958 2145 3034 ἐκ
2198 2960 2327 3054 τῆς
2381 2957 2649 3037 ἑαυτῶν

252 3081 686 3175 δυσσεβείας
739 3077 988 3184 εξουσι
1034 3073 1469 3175 μολυσμόν;
1528 3073 1614 3156 τὸ
1654 3074 1731 3155 δὲ
1766 3076 2095 3158 τεθνάναι
2129 3076 2232 3177 μὴ
2271 3087 2639 3182 λελυτρω-

249 3201 482 3302 μένον,
522 3204 691 3281 ἀλλ’
730 3201 834 3281 ἔτι
875 3207 979 3309 τῷ
1027 3204 1156 3300 τῆς
1205 3201 1556 3303 ἁμαρτίας
1606 3201 2180 3306 κατηχθισμένον
2213 3201 2522 3305 ,Ra'peg'
2481 3238 2647 3284 οποι

250 3325 720 3431 παραπέμψει
790 3322 923 3423 τὴν
992 3330 1121 3402 τοῦ
1192 3322 1577 3426 ἀνθρώπου
1650 3323 1922 3429 ψυχὴν,
1986 3359 2124 3406 τινι
2196 3332 2343 3406 τῶν
2416 3362 2643 3409 οντων

150 3472 226 3533 25
252 3449 723 3555 ἀμφίβολον·
703 3508 725 3544 ,
799 3443 972 3553 ᾅδης
1027 3480 1193 3547 γαρ,
1249 3444 1464 3545 οἶμαι,
1519 3445 1648 3528 τὸν
1702 3457 2021 3530 τοιοῦτον
2076 3484 2117 3529 ο
2170 3449 2400 3544 βαθὺς
2453 3452 2641 3532 ἐκδέ-

252 3572 472 3677 ξεται,
509 3573 626 3650 καὶ
658 3573 734 3650 ἐν
770 3567 1014 3649 σκότει
1052 3566 1440 3649 διατελέσει
1474 3576 1753 3678 μακρῷ,
1794 3572 1994 3652 ἀλλὰ
2032 3576 2146 3654 καὶ
2183 3584 2331 3678 πῦρ
2367 3575 2640 3675 οἰκήσει
2664 3607 2701 3650 e

251 3696 368 3773 καὶ
406 3692 719 3800 φλόγας,
758 3693 1042 3774 ἐκείνοις
1079 3691 1364 3775 εἰκότως
1398 3694 2004 3794 ἐναριθμούμενος,
2039 3697 2204 3798 περὶ
2238 3695 2339 3777 ὧν
2375 3698 2647 3802 εἴρηταί

249 3851 392 3898 που
447 3815 566 3896 διὰ
616 3821 743 3914 τῆς
797 3822 927 3895 τοῦ
977 3812 1358 3920 προφήτου
1414 3819 1659 3920 φωνῆς
1694 3827 1737 3864 “
1762 3819 1860 3897 ‘O
1909 3819 2223 3926 σκώληξ
2273 3823 2507 3901 αὐτῶν
2556 3824 2640 3902 οὐ

252 3950 296 3987 “
328 3936 764 4038 τελευτήσει,
800 3940 918 4016 καὶ
953 3937 1038 4017 τὸ
1073 3945 1221 4040 πῦρ
1258 3939 1492 4017 αὐτῶν
1527 3940 1612 4018 οὐ
1648 3939 2170 4041 σβεσθήσεται,
2199 3947 2316 4023 καὶ
2354 3943 2642 4024 ἔσονται

253 4140 373 4247 Η.4
408 4121 650 4192 προξενεῖ
674 4121 740 4176 Β.
754 4120 1034 4212 προξενεῖν
1057 4120 1240 4176 Holst.
1266 4121 1371 4177 Ed.
1667 4135 1719 4194 7.
1756 4124 1839 4178 καὶ
1862 4126 2316 4216 τῆς-εὖρίσκεται
2340 4127 2643 4184 emendavit

248 4192 451 4317 ΗΘΧΒΘ.
478 4195 562 4246 καὶ
595 4194 704 4248 τοῖς
738 4190 794 4246 ἐν
826 4191 1059 4260 οὐρανοῖς
1091 4192 1510 4264 μικροψυχίας’
1477 4192 1742 4261 αμείνονος
1770 4193 1886 4251 θεὸς
1913 4195 2206 4286 εὑρίσκεται
2234 4197 2298 4252 Β.
2326 4195 2427 4252 Ht.
2449 4198 2642 4253 18011118

419 4261 474 4318 b.
547 4261 766 4317 Desunt
788 4262 919 4315 haec
943 4270 996 4315 et
1018 4261 1073 4314 in
1101 4279 1151 4315 8.
1339 4279 1424 4316 12.
1460 4262 1668 4332 ἀκονητὶ
1693 4262 1759 4318 Β.
1789 4263 1886 4319 Ht.
1911 4264 2139 4335 ακονὴσῃ
2164 4285 2194 4321 0
2219 4266 2339 4322 Cat.
2363 4277 2427 4321 ut
2449 4285 2484 4321 ο
2521 4268 2641 4323 inor

248 4332 392 4388 Aub.
579 4348 661 4400 15.
698 4330 1090 4400 ἑντεθνήξεσθαι
1117 4331 1183 4385 Β.
1355 4332 1437 4386 18.
1474 4332 1534 4400 ἐξ
1556 4333 1776 4402 οὐρανοῦ
1798 4334 2084 4407 ἀφιγμένον
2106 4354 2154 4390 8.
2342 4352 2430 4391 20.
2466 4360 2492 4391 ε
2513 4338 2641 4393 δότα

246 4419 296 4458 8.
319 4412 372 4457 et
396 4403 473 4457 sic
496 4419 599 4457 con
604 4403 722 4457 ecit
751 4402 946 4473 Heyne.
971 4401 1157 4470 ηδόντα
1182 4401 1248 4459 Β.
1274 4401 1461 4471 ἥκοντα
1489 4402 1585 4457 Ht.
1612 4402 1717 4457 Ed.
2088 4406 2498 4477 κατηθισμένον
2525 4407 2642 4480 [κα-

243 4493 343 4560 τηχ
344 4471 603 4542 θησμένον
659 4468 723 4528 Β.
750 4472 849 4527 Ht.
875 4472 1326 4543 κατηχθησόμενον
1348 4471 1495 4528 Aub.
1579 4474 2032 4545 ὁποιπεραπέμψει
1996 4421 2266 4544 3(nitoff.
2294 4475 2454 4533 habet
2474 4498 2640 4548 παρα-

243 4497 423 4614 πεμψε
425 4564 444 4598 ι
467 4560 517 4597 a.

2726 926 2901 977 lxxxv.
2923 939 2972 991 5.

2731 3821 2819 3871 Ε..
2843 3821 2965 3871 lxvi.

2735 3902 2813 3952 ²4·
