3238 5158
586 335 721 402 346
1196 332 1275 402 Β.
1323 331 1747 402 CYRILLI
1804 330 2387 399 ALEXANDR.
2679 330 2817 398 xiii.
2837 325 2995 394 6-8.

586 499 1031 604 συνεδρεύων
1084 500 1421 601 δηλονότι
1475 506 1580 609 τῷ
1635 500 1790 608 ἰδίῳ
1844 498 2240 602 γεννήτορι,
2289 496 2658 598 τοσαύτην
2712 495 2998 594 ὑπέστη

588 623 722 726 τὴν
757 627 1212 724 ταπείνωσιν,
1242 627 1340 709 ὧς
1374 628 1608 735 λεντίῳ
1645 622 1777 724 μὲν
1813 623 2331 727 διαζώσασθαι,
2357 627 2503 702 τῶν
2541 620 2618 702 δὲ
2653 625 3001 718 μαθητῶν

591 747 946 851 ἀπονίζειν
984 786 1133 836 τους
1189 744 1443 837 πίθοις.
1523 748 1808 854 ἔχοντες
1861 747 2101 828 τοίνυν
2151 749 2473 828 ἐντεῦθεν
2521 745 2825 848 ἄριστον
2866 748 3001 842 τῆς

533 907 571 952 e
592 871 966 968 εὐλαβείας
1004 870 1506 975 ὑπογραμμον,
1542 875 1662 953 καὶ
1711 875 1840 972 τῆς
1890 875 1991 956 εἰς
2037 868 2416 971 ἀλλήλους
2464 868 2752 971 ἀγάπης
2783 898 2989 968 περι-

590 994 1055 1102 φανεστάτην
1113 994 1368 1093 εἰκόνα,
1417 993 1672 1100 μέτρια
1723 992 1857 1094 μὲν
1907 999 2311 1099 φρονῶμεν,
2360 996 2743 1097 ἀγαπητοὶ,
2787 991 2991 1094 ἡγῶ-
3025 1001 3077 1065 5

587 1125 777 1221 μεθα
837 1117 916 1201 δὲ
971 1118 1138 1205 τοὺς
1196 1116 1562 1226 ἀδελφοὺς
1615 1116 1709 1199 τὰ
1765 1115 1979 1219 μείζω
2043 1123 2436 1218 κεκτῆσθαι
2494 1123 2642 1197 τῶν
2696 1118 2774 1196 ἐν
2825 1116 2998 1215 ἡμῖν

586 1241 1256 1345 πλεονεκτημάτων,
1304 1240 1440 1323 κᾶν
1491 1240 1928 1349 ὑπάρχωμεν
1975 1243 2261 1344 ἀγαθοί.
2341 1249 2554 1322 τοῦτο
2609 1238 2755 1343 γὰρ
2807 1241 2997 1340 ἡμᾶς

589 1368 632 1448 ὃ
682 1368 913 1471 μέγας
968 1369 1175 1454 οὗτος
1231 1365 1707 1472 ὑπογραμμός
1757 1367 2121 1447 ἀναπείθει
2176 1371 2470 1474 φρονεῖν
2513 1399 2591 1445 τε
2646 1368 2763 1445 καὶ
2816 1362 2996 1459 βού-

589 1497 875 1574 λεσθαι.

525 1761 890 1859 δἘρχεται
940 1766 1055 1836 οὖν
1092 1767 1187 1836 εἰς
1233 1769 1503 1848 Σίμωνα
1547 1769 1821 1860 Πέτρον·
1890 1770 1997 1836 καὶ
2045 1770 2219 1845 λέπει
2267 1769 2449 1855 αὐτῷ
2495 1767 2705 1857 Κύριε,
2743 1767 2819 1834 σύ
2867 1788 2996 1844 μου
3030 1779 3124 1822 10

254 1953 481 2013 722ss
530 1881 570 2009 Ξ
695 1893 941 1961 νίπτειε
1008 1895 1164 1961 τοὺς
1232 1894 1486 1979 πόδας,
1561 1893 1883 1985 ἀπεκρίθη
1936 1895 2197 1961 Ἰι-ισοῡε
2260 1893 2367 1959 καὶ
2429 1888 2610 1960 εἶπεν
2673 1893 2855 1978 αὐτῷ
2903 1892 2995 1957 ‘0

525 2034 565 2094 8
691 2018 825 2094 ἒΓὼ
881 2020 1056 2086 ποιῶ
1114 2021 1189 2087 σὺ
1246 2021 1365 2086 οὐκ
1420 2016 1606 2087 οἶδας
1662 2022 1834 2111 ἄρτι,
1888 2018 2105 2111 Γνώσῌ
2161 2020 2233 2085 δὲ
2287 2020 2450 2098 μετὰ
2504 2025 2734 2086 ταῦτα.
2819 2020 2997 2094 λέι-ει

690 2144 873 2230 αὐτῷ
916 2145 1170 2236 Πὲτροε
1214 2145 1307 2212 Οὐ
1353 2146 1441 2224 mh
1492 2145 1681 2238 νίψῌε
1725 2169 1853 2224 μου
1894 2146 2048 2212 τούε
2094 2145 2306 2213 πόδας
2351 2142 2446 2211 eie
2497 2145 2611 2213 τὸν
2658 2142 2891 2213 αἰῶνα.

701 2315 1160 2421 Θερμότερόν
1208 2353 1365 2403 πως
1428 2320 1536 2398 ἀεὶ
1601 2326 1730 2399 τοῦ
1788 2317 2071 2422 Πέτρου
2128 2317 2214 2399 τὸ
2271 2319 2563 2420 κίνημα,
2622 2322 2741 2398 καὶ
2797 2317 2995 2399 πολὺ

586 2440 1025 2544 γοργότερον
1092 2448 1191 2527 εἰς
1254 2439 1657 2542 εὐλάβειαν,
1719 2442 2083 2547 θεωρήσαι
2146 2477 2257 2528 τις
2323 2441 2414 2523 ἀν
2477 2445 2553 2522 ἐν
2616 2442 2835 2540 ὅλοις,
2894 2444 2992 2526 ὡς
3028 2475 3055 2514 1
3068 2471 3109 2534 5

587 2564 760 2652 ἔπος
813 2570 1055 2665 εἰπεῖν,
1099 2573 1249 2652 τοῖς
1302 2564 1870 2671 συγγράμμασι.
1947 2568 2311 2674 τοιγάρτοι
2362 2569 2480 2649 καὶ
2532 2574 2659 2648 νῦν
2702 2565 2841 2647 ἔθει
2890 2571 2995 2675 τῷ

589 2691 745 2799 ἰδίῳ
799 2690 1444 2793 κατακολουθήσας
1499 2695 1617 2773 καὶ
1671 2690 1940 2801 τρόπω,
1985 2691 2070 2772 τὸ
2120 2690 2596 2792 σεσωσμένον
2636 2688 2726 2792 δὴ
2780 2700 2997 2771 τοῦτο

523 2828 570 2895 b
591 2818 721 2913 τῆς
791 2818 887 2899 εἰς
962 2814 1185 2919 ἀκρον
1246 2814 1565 2917 ἡκούσης
1628 2816 2295 2923 ταπεινοφροσύνης
2366 2851 2446 2897 τε
2516 2819 2636 2896 καὶ
2707 2812 2997 2919 ἀγάπης

587 2945 1027 3042 παρωθεῖται
1073 2939 1394 3040 μάθημα,
1430 2940 1540 3024 τίς
1588 2939 1721 3040 μὲν
1768 2940 1983 3025 αὑτὸς
2037 2940 2142 3041 ε’ίη
2199 2937 2384 3021 κατὰ
2437 2938 2669 3047 φύσιν
2712 2942 2996 3037 ἐννοῶν,

587 3064 697 3148 τίς
747 3060 822 3143 δ’
860 3065 951 3143 αυ
1000 3061 1231 3144 πάλιν
1269 3066 1309 3143 ὁ
1362 3061 1491 3144 τὸν
1533 3068 1844 3167 νιπτῆρα
1891 3063 2401 3169 παρακομίζων
2437 3065 2653 3171 αὐτῷ,
2690 3067 2809 3144 καὶ
2861 3099 2996 3216 την
3022 3103 3109 3144 20

589 3184 862 3267 οἰκέτου
912 3189 1160 3342 χρείαν
1198 3190 1676 3292 ἀποπληροῦν
1710 3189 1795 3267 οὑ
1843 3187 2435 3293 παραιτούμενος.
2516 3195 2818 3291 θορυβεῖ
2848 3187 2996 3291 γὰρ

586 3310 671 3389 οὑ
719 3311 1021 3413 μετρίως
1075 3309 1293 3390 αὑτον
1329 3308 1826 3415 ἀπαράδεκτόν
1872 3346 2027 3396 πως
2083 3317 2182 3396 εἰς
2233 3314 2487 3393 πίστιν
2537 3310 2863 3417 ὑπάρχον
2909 3346 2996 3392 το

584 3439 912 3535 πρᾶγμα,
950 3469 1067 3514 και
1103 3439 1163 3515 εἰ
1197 3441 1508 3519 πολλοῖς
1545 3435 1776 3542 ὁρῷτο
1813 3434 2035 3541 τυχὸν
2071 3437 2505 3543 ὀφθαλμοῖς.
2582 3440 2690 3521 τίς
2725 3435 2869 3540 γὰρ
2904 3434 2997 3515 ἀν

587 3556 718 3635 οὑκ
773 3556 1019 3664 ἔφριξε
1073 3557 1347 3657 μαθὼν,
1389 3562 1486 3643 ὡς
1537 3560 1577 3637 ὁ
1635 3566 1782 3639 τῶν
1826 3558 2024 3641 ὅλων
2068 3558 2250 3660 μετὰ
2301 3559 2595 3665 Πατρός
2650 3561 2996 3665 ὑπάρχων

530 3708 567 3753 c
596 3677 883 3783 Κύριος,
938 3681 1405 3785 οἰκτροτάτην
1459 3685 1649 3763 οὕτω
1703 3682 1834 3784 τὴν
1890 3683 2220 3765 δουλείαν
2273 3683 2459 3788 πρὸς
2519 3682 2687 3770 τοὺς
2742 3687 2995 3765 ἑαυτοῦ
3026 3721 3055 3761 2
3063 3717 3103 3778 5

587 3804 917 3905 μαθητὰς
976 3806 1404 3914 ἐπεδείξατο,
1470 3810 1566 3892 ὡς
1637 3812 1754 3888 καὶ
1821 3806 1999 3912 ὅπερ
2068 3805 2244 3889 εἶναι
2316 3813 2514 3889 δοκεῖ
2572 3806 2774 3912 παρὰ
2845 3816 2997 3894 τοῖς

587 3927 890 4013 οἰκέταις
942 3928 1077 4030 τὴν
1123 3930 1452 4037 ἐσχάτην
1507 3932 1766 4037 ἐπέχον
1818 3931 2050 4041 τάξιν,
2100 3941 2316 4014 τοῦτο
2370 3935 2486 4013 καὶ
2543 3934 2747 4032 μάλα
2802 3966 2988 4035 προ-

587 4051 831 4153 θύμως
897 4056 1243 4154 ἐθελῆσαι
1318 4059 1498 4160 δρᾶν
1560 4055 1801 4156 αὑτὸν,
1868 4062 1964 4142 εἰς
2039 4056 2519 4161 ὑπογραμμὸν
2580 4060 2701 4138 καὶ
2763 4057 2999 4138 τύπον

585 4176 876 4281 μετρίου
921 4176 1428 4285 φρονήματος;
1491 4179 1671 4261 δέδιε
1724 4189 2107 4287 τοιγαροῦν
2142 4183 2183 4262 ὁ
2235 4180 2624 4266 θεσπέσιος
2669 4179 3000 4283 μαθητὴς

663 4445 712 4484 1.
751 4428 1113 4499 συνεδρεύων
1135 4447 1184 4485 a.
1208 4430 1412 4501 ἀνίησιν
1435 4440 1489 4486 et
1512 4433 1674 4489 συνεδ
1708 4431 1838 4490 εὕων
1860 4432 2064 4491 habent
2088 4452 2137 4491 c.
2166 4433 2334 4490 Cord.
2564 4433 2789 4489 ἀπονιπτ
2814 4455 2843 4489 ν
2866 4433 2998 4504 (sic)

586 4517 637 4555 c.
661 4499 919 4569 ἀπονίζειν
940 4498 1104 4556 habet
1129 4500 1295 4557 Cord.
1401 4504 1618 4574 ἔχοντας
1694 4505 1790 4561 ub.
2008 4523 2094 4578 13.
2127 4527 2231 4578 μου
2253 4505 2375 4563 τοὺς
2396 4450 2563 4563 sign
2584 4506 2690 4563 hoc
2711 4502 2902 4561 ordIne
2926 4505 2997 4563 E.

585 4569 770 4643 αἰῶνα]
803 4578 862 4637 -Ι-
891 4570 1142 4644 ἀπεκρίθη
1166 4573 1304 4647 αὐτῷ
1328 4576 1359 4628 ὁ
1383 4573 1589 4644 Ἰησοῦς
1613 4574 1719 4630 Ed.
