3238 5158
632 340 761 404 648
1223 343 1305 409 Β.
1351 341 1775 409 CYRILLI
1833 341 2420 409 ALEXANDR..
2653 338 2794 402 xvi.
2825 334 2932 413 26,
2959 347 3054 413 27·

635 512 781 611 περὶ
832 505 945 585 τοῧ
994 504 1175 587 ἰδίου
1220 524 1282 588 Π
1287 507 1481 616 ατρὶς
1532 509 1575 588 ὃ
1619 505 1949 613 Χριστὸς
1995 511 2440 611 ἀπαγγελεῖ.
2523 505 2684 584 νυνὶ
2733 501 2878 601 μὲν
2921 499 3058 603 γὰρ

637 625 756 707 διὰ
788 635 1000 714 σκιᾶς
1036 635 1153 711 καὶ
1188 632 1738 733 ὑποδειγμάτων
1773 635 1891 712 καὶ
1925 633 2261 732 ποικίλης·
2298 630 2459 710 ἔσθ’
2501 627 2622 709 ὅτε
2659 636 3058 729 παραλαμ-

636 752 1037 853 βανομένης
1082 758 1209 854 τῆς
1257 754 1375 836 διὰ
1422 753 1871 859 πραγμάτων
1914 755 2178 841 εἰκόνος
2226 757 2345 835 καὶ
2395 751 2650 834 τύπων
2697 758 2858 832 τῶν
2894 747 3054 831 καθ’

639 876 849 976 ἡμᾶς,
884 876 1098 976 μόλις
1141 879 1265 959 ε’πί
1303 914 1466 960 τινα
1518 886 1799 980 γνῶσιν
1834 878 2160 984 ἀμυδρὰν
2193 878 2732 981 ποδηγούμεθα,
2771 873 2898 954 διὰ
2932 872 3060 973 τὴν

638 1001 945 1081 ἐνοῦσαν
998 1002 1169 1103 ἡμῖν
1219 1001 1405 1083 κατὰ
1460 1012 1630 1084 νοῦν
1687 1002 2085 1084 ἀσθένειαν·
2173 1001 2337 1084 τότε
2389 1000 2624 1105 γεμὴν
2681 1003 2926 1082 τύπου
2977 997 3057 1079 τὸ
3077 1010 3108 1069 5

642 1126 990 1228 παράπαν
1038 1126 1401 1228 δεηθέντες
1456 1126 1764 1228 οὐδενὸς,
1798 1129 1969 1209 ἀλλ’
2006 1127 2166 1209 οὐδὲ
2217 1125 2664 1230 αἰνιγμάτων
2715 1124 2764 1225 ἢ
2819 1160 3052 1228 παρα·

642 1254 902 1350 βολῆς,
943 1257 1194 1359 γυμνῷ
1234 1249 1503 1358 τρόπον
1540 1252 1702 1334 τινὰ
1737 1259 1840 1362 τῷ
1882 1252 2258 1360 προσώπῳ
2306 1255 2423 1332 καὶ
2467 1252 3056 1356 ἀπαραποδίστῳ

645 1375 920 1482 διανοίᾳ
972 1374 1058 1455 τὸ
1115 1373 1244 1476 τῆς
1290 1378 1482 1461 θείας
1532 1376 1827 1484 φύσεως
1873 1383 2002 1457 τοῦ
2047 1381 2237 1456 Θεοῦ
2289 1379 2408 1456 καὶ
2447 1373 2754 1478 Πατρὸς
2811 1372 3054 1473 ἐννοή-

576 1506 621 1573 d
645 1533 875 1597 σομεν
929 1498 1228 1599 κάλλος,
1279 1500 1414 1600 τὴν
1461 1510 1591 1582 τοῦ
1657 1498 2061 1608 πεφηνότος
2124 1499 2213 1607 ἐξ
2267 1501 2485 1579 αὐτοῦ
2551 1496 3056 1601 θεωρήσαντες·

308 1604 550 1723 {fisffoen‘
647 1622 893 1732 δόξαν.
978 1636 1022 1672 “
1058 1626 1395 1730 ὀψόμεθα
1454 1624 1598 1730 γὰρ
1654 1624 1872 1705 αὐτὸν
1926 1625 2162 1709 καθώς
2214 1625 2432 1718 ἐστι,”
2473 1621 2664 1703 κατὰ
2717 1620 2864 1722 τὴν
2897 1625 3050 1702 ’Ῑω-
3083 1649 3142 1688 10

647 1748 864 1829 άννου
920 1747 1194 1857 φωνήν.
1273 1758 1402 1829 νῦν
1436 1748 1567 1849 μὲν
1611 1748 1755 1854 γὰρ
1803 1749 2079 1850 εἴδομεν
2129 1750 2257 1829 οὐκ
2305 1749 2382 1827 ἐν
2431 1745 2832 1854 ὁλοκλήρῳ
2881 1745 3058 1853 δόξῃ

645 1880 737 1980 τῇ
803 1879 1200 1977 θεοπρεπεῖ,
1268 1871 1386 1953 διὰ
1454 1872 1539 1955 τὸ
1605 1873 2078 1978 ἀνθρώπινον·
2162 1873 2722 1976 παρελάσαντος
2793 1871 2874 1951 δὲ
2937 1878 3060 1950 τοῦ

647 2007 895 2102 καιροῦ
950 2004 1078 2100 τῆς
1132 1998 1313 2099 μετὰ
1366 1998 1644 2104 σαρκὸς
1697 1999 2117 2097 οἰκονομίας,
2173 2001 2293 2078 καὶ
2350 1996 2882 2090 τετελεσμένου
2936 2003 3063 2075 τοῦ

646 2124 1049 2227 μυστηρίου
1098 2132 1227 2204 τοῦ
1278 2125 1362 2204 δι’
1404 2124 1593 2225 ἡμᾶς
1630 2125 1747 2203 καὶ
1787 2121 1963 2227 ὑπὲρ
1998 2123 2228 2222 ἡμῶν,
2271 2125 2347 2202 ἐν
2384 2121 2529 2228 ἰδίᾳ
2563 2119 2752 2228 δόξῃ
2799 2121 3062 2201 λοιπὸν

648 2249 766 2327 καὶ
810 2253 901 2353 τῇ
948 2256 1078 2328 τοῦ
1118 2246 1415 2351 Πατρὸς
1465 2244 1900 2356 ὀφθήσεται.
1982 2244 2171 2331 Θεὸς
2222 2245 2363 2349 γὰρ
2414 2245 2518 2325 ὧν
2552 2244 2738 2325 κατὰ
2792 2245 3053 2352 φύσιν,
3088 2256 3144 2315 ¹5

649 2370 1035 2469 ὄμοούσιός
1087 2407 1161 2453 τε
1213 2370 1332 2451 διὰ
1380 2380 1595 2452 τοῦτο
1639 2377 1744 2480 τῷ
1797 2370 2143 2478 φύσαντι,
2178 2368 2469 2454 πάντως
2513 2370 2757 2471 δήπου
2809 2372 2933 2450 καὶ
2989 2372 3064 2449 ἐν

647 2494 835 2579 ἴσοις
888 2493 1093 2576 ἔσται
1147 2504 1295 2582 τοῖς
1350 2495 1743 2604 ἀξιώμασι,
1789 2499 1907 2577 καὶ
1962 2497 2039 2575 ἐν
2083 2493 2263 2603 δόξῃ
2317 2499 2409 2601 τῇ
2458 2495 2678 2603 οἰκείᾳ
2725 2497 2852 2574 καί
2903 2502 3060 2576 θεο-

591 2650 627 2694 0
649 2627 910 2725 πρεπεῖ
938 2618 1340 2731 διαλάμψει
1377 2621 1658 2704 λοιπόν.

525 2879 766 2947 ·26Ἐν
827 2879 1040 2971 ἐκείνῳ
1111 2887 1190 2969 τῇ
1264 2882 1476 2974 ἡμέρᾳ
1535 2885 1606 2949 ἑν
1668 2884 1764 2968 τῷ
1831 2881 2108 2954 ὀνόματί
2175 2903 2299 2959 μου
2371 2878 2741 2963 αἰτήσεσθε,
2810 2881 2924 2946 καὶ
2985 2881 3057 2946 οὐ

555 3012 627 3076 27
756 3008 930 3082 λὲτω
982 3003 1126 3085 ὑμῖν
1180 3010 1281 3075 ὅτι
1330 3008 1465 3083 ἐΓὼ
1515 3009 1840 3099 ἐρωτήσω
1893 3007 2006 3076 τὸν
2042 3007 2306 3098 Πατέρα
2360 3008 2512 3097 περὶ
2563 3007 2770 3083 ὑμῶν·
2861 3006 3060 3072 αὐτὸς
3083 3020 3142 3062 ²0

757 3133 876 3223 Γὰρ
946 3136 972 3203 c‘
1052 3133 1281 3224 Uun'up
1351 3130 1531 3222 φιλεῖ
1591 3138 1777 3215 ὑμᾶς,
1840 3136 1941 3202 ἔτι
2011 3130 2191 3210 ὑμεῖς
2259 3132 2376 3210 ἐμὲ
2448 3134 2891 3221 πεφιλήκατε,
2957 3135 3060 3199 καὶ

754 3261 1229 3328 πεπιστεύκατε
1281 3261 1382 3327 ὅτι
1433 3260 1568 3336 ἐγὼ
1619 3261 1799 3351 παρὰ
1853 3266 1969 3328 τοῦ
2023 3258 2283 3350 Πατρὸε
2335 3258 2630 3327 ἐξῆλθον.

765 3430 1123 3540 Ἐξαιτεΐν
1155 3431 1287 3534 μὲν
1323 3432 1513 3518 ὅλως
1562 3431 1681 3512 διὰ
1728 3437 2145 3539 προσευχῆς
2201 3435 2318 3512 καὶ
2372 3429 2754 3538 ἐντεύξεως
2810 3432 3062 3538 ἐφίησι

324 3582 458 3638 939
487 3579 565 3636 Δ.
595 3594 632 3636 a
655 3553 740 3636 τὸ
789 3557 1134 3661 παράπαν
1174 3553 1394 3654 οὐδὲν,
1432 3562 1492 3636 εἰ
1534 3556 1637 3657 μὴ
1677 3559 1736 3638 ἐν
1771 3567 1866 3666 τῷ
1904 3560 2172 3664 ὀνόματι
2210 3557 2449 3635 αὐτοῦ.
2529 3555 3062 3659 προχειρότατα

653 3677 881 3786 γεμὴν
916 3680 1294 3761 ἐπιδώσειν
1338 3682 1573 3766 αὐτοῖς
1626 3679 1753 3762 τὸν
1793 3683 2088 3786 Πατέρα
2140 3678 2232 3760 τὰ
2279 3682 2354 3760 ἐν
2391 3680 2628 3784 εὐχαῖς
2677 3679 3056 3782 ἐπαγγέλ-
3085 3695 3134 3752 ³⁵

653 3812 878 3902 λεται,
942 3806 1060 3884 καὶ
1131 3805 1289 3911 οὐχὶ
1352 3806 1642 3890 πάντως
1711 3814 1866 3891 ταῖς
1939 3814 2069 3887 τοῦ
2131 3810 2312 3885 ’Υἰοῦ
2374 3810 2825 3907 προτροπαῖς
2895 3809 3061 3884 ἀνα-

653 3925 1095 4029 πειθόμενον,
1132 3928 1257 4010 ἅτε
1296 3927 1383 4029 δὴ
1420 3930 1891 4034 παρακλήτου
1930 3933 2047 4010 καὶ
2092 3926 2609 4026 μεσιτεύοντος,
2648 3924 3061 4025 αὐτόμολον
3183 3935 3184 4020 ἢ

656 4051 741 4132 δέ
781 4086 936 4138 πως
994 4059 1091 4138 εἰς
1148 4051 1564 4162 φιλοτιμίας
1621 4051 1820 4134 ἰόντα
1876 4052 2007 4137 τὰς
2062 4052 2169 4134 ἐπ’
2211 4052 2470 4149 αὐτοῖς,
2507 4052 2625 4129 καὶ
2681 4047 2947 4156 ὥσπερ
2998 4086 3059 4131 τι

655 4177 865 4283 χρέος
907 4177 1355 4258 κατατιθέναι
1402 4176 1906 4281 σπουδάζοντα
1952 4183 2100 4259 τοῖς
2150 4178 2497 4279 ἀγαπῶσι
2534 4172 2900 4278 Χριστὸν,
2939 4173 3058 4275 τὴν
3181 4273 3182 4288 ¹

657 4300 1000 4383 ἀνωτάτω
1039 4335 1114 4381 τε
1152 4303 1269 4381 καὶ
1307 4306 1404 4386 εἰς
1439 4302 1663 4406 ἀκρον
1699 4300 2078 4401 εὐμένειαν.
2160 4301 2276 4379 καὶ
2314 4299 2481 4404 οὐχί
2509 4332 2619 4382 τις
2667 4306 2844 4378 νοῦν
2882 4299 3055 4406 ἔχων
3075 4315 3124 4375 3e
3181 4295 3182 4388 ἢ

731 4532 817 4572 22.
853 4516 1050 4586 πατρὸς
1073 4516 1140 4571 Ε.
1165 4520 1301 4571 Θεοῦ
1326 4516 1430 4573 Ed.
1703 4518 1789 4573 28.
1826 4515 2128 4589 φιλοτιμίας
2152 4514 2295 4569 ἰόντα
2316 4513 2409 4570 τὰς
2433 4512 2562 4569 EAE.
2587 4514 2908 4586 φιλοτιμίαν
2929 4517 3054 4572 ἰόντι

656 4585 747 4642 τὰς
771 4585 874 4641 Ed.
898 4608 983 4656 γρ.
1012 4587 1104 4656 τὴν
1130 4586 1233 4642 Ed.
1260 4605 1372 4659 mg.
1586 4605 1674 4658 30.
1711 4610 1766 4644 τε
1792 4596 2132 4660 assumptum
2156 4603 2221 4641 ex
2248 4584 2314 4639 E.
