3238 5158
204 324 338 393 xiv.
370 328 472 395 18.
585 332 700 399 IN
764 338 832 402 S.
879 336 1392 406 JOANNEM.
1480 340 1675 406 LIB.
1722 339 1844 407 IX.
1934 337 2141 406 CAP.
2187 337 2246 405 Ῑ.
2483 332 2610 397 471

209 499 687 599 εἶσκομίσειεν
742 502 853 586 ἅν.
937 504 1056 585 ἵνα
1118 503 1358 586 τοίνυν
1413 506 1734 613 ἐπιδείξῃ
1788 512 2078 615 σαφῶς,
2130 504 2240 585 ὅτι
2302 499 2432 583 τὸν
2488 501 2617 599 τῆς
2640 511 2684 577 b

207 621 619 725 ἑτερότητος
682 623 914 730 λόγον
973 629 1059 708 οὐ
1123 629 1289 711 καθ’
1350 628 1591 734 ἕτερόν
1651 665 1814 713 τινα
1884 635 2204 710 νοεῖσθαι
2274 625 2621 724 βούλεται

208 744 501 847 τρόπον,
539 750 746 831 ἀλλὰ
794 751 979 833 κατὰ
1027 752 1253 853 μόνον
1290 753 1375 834 τὸ
1427 755 1618 839 ἰδίως
1670 752 2017 859 ὑπάρχειν
2064 750 2260 834 αὐτό·
2323 756 2625 848 Πνεῦμα

208 870 356 974 γὰρ
408 872 495 953 τὸ
543 880 845 975 Πνεῦμα
899 878 1017 959 καὶ
1073 879 1210 985 οὐχ
1254 877 1450 978 Υἱὸς,
1486 877 1736 983 ὥσπερ
1791 880 1920 960 οῦν
1964 875 2142 963 Υἱὸς
2190 878 2231 957 ὁ
2274 872 2450 959 Υἱὸς
2505 872 2623 952 καὶ

138 1012 183 1073 5
214 997 298 1075 οὐ
356 997 642 1103 Πατήρ·
704 1001 1368 1110 ἀποσταλήσεσθαι
1420 999 1550 1083 τὸν
1589 1003 2081 1107 Παράκλητον
2134 998 2374 1094 εἶπων,
2410 996 2623 1081 αὐτὸς

212 1120 415 1227 ἥξειν
450 1123 1002 1228 ἐπαγγελλεται,
1039 1128 1175 1232 οὐχ
1198 1126 1449 1283 ἔτερόν
1485 1161 1555 1207 τι
1591 1161 1679 1208 το
1719 1132 2017 1227 Πνεῦμα
2054 1121 2398 1210 δεικνῦς’ι
2362 1159 2408 1225 η
2448 1155 2624 1224 οπερ

217 1249 421 1327 ἐστὶν
456 1247 693 1348 αὐτος,
730 1251 1018 1354 ἐπείπερ
1066 1252 1270 1332 ἐστὶν
1303 1253 1381 1332 ἐκ
1430 1260 1560 1332 τοῦ
1598 1251 1893 1356 Πατρὸς
1944 1252 2124 1332 ιδιον
2162 1235 2464 1348 Πνεῦμα
2508 1248 2626 1328 καὶ

144 1421 158 1434 ι
219 1372 440 1452 αὐτοῦ
475 1380 758 1454 νοεῖται·
815 1376 932 1455 καὶ
970 1383 1133 1459 νοῦς
1168 1376 1388 1456 αὑτοῦ
1424 1374 1543 1456 δια
1577 1383 1792 1456 τοῦτο
1843 1378 1959 1457 καὶ
2013 1372 2449 1474 ὠνόμασταί
2509 1407 2626 1452 και

206 1503 402 1597 γοῦν
438 1498 479 1576 ὁ
517 1496 817 1583 Παῦλός
867 1504 1104 1606 φησιν
1138 1498 1314 1653 αὐτο
1369 1498 1459 1600 δὴ
1507 1508 1722 1581 τοῦτο
1769 1500 2146 1601 σημαίνων
2183 1510 2228 1547 “
2251 1499 2509 1596 Ημεῖς
2548 1494 2625 1576 δε
2655 1517 2769 1619 01υο

116 1643 201 1685 ¹0
226 1629 271 1666 “
312 1626 481 1700 νοῦν
537 1625 868 1726 Χριστοῦ
939 1624 1260 1729 ἕχομεν.”
1349 1624 1712 1709 συνιέντες
1771 1626 2013 1705 τοίνυν
2073 1624 2305 1727 ὀρθῶς
2367 1655 2446 1701 τε
2511 1655 2629 1700 και

229 1744 602 1844 ἀπλανῶς,
624 1748 740 1826 καὶ
775 1744 860 1828 τὸ
894 1748 1373 1852 ε’κτρέπεσθαί
1401 1782 1529 1829 ποι
1564 1748 1764 1851 παρὰ
1799 1745 1885 1830 τὸ
1929 1745 2113 1832 εἰκὸς
2166 1751 2264 1832 ὡς
2311 1742 2632 1830 ἀκαλλὲς

229 1867 707 1970 διωθούμενοι,
774 1874 891 1953 καὶ
954 1880 1103 1957 τοῖς
1174 1876 1305 1973 τῆς
1379 1873 1863 1954 θεοπνεύστου
1937 1876 2229 1978 γραφῆς
2301 1868 2633 1970 ἑπόμενοι

228 1991 499 2096 λόγοις,
538 1996 778 2101 φαμὲν
815 1995 928 2078 ὅτι
965 1998 1099 2104 οὐχ
1134 1995 1375 2100 ἕτερόν
1405 2032 1476 2078 τι
1514 1997 1684 2101 παρ’
1726 1996 1963 2097 αὐτὸν,
1996 1997 2178 2079 ὅσον
2213 1996 2381 2099 ἧκεν
2416 2002 2634 2077 εἰπεῖν

227 2124 328 2203 εἰς
389 2120 792 2221 ταυτότητα
857 2121 1198 2230 φυσικὴν,
1262 2123 1698 2229 διῃρημένως
1759 2156 1838 2202 τε
1903 2125 2020 2204 καὶ
2068 2118 2626 2205 ἰδιοσυστάτως·

121 2256 202 2317 ¹5
226 2252 440 2324 τοῦτο
476 2243 618 2347 γὰρ
655 2241 850 2345 οἶμαι
885 2249 1126 2331 συνεὶς
1162 2249 1279 2328 καὶ
1329 2249 1371 2327 ὁ
1425 2250 1814 2333 θεσπέσιος
1854 2253 2153 2332 Παῦλος
2187 2246 2634 2351 παραμίσγει

227 2366 608 2467 πολλάκις,
656 2372 775 2449 καὶ
828 2372 924 2454 ὡς
978 2368 1240 2451 ταύτὸν
1294 2367 1379 2451 ὃν
1431 2367 1767 2475 ἑκάτερον
1815 2371 2151 2479 εἰσφέρει,
2201 2371 2330 2453 τὸν
2369 2368 2625 2474 Παρά·

232 2491 503 2593 κλητόν
547 2500 733 2602 φημι
790 2497 908 2574 καὶ
965 2492 1093 2575 τὸν
1128 2493 1333 2578 Υἱόν.
1407 2494 1735 2602 εὑρήσεις
1787 2496 1933 2601 γὰρ
1989 2496 2301 2601 λέγοντα
2338 2506 2382 2543 “
2411 2500 2504 2575 Εἰ
2559 2493 2644 2574 δέ
2660 2510 2704 2576 d
2728 2480 2903 2613 ἕξ

235 2627 278 2665 “
317 2652 425 2702 τις
482 2623 785 2720 Πνεῦμα
837 2626 1170 2724 Χριστοῦ
1233 2622 1362 2702 οὐκ
1416 2620 1584 2727 ἔχει,
1643 2621 1848 2706 οὗτος
1906 2622 2034 2702 οὐκ
2091 2622 2295 2702 ἔστιν
2352 2620 2632 2719 αὐτοῦ,”

239 2744 359 2821 καὶ
413 2739 639 2823 πάλιν
691 2743 899 2830 εὐθύς
958 2755 1002 2792 “
1034 2751 1127 2826 Εἰ
1186 2744 1263 2826 δὲ
1321 2745 1650 2849 Χριστὸς
1713 2747 1789 2826 ἐν
1845 2749 2028 2844 ὑμῖν,
2083 2744 2169 2826 τὸ
2228 2744 2359 2845 μὲν
2417 2751 2637 2843 σῶμα
2726 2767 2806 2818 Ib.
2829 2780 2908 2820 ιο.

123 2899 214 2939 20
243 2875 287 2913 ‘⁶
326 2863 572 2968 νεκρὸν
614 2866 730 2948 διὰ
779 2868 913 2970 τὴν
957 2871 1341 2973 ἁμαρτίαν,
1381 2868 1468 2950 τὸ
1520 2869 1598 2950 δὲ
1639 2875 1939 2969 Πνεῦμα
1995 2867 2135 2973 ζωὴ
2192 2868 2309 2950 διὰ
2366 2871 2633 2947 δικαιο·

243 3001 288 3038 “
325 2989 626 3091 σύνην.”
694 2993 969 3079 ἀκούεις
1023 3001 1181 3079 πῶς
1231 2991 1565 3097 Χριστὸν
1614 2993 1801 3100 ἔχειν
1857 2993 2241 3098 διαρῥήδην
2296 2994 2651 3093 ὁμολογεῖ

239 3112 410 3200 τοὺς
462 3112 547 3195 τὸ
587 3121 884 3217 Πνεῦμα
938 3116 1304 3213 λαβόντας
1360 3119 1635 3217 αὐτοῦς
1716 3121 1907 3225 φησὶ
1963 3115 2038 3197 δὲ
2092 3120 2209 3198 καὶ
2263 3118 2340 3197 ἐν
2382 3115 2644 3219 ἑτέροις

239 3245 529 3320 “Δοκῶ
583 3275 731 3344 γαρ
785 3240 987 3345 κάγω
1041 3247 1342 3342 Πνεῦμα
1398 3247 1589 3322 Θεοῦ
1646 3240 1879 3348 ἕχειν.’
1969 3243 2010 3322 ὁ
2066 3240 2143 3322 δε
2197 3248 2410 3322 τοῦτο
2463 3272 2644 3344 προς
2734 3249 2924 3375 ᾗίξῡῖο

238 3365 427 3465 ἡμᾶς
488 3365 708 3447 εἰπών
762 3376 807 3414 “
839 3372 931 3447 Ει
988 3364 1288 3467 δοκιμὴν
1342 3367 1629 3471 ζητεῖτε,
1690 3369 1901 3474 φησὶ,
1962 3374 2093 3447 τοῦ
2147 3368 2225 3447 ἐν
2281 3366 2436 3464 ἐμοὶ
2499 3376 2640 3444 λα·
2739 3382 2900 3431 ²00¹·-

124 3500 213 3562 ²5
241 3499 288 3537 ‘⁴
325 3497 629 3575 λοῦντος
665 3491 1059 3596 Χριστοῦ,”
1099 3494 1217 3572 καὶ
1251 3492 1423 3592 ἡμῖν
1458 3491 1536 3573 δε
1585 3498 1734 3577 τοῖς
1774 3487 2335 3573 πεπιστευκόσιν
2369 3490 2672 3589 ἐνοικῆ·’
2736 3459 2915 3511 ”¹²³⁶

242 3648 378 3696 σαι
414 3612 746 3718 Χριστὸν
783 3613 899 3695 διὰ
949 3620 1079 3715 τῆς
1127 3619 1443 3700 πίστεως
1490 3613 1852 3700 πολλάκις
1883 3614 2273 3724 ἐπεύχεται,
2301 3612 2529 3695 καίτοι
2564 3648 2650 3694 το

248 3743 550 3837 Πνεῦμα
585 3738 964 3846 δεχόμενος
1000 3738 1085 3821 τὸ
1111 3740 1375 3845 Ἅγιον.
1439 3743 1556 3822 καὶ
1592 3739 1694 3841 μή
1731 3775 1842 3825 τις
1877 3740 2138 3821 οἰέσθω
2175 3740 2415 3842 λέγειν
2443 3739 2650 3839 ἡμᾶς,
2676 3776 2712 3820 e

245 3863 359 3944 ὅτι
432 3869 578 3943 τῶν
642 3862 1033 3964 ὀνομάτων,
1098 3864 1257 3966 ἤτοι
1327 3871 1474 3946 τῶν
1529 3865 1952 3970 προσώπων
2015 3867 2294 3967 ἀναιρεῖ
2356 3861 2490 3964 τὴν
2555 3867 2653 3946 εἰς

245 3987 580 4095 ἑκάτερον
614 3988 910 4089 στάσιν,
949 3988 994 4092 ἢ
1048 3990 1159 4071 ὅτι
1205 3989 1337 4072 τὸν
1372 3991 1552 4071 Υἱὸν
1588 3990 1723 4095 οὐχ
1760 3986 1942 4070 Υἶὸν
1976 3984 2156 4070 εἶναι’
2186 3995 2421 4095 φησιν
2454 3983 2656 4066 ἀλλὰ

122 4145 216 4205 3ο
248 4118 567 4216 Πνεῦμα,
616 4114 844 4217 ἤγουν
892 4112 982 4196 τὸ
1030 4120 1332 4217 Πνεῦμα
1382 4119 1686 4215 Πνεῦμα
1738 4110 1871 4215 μὲν
1918 4114 2049 4193 οὐκ
2103 4108 2314 4211 οἶδεν,
2350 4110 2530 4191 Υἱὸν
2574 4107 2656 4190 δὲ

2793 1566 2871 1621 16.

328 4388 377 4425 1.
415 4369 677 4440 κομίσειεν
700 4369 767 4426 Ε.
987 4385 1119 4425 1-21
1148 4368 1276 4424 citat
1298 4386 1356 4440 p.
1570 4363 1954 4433 ιβοῦλεσθαι
1980 4364 2045 4420 Ε.
2271 4382 2325 4432 4.
2361 4365 2393 4418 ὁ
2415 4364 2526 4420 υἱὸς
2547 4362 2657 4420 υἱὸς

248 4443 467 4498 inverso
489 4440 679 4496 ordine
701 4440 769 4497 Ε.
1073 4440 1136 4495 οὗ
1161 4440 1285 4565 Eli».
1310 4437 1503 4511 οὗχὶΕ
1791 4438 1844 4492 8.
1881 4436 1965 4491 καὶ
1991 4434 2291 4491 secundum
2314 4442 2657 4523 aeeuxppfum

250 4531 318 4568 ex
345 4512 411 4568 E.
655 4527 738 4567 11.
774 4510 893 4584 ποι]
919 4535 991 4583 πη
983 4454 1072 4582 5p.
1097 4533 1178 4566 τοι
1455 4436 1542 4581 τέ
1574 4507 1895 4582 παρασμίγει
1919 4505 2045 4576 (sic)
2073 4506 2138 4560 Ε.
2337 4522 2421 4577 19.
2456 4524 2577 4572 ημιν
2599 4519 2657 4574 p.

254 4600 343 4640 πο.
444 4575 2223 4658 vassumptumexp‚dsupra378b27.6e16.1aoov13
