3238 5158
200 349 362 413 xvii.
392 352 620 433 16,17.
678 352 791 416 IN
854 352 920 416 S.
971 350 1480 417 JOANNEM.
1576 352 1766 415 LIB.
1815 352 1935 416 XI.
2030 350 2235 416 CAP.
2269 351 2392 415 IX.
2485 352 2607 415 715

204 512 470 618 χειρὸς,
508 523 655 599 τοῖς
714 517 831 595 διὰ
879 517 1071 597 Θεὸν
1115 516 1646 597 κινδυνεύουσιν
1694 517 2006 624 ὑπάρξαι
2064 518 2316 623 φησὶν,
2364 512 2613 595 ὁποῖόν

203 672 281 716 τι
341 642 457 718 καὶ
512 641 807 742 γε’γονεν
851 642 959 721 ἐπ’
1000 642 1258 739 αὐτοῖς,
1296 640 1480 722 κατὰ
1533 642 1618 722 τὸ
1663 642 2162 740 σιωπώμενον,
2205 636 2246 718 ὃ
2289 641 2407 718 καὶ
2462 645 2611 722 τοῖς

205 764 468 844 ἑαυτοῦ
524 770 873 865 μαθηταῖς
931 765 1399 846 ἐκκαλύπτων
1443 765 1627 845 κατὰ
1682 764 1968 870 καιροὺς
2023 763 2295 867 ε’ίρηκεν
2337 765 2379 842 ὁ
2418 766 2607 865 Χρι-
2703 843 2740 894 S
2775 843 2885 892 Luc

205 886 395 972 στός
437 899 481 935 “
510 889 756 987 Σίμων
804 889 1071 987 Σίμων,
1116 888 1267 970 ἰδοὺ
1322 892 1362 969 ὁ
1406 897 1732 974 σατανᾶς
1784 887 2191 996 ἐξῃτήσατο
2249 890 2449 987 ὑμᾶς,
2483 895 2611 967 τοῦ
2703 879 2922 972 xiii-³1⁶.

140 1045 176 1101 5
209 1023 256 1057 ‘⁶
295 1013 624 1093 σινιάσαι
683 1017 780 1099 ὡς·
835 1012 961 1093 τὸν
998 1013 1228 1094 σίτον·
1302 1011 1445 1116 ἐγω
1496 1013 1572 1094 δὲ
1613 1014 1908 1115 ἐδεήθην
1942 1017 2106 1116 περὶ
2158 1023 2319 1111 σοῦ,
2356 1012 2474 1093 ἵνα
2508 1010 2612 1112 μὴ
2638 1061 2676 1102 a
2705 987 2849 1103 &⁸85
2869 1045 2954 1101 Α.

210 1147 255 1183 “
292 1136 553 1242 ἐκλίπῃ
609 1138 654 1236 ἠ
707 1139 956 1222 πίστις
1011 1140 1223 1219 σου.”
1293 1137 1706 1239 λεληθότως
1759 1136 1903 1241 γὰρ
1954 1143 2420 1230 οἰκονομεῖται
2467 1142 2613 1216 τῶν

211 1259 385 1340 καθ’
424 1263 608 1360 ἡμᾶς
658 1260 750 1342 τὰ
797 1261 1072 1360 πολλὰ,
1114 1271 1589 1366 προνοοῦντος
1639 1261 1971 1362 δηλονότι
2029 1266 2144 1341 καὶ
2201 1262 2604 1364 ὑπερασπί-

210 1384 460 1489 ζοντος
503 1393 632 1465 τοῦ
667 1390 1000 1487 Χριστοῦ
1056 1390 1184 1484 τῆς
1238 1386 1549 1466 ἑκάστου
1596 1383 1802 1488 ζωῆς.
1882 1387 2190 1465 ἐνταῦθα
2245 1384 2321 1464 δὲ
2375 1384 2617 1484 λέγων

210 1513 491 1617 ‘stipae-ov
557 1507 795 1595 αὑτοῖις
856 1512 916 1590 ἐν
980 1520 1054 1623 τῇ
1115 1509 1419 1620 ἀληθείᾳ,
1480 1511 1997 1610 κατασημαίνει
2055 1516 2320 1616 σαφῶς
2384 1505 2469 1587 τὸ
2528 1509 2614 1586 δι’

110 1667 181 1708 ιο
210 1632 658 1739 ἐλλάμψεως
710 1637 838 1732 τῆς
885 1634 1229 1733 ἀληθείας
1264 1639 1363 1718 εἰς
1405 1632 1539 1733 τὴν
1574 1638 1704 1733 τῆς
1757 1633 2096 1735 ἀληθείας
2147 1637 2608 1736 χειραγωγεῖ-

210 1766 396 1839 σθαι
473 1755 914 1864 κατάληψιν.
1009 1756 1167 1838 οὐδὲ
1241 1756 1385 1863 γὰρ
1448 1756 1539 1837 ἀν
1606 1759 1775 1862 δίχα
1835 1767 1963 1837 τοῦ
2023 1754 2140 1836 διὰ
2201 1754 2620 1854 Πνεύματος

212 1890 605 1984 φωτισμοῦ
678 1880 861 1985 πρὸς
931 1883 1324 1985 ἐπίγνωσιν
1396 1885 1524 1980 τῆς
1580 1881 1923 1982 ἀληθείας
1985 1881 2078 1960 ἰὀι
2133 1914 2240 1965 τις
2296 1879 2406 1977 ἂν,
2464 1876 2618 1958 οὐδ’

212 2007 308 2085 ἄν
347 2006 538 2090 ὅλως
590 2009 852 2109 ἀκριβῆ
899 2014 1046 2087 τῶν
1096 2006 1301 2087 θείων
1342 2002 1729 2107 δογμάτων
1778 2005 2215 2110 ἐκπορίσαιτ’
2255 2001 2346 2085 ἂν
2395 2006 2624 2110 ἑαυτῷ

212 2128 356 2229 τὴν
393 2127 831 2235 κατάληψιν,
870 2129 1055 2210 κατά
1088 2164 1173 2232 γε
1210 2129 1296 2210 τὸ
1335 2130 1736 2232 ἀνθρώπως
1776 2129 2014 2237 φαμὲν
2049 2128 2362 2236 ἐφικτόν.
2444 2126 2622 2228 ὑπὲρ

116 2292 187 2351 ι5
215 2253 364 2355 γὰρ
388 2261 556 2333 νοῦν
582 2251 710 2334 τὸν
746 2253 1083 2356 ἡμέτερον
1120 2252 1212 2334 τὰ
1237 2259 1313 2335 ἐν
1349 2261 1440 2361 τῇ
1466 2254 1925 2362 θεοπνεύστῳ
1947 2257 2200 2360 γραφῇ
2236 2252 2618 2354 μυστήρια,
2643 2261 2686 2327 b

214 2374 423 2476 πλὴν
481 2378 610 2458 οὐκ
669 2378 917 2462 ἀκλεὲς
975 2377 1059 2459 τὸ
1118 2384 1370 2482 δῶρον,
1429 2378 1514 2458 τὸ
1573 2377 1708 2457 κᾶν
1756 2387 1934 2477 γοῦν
1992 2381 2069 2457 ἐν
2122 2378 2373 2483 μετρίᾳ
2434 2378 2623 2481 φημὶ

216 2503 560 2607 γενέσθαι
618 2509 711 2608 τῇ
763 2503 1034 2607 γνώσει
1088 2508 1179 2610 τῇ
1234 2507 1397 2607 περὶ
1454 2507 1812 2604 Χριστοῦ.

339 2626 618 2731 Πέτρος
672 2635 850 2729 γοῦν
905 2630 945 2708 ὁ
1009 2626 1383 2729 μακάριος,
1444 2624 1625 2706 Υἱὸν
1690 2628 1982 2724 ἀληθῶς
2044 2632 2172 2704 τοῦ
2238 2629 2430 2702 Θεοῦ
2495 2630 2623 2702 τοῦ

221 2749 491 2854 ζῶντος
535 2751 1005 2855 ὁμολογήσας
1051 2749 1178 2832 τὸν
1220 2750 1511 2855 Κύριον,
1551 2750 1805 2850 ἤκουεν
1841 2747 2124 2832 εἰκότως
2170 2758 2214 2795 “
2245 2746 2623 2849 Μακάριος
2713 2760 2961 2888 Ξέξᾟῆ·

120 2919 193 2960 20
222 2889 269 2923 “
312 2874 379 2955 εἶ
417 2877 662 2975 Σίμων
701 2875 858 2978 Βὰρ
893 2880 1124 2974 Ἰωνᾶ,
1182 2876 1293 2956 ὅτι
1348 2874 1554 2981 σὰρξ
1606 2877 1724 2952 καὶ
1780 2872 1956 2973 αἷμα
2012 2875 2140 2953 οὑκ
2194 2872 2640 2979 ἀπεκάλυψέ
2803 2864 2815 2877 ’
2906 2863 2918 2875 ⁰

221 3013 265 3048 “
306 3034 455 3098 σοι,
500 3000 669 3079 ἀλλ’
709 3002 748 3078 ὁ
790 2999 1046 3100 Πατήρ
1097 3035 1237 3099 μου
1275 3000 1315 3079 ὃ
1352 3002 1427 3079 ἐν
1464 3004 1614 3083 τοῖς
1664 2998 2053 3101 οὖρανοΐς.”
2132 2997 2628 3077 ἀποκαλύπτει

222 3122 374 3225 γὰρ
409 3129 557 3207 τοῖς
610 3125 839 3226 ἁγίοις
893 3123 1020 3204 τὸν
1064 3127 1244 3203 ἰ’διον
1281 3122 1485 3221 Υὶὸν,
1522 3122 1601 3206 ὅς
1658 3125 1858 3202 ἐστιν
1895 3119 2218 3221 ἀλήθεια,
2258 3120 2619 3225 παρατρέ-

221 3281 388 3328 πειν
442 3247 570 3327 οὐκ
631 3249 858 3327 ἐῶντα
912 3245 1040 3328 τὸν
1098 3231 1426 3327 σατανᾶν
1488 3244 1672 3348 πρὸς
1731 3246 2082 3345 κίβδηλον
2137 3252 2417 3348 γνῶσιν
2482 3252 2628 3325 τῶν

222 3367 713 3453 πιστευόντων
792 3370 919 3452 τὸν
992 3381 1180 3469 νοῦν,
1260 3366 1318 3480 ᾦ
1398 3369 2001 3471 προσκεκλιμένοι
2084 3367 2269 3449 κατὰ
2342 3367 2627 3472 καιροὺς

125 3526 198 3587 25
222 3495 603 3595 ’Ὑμέναιος
650 3499 767 3576 καὶ
800 3495 1310 3603 Ἀλέξανδρος,
1360 3503 1404 3541 “
1432 3491 1894 3595 ἐναυάγησαν
1936 3495 2099 3596 περὶ
2146 3491 2278 3592 τὴν
2311 3492 2621 3593 πίστιν,”
2650 3522 2686 3564 0
2714 3503 2750 3553 ἱ·
2781 3473 2892 3553 ²0·⁰

224 3620 358 3700 τὸν
394 3617 613 3723 ὀρθὸν
638 3624 766 3719 τῆς
803 3621 1140 3720 ἀληθείας
1174 3615 1689 3722 παρωσάμενοι
1724 3614 1972 3719 λόγον.
2034 3615 2222 3719 μέγα
2258 3618 2494 3699 τοίνυν
2531 3625 2628 3704 εἷς
2885 3606 2898 3617 ’

226 3744 315 3826 τὸ
365 3748 711 3845 διαμεῖναι
755 3750 996 3829 καλῶς
1040 3746 1156 3824 καὶ
1204 3745 1280 3822 ἐν
1315 3740 1650 3846 ὀρθότητι
1701 3747 2083 3844 λογισμῶν
2119 3743 2237 3822 καὶ
2271 3742 2630 3850 πράξεων,

227 3866 315 3948 τὸ
372 3870 449 3949 ἐν
504 3867 798 3969 ὀνόματι
838 3872 1029 3948 Θεοῦ
1073 3870 1191 3947 καὶ
1245 3868 1308 3947 ἐν
1354 3864 1635 3976 ἀληθείᾳ,
1682 3871 2029 3973 τηρεῖσθαι
2077 3864 2278 3970 παρὰ
2317 3866 2631 3970 Πατρὸς,

228 3993 347 4073 ἵνα
401 3989 581 4093 μήτε
634 3995 798 4096 περὶ
840 3991 974 4093 τὴν
1010 3996 1138 4090 τῆς
1181 3995 1572 4096 πρακτικῆς
1625 3990 2068 4098 φαιδρότητα
2125 3990 2626 4089 διαπταίωμεν,

130 4159 204 4215 30
230 4116 410 4216 μήτε
445 4116 592 4216 μὴν
626 4124 781 4201 ταῖς
825 4122 925 4200 εἰς
960 4116 1272 4215 ἀμαθίαν
1317 4122 1836 4219 παρατροπαῖς,
1872 4121 2017 4195 τῶν
2052 4118 2182 4213 τῆς
2216 4116 2292 4193 ἐν
2327 4114 2630 4220 ἀληθείᾳ

232 4241 642 4338 θεοσεβείας
674 4238 1058 4343 δογμάτων
1082 4237 1525 4347 ἐξοιχώμεθά
1550 4274 1677 4320 ποι
1712 4235 2019 4342 μακράν.
2061 4245 2274 4318 τοῦτο
2306 4236 2367 4314 δ’
2396 4235 2485 4315 ἂν
2512 4239 2629 4315 καὶ

233 4371 473 4453 αὐτοῖς
510 4369 677 4470 ἡμῖν
714 4368 1027 4476 ὑπάρξαι
1074 4368 1360 4475 ῥᾳδίως,
1403 4368 1575 4447 ὅταν
1609 4365 1751 4474 ἔξω
1797 4369 1907 4448 τοῦ
1960 4370 2216 4471 κόσμου
2260 4363 2632 4467 γεγονότες

1056 4602 1139 4656 19.
1176 4586 1356 4654 ἤκουεν
1382 4583 1445 4639 Ε.
1469 4585 1691 4653 ἤκουσεν
1714 4581 1819 4638 Ed.

1346 4688 1391 4748 4
1420 4686 1460 4729 Y
1494 4686 1530 4733 2
