3238 5158
590 329 722 392 246
1207 327 1288 392 B.
1335 325 1757 392 cYRILLI
1816 328 2398 395 ALEXANDR.
2673 297 3005 418 x.19-2'1.

519 511 564 575 b
590 491 774 573 καθὸ
849 489 925 571 δὲ
1001 491 1296 593 γέγονεν
1370 492 1751 596 ἅνθρωπος
1824 496 1942 574 καὶ
2015 494 2507 575 ἐταπείπωσεν
2569 492 2842 590 ἑαυτὸν,
2906 492 3004 576 τὰ

587 613 958 719 πρέποντα
994 620 1086 722 τῇ
1124 617 1623 719 ἀνθρωποτητι
1658 623 1882 697 λαλεῖ
1913 617 2201 722 ῥήματα
2247 622 2730 718 οἰκονομικῶς.
2807 616 3004 720 ὅμως

586 737 671 818 τὸ
726 743 856 839 τῆς
907 742 1206 842 ἐντολῆς
1256 739 1483 840 ὄνομα
1527 739 1795 846 ἔξωθεν
1836 745 1964 839 τῆς
2017 742 2269 826 οὐσίας
2326 739 2673 848 ὑπάρχον,
2727 742 2855 823 οὐκ
2908 739 3003 822 ἂν

585 861 863 965 γένοιτο
926 869 1053 965 τῆς
1108 866 1361 949 οὐσίας
1416 864 1771 967 ἔγκλημα.
1874 866 1961 946 οὐ
2024 863 2169 971 γὰρ
2227 868 2303 945 ἐν
2358 872 2462 973 τῷ
2523 864 3000 948 ἐντέλλεσθαι

585 985 713 1068 τὸν
754 988 1071 1092 Πατέρα,
1106 986 1191 1069 τὸ
1241 985 1425 1069 εἶναι’
1467 991 1628 1069 ἐστι
1673 995 1788 1097 τῷ
1814 994 2000 1097 Υἱῷ,
2045 989 2205 1071 οὐδὲ
2251 998 2463 1071 τοῦτο
2506 989 2782 1094 γένοιτό
2817 1026 2996 1072 ποτε
3027 1016 3068 1076 5

586 1114 714 1210 τῆς
768 1112 1022 1196 οὐσίας
1077 1111 1262 1216 ὅρος.
1337 1110 1482 1193 οἶδε
1532 1112 1775 1194 τοίνυν
1827 1115 1869 1194 ὁ
1913 1112 2112 1213 Υἱὸς,
2151 1118 2246 1198 ὡς
2295 1113 2536 1215 βουλὴ
2590 1118 2708 1196 καὶ
2762 1117 2998 1222 σοφία

584 1242 714 1314 τοῦ
770 1233 1082 1339 Πατρὸς,
1128 1233 1214 1317 τὸ
1269 1236 1641 1341 ἀραρότως
1694 1237 2106 1341 κεκριμένον
2143 1240 2311 1342 παρ’
2353 1239 2594 1320 αὐτοῦ·
2653 1245 2711 1320 εἶ
2767 1238 2842 1320 δὲ
2896 1243 2998 1325 ὡς

586 1357 889 1458 ἐντολὴν
927 1360 1225 1466 δέχεται,
1262 1360 1364 1462 μὴ
1403 1358 1810 1467 θαυμάσῃς.
1889 1362 2360 1515 ἀνθρωπίνοις
2407 1396 2552 1466 γαρ
2606 1362 2855 1467 λόγοις
2899 1365 2998 1445 τὰ

587 1481 765 1587 ὑπὲρ
802 1481 1033 1585 λόγον
1059 1487 1508 1586 σημαίνεται,
1537 1488 1655 1566 καὶ
1691 1484 1783 1566 τά
1818 1492 1973 1570 ταῖς
2007 1486 2375 1590 ἡμετέραις
2410 1486 2684 1591 ἆῤῥητα
2719 1493 2997 1594 φωναῖς

526 1643 563 1686 ο
587 1607 1070 1709 κατεσπάσθη
1133 1607 1316 1712 πρὸς
1378 1644 1508 1691 τον
1568 1609 1800 1711 λόγον
1863 1644 1992 1690 τον
2051 1612 2129 1690 ἐν
2187 1611 2381 1711 ἡμῖν,
2440 1611 2556 1690 ἵνα
2623 1614 2743 1692 καὶ
2807 1618 2996 1693 νοεῖν
3030 1647 3108 1692 10

586 1730 1035 1835 ἰσχύσωμεν.
1130 1732 1625 1832 αἶτιασωμεθα
1695 1732 1954 1830 τοίνυν,
2018 1734 2103 1813 οὗ
2167 1733 2302 1834 τὴν
2362 1741 2495 1814 τοῦ
2566 1734 2995 1837 πράγματος

583 1856 910 1950 ἀτοπίαν,
967 1855 1168 1935 ἀλλὰ
1229 1854 1361 1955 τὴν
1414 1863 1562 1938 τῶν
1615 1856 1958 1962 ῥημάτων
2013 1857 2390 1939 ἀσθένειαν
2443 1859 2528 1938 οὐ
2583 1859 2996 1958 δυναμένων

582 1977 979 2084 ἐφικέσθαι,
1022 1981 1186 2060 καθ’
1238 2015 1323 2060 ον
1376 1981 1512 2061 ἔδει
1566 1979 1868 2084 τρόπον,
1911 1985 2040 2081 τῆς
2093 1987 2240 2061 τῶν
2288 1980 2736 2086 πραγμάτων
2788 1980 2996 2064 ποιό-

581 2135 794 2202 τητος
829 2104 948 2181 καὶ
983 2104 1325 2207 ἀκριβοῦς
1360 2105 1756 2209 ἑρμηνείας.

485 2429 558 2487 19
586 2421 833 2511 Σχίσμα
884 2425 1082 2490 πάλιν
1118 2423 1377 2499 ἐΓὲνετο
1424 2424 1494 2490 ὲν
1530 2420 1669 2490 τοῖο
1696 2423 2042 2491 Ἰουδαίοις
2081 2424 2188 2490 διὰ
2225 2425 2377 2491 τοὺς
2421 2426 2652 2499 λόΓουο
2698 2428 2985 2492 τούτους·
3028 2442 3104 2500 15

483 2568 560 2612 20
691 2550 916 2626 ἒλεΓον
971 2549 1041 2617 δὲ
1098 2549 1335 2617 πολλοὶ
1391 2549 1463 2621 ἐξ
1519 2550 1739 2618 αὐτῶν
1785 2551 2137 2629 Δαιμόνιον
2185 2549 2317 2638 ἔχει
2372 2551 2479 2616 καὶ
2529 2548 2852 2628 μαίνεται·
2930 2550 2992 2619 τί

481 2696 552 2737 21
689 2677 888 2743 αὐτοῦ
952 2677 1227 2744 ἀκούετε
1249 2709 1268 2761 3
1338 2678 1534 2743 ἄλλοι
1595 2678 1825 2753 ἔΛεΓον
1883 2678 2107 2743 Ταῦτα
2183 2676 2257 2743 τὰ
2331 2678 2591 2767 ῥήματα
2655 2678 2774 2743 οὐκ
2852 2678 2992 2745 ἔστι

686 2802 1237 2894 δαιμονιζομένου·
1342 2804 1432 2880 μή
1509 2802 1847 2880 δαιμόνιον
1920 2801 2190 2869 δύναται
2266 2803 2535 2891 τυφλῶν
2604 2803 2989 2891 ὀφθαλμούο

685 2925 986 3012 ἀνοῖξαις

512 3111 558 3175 d
698 3102 1006 3186 Κάτεισι
1049 3113 1181 3186 τοῦ
1230 3108 1567 3208 Σωτῆρος
1624 3105 1664 3183 ὃ
1715 3101 1940 3206 λόγος
1996 3110 2094 3190 εἷς
2141 3102 2270 3188 τὰς
2320 3110 2466 3184 τῶν
2515 3104 2988 3209 ἀκροωμένων
3019 3140 3104 3181 20

581 3229 892 3332 καρδίας,
954 3263 1071 3309 και
1136 3228 1679 3334 τρυφερωτέρας
1733 3227 1865 3328 μὲν
1920 3226 2142 3332 εὖρων
2195 3226 2681 3327 μεταπλάττει
2741 3262 2980 3333 παρα-

580 3356 844 3456 χρῆμα,
907 3356 1025 3434 καὶ
1096 3388 1280 3457 προς
1352 3352 1504 3460 ἕξιν
1567 3353 2005 3453 μεθίστησιν
2068 3348 2378 3454 ἀγαθήν·
2484 3359 2843 3457 σκληραῖς
2909 3352 2988 3434 δὲ

578 3475 980 3580 περιτυχὼν
1015 3477 1501 3558 ἀπανίσταται
1551 3480 1671 3558 καὶ
1721 3476 2044 3557 ἀπονεύει
2091 3473 2364 3580 τρόπον
2398 3474 2580 3559 τινά.
2652 3479 2906 3558 οὐκοῦν
2942 3478 2984 3557 ὃ

579 3597 710 3698 μὲν
774 3599 1057 3697 ἕτοιμόν
1120 3635 1275 3685 πως
1347 3607 1445 3686 εἶς
1517 3600 2076 3704 εὐγνωμοσύνην
2140 3600 2326 3705 ἔχων
2388 3597 2518 3680 τὸν
2591 3609 2788 3699 νοῦν,
2855 3599 2986 3683 τὸν

580 3722 943 3828 σωτήριον
999 3724 1331 3825 ἀσμένως
1393 3724 1869 3832 παραδέξεται
1933 3722 2183 3828 λόγον,
2238 3725 2280 3804 ὃ
2344 3722 2420 3804 δὲ
2473 3722 2576 3826 μὴ
2628 3733 2979 3824 τοιοῦτος,
3017 3754 3100 3815 25

579 3848 837 3928 οὐκέτι.
915 3847 1239 3929 τοιοῦτόν
1293 3884 1363 3930 τι
1423 3849 1700 3948 συνέβη
1762 3855 2019 3930 παθεῖν
2076 3847 2244 3934 τοὺς
2305 3848 2672 3929 Ἰουδαίων
2729 3848 2982 3934 λαούς.

577 3971 818 4074 ἐπειδὴ
870 3971 1015 4077 γὰρ
1062 3980 1210 4054 τῶν
1245 3982 1374 4054 τοῦ
1422 3976 1759 4077 Σωτῆρος
1807 3969 2418 4078 κατηκροάσαντο.
2448 3971 2714 4074 λόγων,
2753 4006 2978 4054 κατα·

584 4248 605 4285 -“
650 4266 701 4306 2.
738 4249 946 4305 λαλεῖ*
914 4249 1115 4321 ρῆματα
1140 4249 1244 4305 hoc
1268 4249 1458 4305 ordine
1481 4268 1513 4304 a
1518 4249 1591 4304 ..k
1775 4261 1832 4375 ζ.
1865 4249 2004 4322 αὐτ-ὣ
2030 4265 2080 4303 a.
2082 4248 2140 4302 k.
2329 4263 2414 4303 10.
2451 4247 2543 4302 τὸν
2565 4244 2718 4318 priua
2740 4265 2850 4303 om.
2872 4250 2980 4304 a.k.

583 4337 606 4376 1
621 4338 666 4377 1.
704 4273 1045 4391 αἰτιασόμεθα
1069 4339 1117 4375 a.
1121 4322 1177 4375 k.
1417 4337 1501 4389 15.-
1541 4319 1752 4392 Σχίσμα
1858 4303 2070 4408 Σχίσμα
2093 4317 2185 4373 οὖν
2207 4318 2352 4373 Aub.
2595 4332 2787 4389 15-19.
2824 4319 2983 4374 διὰ-

577 4391 778 4461 ἀνοῖξαι
802 4393 857 4446 k.
885 4344 976 4447 καμῖ
992 4414 1055 4446 τα
1079 4393 1200 4461 ἑξῆς
1223 4391 1367 4447 Aub.
1615 4408 1702 4446 21.
1742 4412 1805 4461 τρ
1910 4390 2142 4463 ρωτίραν
2164 4407 2211 4443 a.
2215 4390 2273 4443 k.
2513 4404 2599 4444 22.
2637 4392 2841 4459 σκληρᾷ
2867 4409 2916 4445 a.
2921 4392 2977 4446 k.

576 4478 665 4533 23.
701 4461 1023 4534 ἀπονεύει]’
992 4462 1303 4547 απαγορεύει
1328 4480 1377 4516 a.
1401 4460 1640 4518 ἀπονεύει
1664 4461 1824 4517 habet
2156 4460 2245 4517 26.
2279 4463 2389 4518 τοῖς
2411 4457 2678 4516 Ἰουδαίων
2701 4462 2849 4517 λαοῖς
2872 4463 2980 4519 mk.

572 4533 718 4641 τόξ’
703 4582 967 4642 Ἰουδαίων
989 4586 1138 4642 λαοῖς
1163 4582 1284 4639 Cat.
1314 4582 1469 4639 Harl.
