3238 5158
214 341 347 408 xvi.
377 363 482 423 21,
509 365 613 414 22.
682 347 798 412 IN
861 350 929 416 S.
976 347 1490 416 JOANNEM.
1580 347 1775 414 LIB.
1820 346 1944 413 XI.
2034 346 2240 412 CAP.
2288 344 2384 410 ΙΙ.
2496 344 2624 410 643

216 519 263 557 κ
540 511 561 540 t
739 515 760 544 t
999 517 1038 544 υ
1277 516 1298 547 x
1427 513 1449 545 x
1608 515 1631 540 a
1889 516 1908 542 ε
2312 511 2333 540 t
2545 507 2570 537 x

298 546 789 616 πιστευσομεν
851 543 999 597 σοι·
1120 550 1298 599 ποτε
1373 521 1451 597 δε
1522 527 1753 596 παλιν
1812 526 1855 565 “
1913 520 1988 596 Ο
2054 525 2436 594 καταλυων
2496 545 2626 591 τον

215 643 262 682 “
300 633 475 717 ναὸν
553 644 672 719 καὶ
757 642 834 721 ἐν
911 644 1151 746 τρισὶν
1222 639 1513 744 ἡμέραις
1587 644 1982 739 οἰκοδομῶν
2055 638 2293 736 αὐτὸν,
2367 642 2625 717 σῶσον

216 769 260 807 “
296 761 670 845 σεαυτόν.”
729 769 934 846 ταυτὶ
970 764 1115 869 γάρ
1151 764 1240 866 δὴ
1279 770 1406 866 τῆς
1438 764 1805 847 Ἰουδαίων
1839 760 2257 867 παμμιάρου
2291 760 2626 866 γλώττης·

214 882 312 964 τὰ
362 887 935 993 ἀποβράσματα·
998 891 1167 972 ἀλλ’
1210 892 1398 971 οὕτω
1445 888 2003 996 πεφρονηκότων
2038 895 2184 969 τῶν
2219 889 2296 967 ἐν
2333 885 2620 992 κόσμῳ,
2651 917 2687 962 e

133 1027 185 1090 5
217 1012 433 1114 φησὶ,
489 1012 824 1116 δρώντων
879 1048 959 1095 τε
1022 1011 1177 1115 ἅμα
1232 1018 1348 1095 καὶ
1403 1013 1945 1121 φθεγγομένων,
1998 1008 2443 1108 λυπηθήσεσθε
2496 1008 2630 1107 μὲν

216 1136 434 1238 ὑμεῖς,
468 1138 597 1217 οὐκ
645 1144 745 1224 εἰς
791 1138 1072 1241 μακρὸν
1117 1138 1194 1219 δὲ
1237 1148 1452 1220 τοῦτο
1498 1137 1853 1224 παθόντες
1902 1141 2287 1237 διαμενεῖτε
2333 1132 2621 1241 χρόνον·

213 1259 756 1361 μεταστήσεται
808 1262 955 1368 γὰρ
1011 1268 1045 1359 ἦ
1094 1263 1281 1358 λύπη
1334 1261 1518 1367 πρὸς
1563 1262 1813 1371 χαράν.
1894 1261 2397 1360 ἀναβιῶσομαι
2452 1258 2625 1362 γάρ,

213 1383 342 1461 καὶ
395 1385 678 1491 ἀφανιῶ
727 1395 1105 1472 παντελῶς
1155 1392 1284 1487 τῆς
1341 1388 1733 1494 κατηφείας
1785 1384 1919 1487 τὴν
1966 1386 2370 1490 πρόφασιν·
2432 1417 2632 1486 περι-

212 1515 468 1587 στελῶ
505 1510 582 1591 δὲ
618 1509 703 1591 τὸ
741 1513 1069 1617 δάκρυον,
1109 1515 1227 1592 καὶ
1275 1510 1460 1616 πρὸς
1509 1510 1849 1611 εὐθυμίαν
1884 1508 2303 1609 ἀνακομίσω
2347 1512 2629 1609 διηνεκῆ

96 1658 188 1699 10
214 1635 340 1713 καὶ
401 1633 788 1739 ἀμήρυτον.
879 1635 1381 1737 ἀκατάληκτος
1440 1634 1585 1741 γὰρ
1648 1636 1694 1736 ἡ
1756 1641 1900 1715 τῶν
1956 1634 2182 1738 ἁγίων
2240 1633 2452 1739 χαροῖ.
2538 1631 2630 1736 ζῆ

2714 516 2959 596 quqtth.

2714 600 2868 634 xxvn.
2879 598 2962 647 40.

213 1755 366 1862 γάρ
384 1764 500 1856 ,εἷς
535 1761 641 1840 ἀεὶ
679 1761 1030 1866 Χριστός·
1110 1760 1411 1843 λέλυται
1463 1760 1538 1841 δὲ
1590 1763 1709 1840 καὶ
1763 1762 1804 1839 ὁ
1855 1756 2146 1841 πάντων
2183 1758 2492 1842 θοίνατος
2540 1760 2629 1837 δι’
2656 1794 2693 1835 a
2736 1781 2866 1838 935
2891 1778 2965 1834 Δ.

215 1883 467 1964 αὐτοῦ.
564 1883 737 1964 ἀλλ’
796 1886 955 1966 ἔστι
1011 1921 1168 1971 πως
1229 1882 1635 1965 ἀκόλουθον
1693 1885 1976 1981 ἐννοεῖν,
2033 1880 2143 1963 ὅτι
2200 1882 2289 1983 δὴ
2344 1881 2632 1966 πάντως

217 2008 347 2087 καὶ
400 2014 548 2093 τοῖς
601 2012 678 2089 ἐν
722 2009 978 2119 κόσμῳ
1032 2014 1290 2090 παθεῖν
1341 2008 1432 2116 ἐξ
1479 2004 1976 2115 ἀντιστρόφου
2028 2004 2494 2106 συμβήσεται
2549 2003 2634 2086 τὸ

217 2138 616 2214 λυπεῖσθαι
675 2139 1033 2234 διηνεκῶς.
1128 2139 1188 2215 εί
1244 2133 1388 2238 γὰρ
1442 2133 1729 2237 ἐπείπερ
1786 2131 2096 2213 ἀπέθανε
2152 2130 2336 2212 κατὰ
2391 2129 2635 2234 σάρκα

105 2282 133 2323 1
148 2277 188 2338 5
219 2256 572 2360 Χριστὸς,
611 2257 1057 2359 λελύπηνται
1102 2257 1233 2360 μὲν
1284 2263 1353 2339 οὶ
1402 2255 1714 2360 γνήσιοι,
1750 2254 1986 2362 χαράν
2031 2253 2108 2336 δὲ
2167 2253 2251 2337 τὸ
2305 2253 2539 2340 πάθος
2593 2256 2635 2335 ὃ

218 2380 503 2480 κόσμος·
550 2381 965 2483 ἐποιήσατο·
1029 2380 1604 2486 καταργηθέντος
1659 2378 1749 2481 δὴ
1799 2388 1928 2460 τοῦ
1978 2378 2291 2460 θανάτου
2340 2382 2458 2460 καὶ
2508 2383 2636 2478 τῆς

218 2507 526 2609 φθορᾶς,
593 2509 711 2587 καὶ
773 2506 1296 2592 διαναστάντος
1360 2507 1438 2586 ἐκ
1503 2511 1772 2609 νεκρῶν
1834 2510 1964 2585 τοῦ
2032 2507 2368 2605 Σωτῆρος
2434 2505 2637 2604 ἡμῶν

219 2633 580 2753 Χριστοῦ,
654 2630 1124 2740 μετεστράφη
1197 2639 1345 2716 τοῖς
1423 2629 1653 2733 ἁγίοις
1726 2626 1812 2709 τὸ
1884 2626 2147 2712 πένθος
2217 2637 2309 2715 εἰς
2379 2629 2629 2739 χαράν·

219 2754 728 2860 μετοιχήσεται
785 2753 860 2834 δὲ
922 2753 1262 2856 δηλονότι
1318 2757 1435 2834 καὶ
1486 2759 1642 2838 τοῖς
1693 2755 1770 2832 ἐν
1826 2750 2082 2860 κόσμῳ
2139 2750 2322 2857 πρὸς
2375 2754 2636 2836 πένθος

110 2908 193 2949 20
221 2877 273 2978 ἡ
329 2877 545 2983 χαρά.

210 3085 306 3150 Ἠ
391 3085 543 3160 Γυνιὶ
627 3090 787 3156 ὅταν
858 3087 1037 3180 τίκτη
1118 3090 1329 3156 λύπην
1400 3088 1556 3176 ἔχει,
1627 3089 1730 3154 ὅτι
1803 3081 2000 3153 ἦλθεν
2074 3088 2113 3152 η
2196 3089 2341 3176 ὥρα
2414 3086 2735 3165 affine&

330 3216 490 3282 ὅταν
535 3214 608 3282 δὲ
657 3217 936 3307 Γεννηση
985 3217 1061 3284 τὸ
1114 3215 1400 3299 παιδίον,
1436 3216 1659 3282 οὐκέτι
1711 3217 2103 3293 μνημονεύει
2156 3222 2270 3280 τί-ἰε
2325 3212 2635 3295 θλίψεως,

332 3340 438 3407 διὰ
492 3342 612 3409 την
667 3343 872 3432 χαρὰν
927 3345 1029 3410 ὅτι
1081 3343 1396 3418 ἑΓεννηθη
1453 3342 1806 3431 ἄνθρωπος
1860 3338 1953 3406 εἷο
2007 3340 2120 3409 τὸν
2176 3340 2442 3417 κόσμον.
2530 3339 2738 3409 καὶαπ

332 3463 512 3544 ὑμεῖς
573 3463 687 3534 οὖν
743 3469 951 3535 λύπην
1005 3464 1123 3546 μ’ὲν
1179 3473 1292 3535 νῦν
1346 3470 1551 3549 ἕξετε,
1604 3467 1803 3534 πάλιν
1858 3466 1931 3533 δὲ
1987 3467 2236 3546 ὄψομαι
2290 3467 2477 3546 ὑμᾶς,
2532 3465 2638 3530 καί

114 3596 194 3658 25
333 3595 689 3683 χαρήσεται
740 3595 921 3673 ὑμῶν
976 3596 1015 3661 η
1075 3594 1332 3685 καρδία,
1379 3595 1485 3660 καί
1538 3595 1659 3660 την
1711 3592 1916 3683 χαρὰν
1964 3592 2143 3671 ύμῶν
2191 3591 2409 3659 οὐδεὶς
2463 3585 2639 3680 α’ίρει

333 3718 442 3807 ἀφ’
498 3720 703 3797 ὑμῶν.

339 3877 720 3956 Ἐπιτείνει
777 3876 1008 3957 πάλιν
1070 3879 1200 3976 τῆς
1264 3877 1721 3980 παραμυθίας
1785 3875 1916 3975 τὴν
1974 3875 2279 3979 εὕρεσιν,
2346 3877 2460 3953 καὶ
2523 3870 2641 3951 διὰ

215 4002 579 4082 ποικίλων
637 4001 916 4107 ἔρχεται
974 3997 1244 4103 λόγων,
1297 3998 1755 4106 πανταχόθεν
1813 4001 2051 4083 αὐτοῖς
2103 3998 2188 4080 τὸ
2245 3996 2457 4102 δριμὺ
2511 4001 2638 4096 τῆς
2662 4039 2698 4083 ο

217 4122 469 4224 λύπης
504 4123 1036 4229 ἀποκρούεσθαι
1074 4123 1333 4208 διδούς.
1414 4122 1545 4203 θέα
1588 4122 1735 4229 γὰρ
1772 4124 1966 4207 ὅπως
2003 4123 2410 4204 ἀναπείθειν
2445 4122 2630 4202 ἐπεί-

115 4281 193 4337 30
217 4281 429 4354 γεται
464 4246 582 4329 διά
617 4248 1046 4352 πράγματος
1079 4251 1420 4352 ἐναργοῦς
1471 4254 1567 4333 εἶς
1619 4247 1705 4328 τὸ
1762 4252 2021 4354 χρῆναι
2065 4252 2484 4348 τληπαθεῖν,
2523 4249 2639 4325 καὶ

220 4370 330 4473 μὴ
368 4369 669 4478 σφόδρα
704 4378 1156 4478 καταναρκᾶν
1193 4370 1239 4472 ἢ
1290 4370 1558 4456 πόνους
1608 4369 1655 4471 ἢ
1710 4371 1969 4470 λύπας,
2007 4378 2065 4452 εί
2113 4371 2350 4472 πάντη
2397 4404 2472 4450 τε
2523 4372 2639 4449 καὶ

306 4609 393 4649 22.
429 4590 624 4664 γενήσῃ
652 4592 717 4647 Ε.
749 4590 872 4666 [A]
1283 4607 1368 4658 24.
1405 4593 1494 4645 νῦν
1519 4608 1626 4647 om.
1656 4592 1719 4648 E.
1815 4592 2007 4648 Statim
2032 4591 2173 4663 ἕξετε
2204 4592 2267 4647 Ε.
2291 4592 2434 4661 ἔχετε
2465 4588 2568 4647 Ed·

1348 4695 1391 4756 4
1422 4694 1466 4739 N
1502 4693 1537 4741 2
