3238 5158
588 1286 631 1351 d
1525 1269 2003 1347 ΚΕΦΑΛΗ
2090 1272 2189 1348 Θ.

705 1538 848 1607 Ὅτι
892 1540 1149 1624 φυσικὸν
1200 1544 1268 1609 ἐν
1316 1544 1397 1632 τᾷ
1446 1545 1571 1632 Ὑῖᾢ
1621 1545 1693 1611 τὸ
1742 1549 1848 1628 τῆς
1898 1547 2176 1627 θεότητος
2225 1546 2477 1627 ἀξίωμα,
2534 1546 2652 1612 κᾶν
2706 1546 3020 1630 εἰληφέναι

934 1663 1185 1746 λέγηται
1241 1668 1414 1729 τοῦτο
1472 1668 1636 1747 παρὰ
1692 1666 1936 1748 Πατρὸς
1990 1670 2087 1731 διὰ
2130 1666 2201 1732 τὸ
2252 1668 2633 1750 ἀνθρώπινον
2689 1670 2795 1732 καὶ

1386 1784 1455 1850 τὸ
1497 1789 1599 1867 τῆς
1641 1787 2056 1854 ταπεινώσεως
2099 1790 2319 1870 σχῆμα.

725 2038 944 2135 Πάτερ
997 2045 1139 2121 &rte
1191 2046 1478 2137 τήρησον
1531 2044 1770 2114 αὐτοὺς
1822 2046 1892 2113 ὲν
1948 2051 2040 2133 τῷ
2084 2044 2359 2123 ὀνόματί
2410 2066 2529 2113 σου
2584 2041 2645 2133 ᾧ
2691 2045 3004 2113 δέδωκάς
3091 2078 3120 2140 5

1271 2194 1402 2254 μοι,
1454 2171 1564 2239 ἴνα
1616 2168 1778 2240 ὦσιν
1829 2171 1903 2239 ἓν
1958 2172 2179 2240 καθὼς
2233 2166 2436 2250 ἡμεῖς.

765 2410 1294 2494 ἘΠῙΤΗΡΕῙ
1344 2418 1678 2521 πανταχῆ
1727 2421 1881 2496 τοῖν
1917 2416 2113 2496 δυοῖν
2166 2410 2624 2516 πραγμάτοιν
2667 2408 2810 2512 τὴν
2846 2417 2948 2497 εἷς
2997 2412 3071 2493 ἓν

638 2534 1095 2637 .ἀναπλοκὴν,
1130 2545 1261 2618 τοῦ
1311 2572 1392 2619 τε
1447 2540 1898 2643 ἀνθρωπίνου
1946 2542 2135 2648 φημὶ
2184 2536 2270 2619 τὸ
2321 2536 2486 2618 καθ’
2527 2536 2720 2636 ἡμᾶς
2775 2536 3071 2643 ἔχοντος

655 2660 1204 2764 σμικροπρεπὲς,
1243 2665 1362 2742 καὶ
1396 2670 1528 2743 τοῦ
1562 2669 1802 2744 θεῖκοῦ
1836 2661 1971 2764 τὴν
2005 2660 2348 2742 ἀνωτάτω
2379 2667 2648 2742 πασῶν
2681 2660 3073 2744 ὠδίνοντος

655 2781 902 2891 δόξαν.
981 2784 1402 2889 κεκέρασται
1462 2784 1606 2891 γὰρ
1674 2786 1762 2895 ἐξ
1818 2789 2091 2895 ἀμφοῖν
2144 2788 2187 2867 ὃ
2253 2783 2500 2889 λόγος,
2553 2787 2675 2864 καὶ
2735 2782 3073 2887 καθάπερ
3098 2821 3158 2861 10

322 2929 460 2987 970
480 2926 563 2986 Δ.
597 2944 634 2985 a
654 2906 747 2987 τὰ
794 2910 870 2988 ἐν
921 2915 1067 2992 τοῖς
1118 2910 1447 3014 ἀνωτέρω
1502 2907 1949 3018 διειληφότες
2002 2910 2367 3011 ἐλέγομεν,
2414 2909 2576 2989 οὔτε
2628 2906 2819 3012 πρὸς
2877 2910 3073 3014 ὕψος

655 3033 943 3116 τελείως
991 3036 1327 3143 ἀναπηδᾷ
1370 3032 1456 3115 τὸ
1508 3032 1919 3138 θεοπρεπὲς,
1958 3034 2118 3114 οὔτε
2154 3031 2298 3134 μὴν
2332 3037 2431 3119 εἷς
2474 3028 2672 3112 ἅπαν
2703 3037 2860 3112 τῶν
2896 3032 3068 3113 καθ’

655 3157 840 3257 ἡμᾶς
896 3158 1379 3239 ἀπανίσταται
1431 3158 1736 3262 μέτρων·
1835 3157 2024 3242 Θεὸς
2079 3156 2223 3261 γάρ
2275 3160 2436 3238 ἐστι
2488 3155 2876 3259 γενόμενος
2931 3154 3068 3236 ἄν·

657 3286 966 3383 θρωπος,
1021 3279 1306 3391 ἀῤῥήτῳ
1363 3284 1501 3362 τινὶ
1559 3286 1678 3362 καὶ
1742 3280 2107 3389 ἀφράστῳ
2171 3277 2458 3389 συνόδω
2514 3280 2754 3380 μέσην
2810 3276 3068 3384 ὥσπερ

655 3403 817 3486 τινὰ
873 3404 1119 3511 χώραν
1176 3405 1472 3511 ἐπέχων,
1533 3409 1631 3491 ὡς
1689 3405 1869 3506 μήτε
1927 3439 2095 3489 τους
2150 3408 2281 3505 τῆς
2344 3406 2658 3505 ἀληθοῦς
2724 3401 3068 3504 θεότητος
3094 3431 3154 3493 15

656 3527 865 3632 ὅρους
915 3530 1307 3633 ἐκδραμεῖν,
1356 3529 1535 3630 μήτε
1591 3528 1739 3630 μὴν
1799 3527 2219 3632 ὁλοτρόπως
2270 3561 2434 3612 τους
2486 3530 2616 3626 τῆς
2673 3526 3066 3630 ἀνθρωπό-

654 3686 866 3750 τητος
929 3655 1333 3734 ἀπολιπεῖν.
1414 3656 1678 3734 ἀνωθεῖ
1743 3652 1878 3753 μὲν
1938 3650 2084 3754 γὰρ
2149 3648 2366 3730 αὐτὸν
2426 3649 2472 3749 ἡ
2544 3651 2621 3729 ἐκ
2684 3653 2887 3730 Θεοῦ
2951 3655 3068 3731 καὶ

657 3774 950 3878 Πατρὸς
972 3774 1375 3880 ἀπόῤῥητος
1403 3776 1761 3879 γέννησις,
1783 3773 1963 3856 καθὸ
1993 3772 2238 3877 Λόγος
2272 3775 2430 3854 ἐστὶ
2465 3774 2582 3852 καὶ
2611 3772 3067 3875 Μονογενῆς,

651 3904 749 3983 εἰς
795 3900 1051 3978 οὐσίαν
1094 3897 1226 3999 τὴν
1261 3898 1503 4000 θεΐκὴν
1538 3903 1658 3980 καὶ
1705 3903 1800 3983 εἷς
1848 3897 2074 4006 δόξαν
2108 3894 2243 3999 τὴν
2281 3896 2522 4004 τούτῳ
2555 3899 3068 4002 παρεπομένην

582 4038 626 4106 b
651 4019 961 4107 εἰκότως·
1024 4022 1444 4127 ὖποβιβάζει
1478 4023 1566 4104 δέ
1600 4057 1756 4106 πως
1793 4023 1840 4123 ἡ
1886 4022 2186 4106 κένωσις
2221 4026 2320 4105 εἰς
2352 4019 2440 4101 τὸ
2474 4019 2641 4101 καθ’
2684 4021 2881 4122 ἡμᾶς
2935 4025 3067 4130 οὐχ
3090 4054 3146 4096 20

647 4145 897 4250 ὥσπερ
933 4148 1011 4227 ἐκ
1045 4147 1214 4243 βίας
1242 4153 1693 4228 πλεονεκτεῖν
1729 4147 2118 4251 ἰσχύσασα
2155 4143 2284 4226 τὸν
2318 4150 2466 4225 τῶν
2500 4142 2700 4224 ὅλων
2735 4150 3068 4241 βασιλέα

646 4267 829 4368 μετὰ
866 4268 1180 4373 Πατρός·
1264 4271 1349 4350 οὐ
1384 4272 1526 4374 γὰρ
1563 4268 1655 4350 ἂν
1689 4268 2003 4369 ἐβιάσθη
2053 4266 2230 4351 ποτὲ
2279 4269 2366 4349 τὸ
2417 4265 2617 4371 παρὰ
2665 4271 2981 4371 γνώμην
3027 4274 3065 4352 ὁ

651 4377 1090 4498 Μονογενής·
1170 4392 1613 4496 αὐτόκλητος
1651 4393 1726 4476 δὲ
1775 4400 2092 4494 μᾶλλον,
2127 4392 2217 4500 ἐξ
2247 4390 2536 4497 ἀγάπης
2569 4395 2703 4492 τῆς
2742 4399 2845 4479 εἷς
2881 4396 3064 4498 ἡμᾶς

1678 4603 1777 4654 1-4
1803 4604 1912 4641 om.
1941 4587 2005 4642 E.
