3238 5158
655 326 784 387 588
1262 322 1363 396 B„
1390 318 1805 384 CYRILLI
1866 316 2454 382 ALEXANDR.
2835 334 2950 375 xv.
2982 310 3073 374 18.

324 519 460 574 896
480 515 556 575 Δ.
595 531 633 573 a
657 489 884 570 οὐδενὶ
953 486 1037 570 τὸ
1112 487 1455 593 παράπαν
1528 487 1659 568 τὸν
1732 491 2042 593 ὠφελεῖν
2115 485 2468 590 ἰσχύοντα
2545 476 3079 585 προῖσχόμονοι

656 611 904 716 λόγον,
943 613 1323 719 κομψείαις
1373 612 1448 693 δὲ
1496 617 1790 711 μᾶλλον
1833 611 2261 694 ἐπιδιδόντες
2310 609 2405 689 τὰ
2452 605 2927 713 φρονήματα,
2971 606 3080 684 καὶ

655 738 783 819 τὸν
817 736 1062 837 μὲνέκ
1096 739 1505 842 παρῤησίας
1543 739 1670 835 τῆς
1712 734 1895 816 κατὰ
1931 733 2124 816 Θεὸν
2155 735 2679 817 συστείλαντες
2725 729 3078 835 ἔλεγχον,

654 857 738 941 τὸ
818 861 1044 961 γεμὴν
1112 863 1399 969 ἑκάστῳ
1475 869 1770 957 μᾶλλον
1843 856 1977 960 ἡδύ
2046 857 2443 943 λαλοῦντές
2514 889 2594 938 τε
2666 858 2798 936 καὶ
2873 861 3075 954 εἰση-

655 987 984 1087 γούμενοι
1026 1021 1042 1081 ;
3096 1010 3122 1065 5

767 1112 1164 1212 Ἀναγκαία
1219 1122 1597 1212 τοιγαροῦν
1635 1109 1680 1208 ἡ
1722 1108 2140 1212 παραίνεσις
2183 1114 2313 1188 τοῦ
2346 1106 2447 1207 μὴ
2484 1103 2797 1212 σφόδρα
2833 1111 3073 1212 φιλεῖ-

656 1240 836 1314 σθαι
877 1236 1120 1336 ζητεῖν,
1162 1244 1523 1314 ποιεῖσθαι
1577 1231 1653 1313 δὲ
1695 1234 1863 1335 παρ’
1905 1229 2109 1313 οὐδὲν
2143 1230 2229 1311 τὸ
2279 1234 2399 1311 καὶ
2442 1228 2559 1310 διὰ
2592 1230 2874 1329 μίσους
2913 1230 3076 1308 ξένω

657 1361 873 1457 τισὶν,
912 1357 1064 1439 ἔστ’
1105 1356 1194 1438 ἀν
1231 1360 1470 1443 αὐτοῖς
1507 1356 1591 1439 τὸ
1629 1359 1708 1438 ἐκ
1743 1362 1872 1458 τῆς
1907 1357 2281 1440 νουθεσίας
2318 1354 2627 1460 ὑπάρχοι
2673 1352 3070 1459 χρήσιμον.

657 1483 869 1565 τοῦτό
922 1518 1033 1564 τοι
1090 1485 1207 1563 καὶ
1252 1487 1557 1563 Παῦλον
1603 1481 1995 1584 δεδρακότα
2045 1481 2506 1582 θεωρήσομεν
2562 1479 2682 1557 καὶ
2741 1478 3074 1579 εἰρηκότα

320 1631 633 1697 Gal.i.10.b
660 1614 924 1715 σαφῶς
961 1618 1005 1656 “
1028 1604 1250 1710 Ἀρτι
1286 1604 1429 1712 γὰρ
1474 1607 1897 1711 ἀνθρώπους
1947 1606 2169 1686 πείθω
2220 1603 2267 1705 ἢ
2317 1602 2447 1684 τὸν
2484 1602 2676 1683 Θεόν
2709 1636 2737 1699 ;
2806 1601 2857 1702 ἢ
2898 1604 3070 1706 ζητοῖ
3092 1637 3139 1678 ια

661 1745 703 1781 “
740 1733 1144 1836 ἀνθρώποις
1199 1733 1576 1835 ἀρέσκειν;
1648 1737 1708 1812 εἰ
1761 1731 1862 1812 ἔτι
1917 1730 2248 1835 ἀρέσκειν
2302 1727 2709 1834 ἀνθρώποις
2772 1729 3066 1828 ἤθελον,

566 1852 571 1855 ’
660 1868 704 1905 “
741 1863 1073 1961 Χριστοῦ
1123 1862 1380 1941 δοῦλος
1431 1859 1559 1936 οὐκ
1613 1853 1706 1937 ἀν
1741 1856 2000 1957 ἥμην.”
2058 1854 2482 1956 ἐπιτιμήσας
2530 1852 2607 1933 δὲ
2655 1852 2903 1934 πάλιν
2939 1860 3073 1933 τῶν

658 1984 734 2062 ἐν
796 1984 1129 2089 Κορίνθω
1203 1984 1359 2077 τινὶ,
1421 1979 1805 2085 ἀφορήτως
1879 2014 1957 2059 τε
2031 1980 2200 2059 λίαν
2262 1975 2744 2081 ἀπηλγηκότα
2821 1986 3070 2058 τοῦτον

327 2081 486 2196 20⁰¹
511 2097 564 2131 ¹¹
658 2104 931 2205 μαθὼν,
988 2103 1220 2209 φησίν
1276 2113 1320 2152 “
1344 2110 1435 2184 Εὶ
1490 2103 1635 2208 γὰρ
1690 2104 1832 2207 ἐγὼ
1887 2110 2098 2185 λυπῶ
2157 2105 2358 2255 ὑμᾶς,
2415 2104 2532 2182 καὶ
2589 2104 2700 2187 τίς
2772 2104 2989 2182 ἐστιν
3034 2106 3070 2180 ὁ

322 2237 487 2289 1¹²·vfi·
495 2250 571 2288 ¹0·
662 2240 705 2275 “
739 2229 1141 2334 εὐφραίνων
1186 2263 1276 2328 με
1325 2235 1386 2308 εἶ
1439 2229 1541 2330 μὴ
1598 2231 1640 2309 5
1686 2229 2135 2330 λυπούμενος
2181 2228 2348 2335 ἐξ’
2310 2234 2526 2327 εμοῦ·
2506 2288 2528 2325 ,
2589 2226 2637 2325 ἡ
2686 2224 2847 2331 γὰρ
2897 2226 3135 2316 xcv-515

662 2363 707 2400 “
746 2351 938 2432 Θεὸν
981 2350 1182 2453 λύπη
1236 2354 1616 2452 μετάνοιαν
1661 2358 1759 2438 εἷς
1812 2353 2178 2455 σωτηρίαν
2221 2348 2777 2452 ἀμεταμέλητον
2815 2386 3068 2452 κατερ·

662 2486 707 2523 “
742 2474 1089 2579 γάζὲται.”
1148 2476 1357 2557 ἔσται
1394 2487 1777 2582 τοιγαροῦν
1814 2475 2209 2576 οὐδαμόθεν
2244 2477 2685 2584 ἀμφίλογον,
2711 2478 2822 2559 ὧς
2858 2485 3074 2555 κολα-

662 2602 901 2682 κεύσει
950 2600 1080 2701 μὲν
1126 2601 1255 2683 τὸν
1306 2600 1586 2702 κόσμον
1633 2603 1818 2704 ἤπερ
1873 2601 2119 2702 ὀνήσει
2172 2609 2462 2700 μᾶλλον
2499 2601 2540 2679 5
2595 2599 2770 2680 καθ’
2814 2599 3074 2700 ἡδονὴν

603 2762 639 2805 ο
662 2733 808 2813 τοῖς
858 2726 1330 2832 ἀκροωμένοις
1379 2724 1719 2827 ἐσόμενος
1770 2724 2013 2829 λόγος,
2051 2730 2168 2806 καὶ
2216 2727 2376 2830 οὐχὶ
2422 2721 2554 2823 τὴν
2589 2733 2721 2804 τοῦ
2769 2726 3067 2831 συμφέ-

659 2885 912 2954 ροντος
962 2850 1257 2953 γνώμην
1307 2852 1748 2955 παρατιθείς·
1809 2853 1849 2931 5
1905 2849 1983 2932 δὲ
2037 2857 2186 2935 τοῖς
2239 2858 2369 2931 τοῦ
2417 2852 2760 2950 Σωτῆρος
2819 2847 3063 2931 πειθό·
3086 2887 3133 2928 ιε

662 3009 870 3071 μενος
907 2974 1176 3078 λόγοις,
1216 2975 1376 3080 οὐχὶ
1412 2984 1623 3055 τοῦτο
1658 2974 2119 3080 πρεσβεύσει·
2167 2974 2427 3070 πόθεν;
2475 2979 2901 3075 προελεῖται
2936 2974 3071 3076 γὰρ

662 3106 953 3197 μᾶλλον
989 3099 1074 3179 τὸ
1125 3099 1452 3202 ἀρέσκειν
1487 3100 1703 3207 αὐτῷ,
1742 3103 1857 3179 καὶ
1907 3097 2383 3197 πνευματικὸν
2422 3095 2776 3198 ἡγήσεται
2833 3107 3067 3179 πλοῦ·

663 3256 791 3302 τον
840 3226 957 3302 καὶ
1007 3220 1093 3302 τὸ
1143 3229 1519 3322 μισεῖσθαι
1570 3223 1833 3304 λοιπὸν
1881 3223 2081 3328 παρὰ
2129 3231 2277 3304 τῶν
2319 3222 2649 3324 ἡγεῖσθαι
2699 3232 3073 3322 πολεμιω-

665 3344 886 3447 τάτην
922 3345 1055 3447 τὴν
1093 3345 1350 3450 ἀρετὴν
1389 3346 1772 3447 ἑλομένων.

764 3467 1006 3550 Ὅταν
1061 3472 1319 3568 τοίνυν,
1378 3474 1587 3578 φησὶ,
1644 3478 1799 3554 ταῖς
1856 3471 2217 3576 ὑμετέραις
2272 3468 2829 3571 εὐδοκιμήσεσιν
2884 3472 3073 3552 ἀντι-
3091 3507 3139 3562 25

663 3589 1004 3740 πράττειν
1038 3593 1201 3675 εσθ’
1244 3629 1362 3675 οτε
1400 3597 1632 3702 ὁρῷτο
1671 3596 2122 3696 κεκινημένον
2155 3593 2242 3676 τὸ
2277 3601 2652 3694 μισεῖσθαι
2686 3594 2901 3700 παρὰ
2952 3605 3073 3677 τοῦ

664 3714 966 3813 κόσμου·
1032 3717 1375 3818 νικάσθω,
1414 3755 1531 3799 και
1569 3729 1783 3801 τοῦτο
1822 3721 2362 3825 διαῤῥίπτεσθαι
2397 3754 2483 3800 το
2518 3719 3073 3822 παραπόδισμα,

594 3852 637 3916 d
665 3837 781 3917 διὰ
852 3849 981 3920 τοῦ
1046 3839 1149 3941 μὴ
1215 3844 1384 3923 λίαν
1448 3842 1846 3951 ἐφήδεσθαι
1910 3851 2064 3928 ταῖς
2126 3850 2272 3923 τῶν
2334 3845 2788 4000 ἀγαπώντων
2857 3846 3073 3926 αὐτὸν

663 3971 917 4062 τιμαῖς,
988 3970 1048 4045 εἶ
1120 3966 1222 4067 μὴ
1295 3976 1425 4047 τοῦ
1501 3964 1904 4077 πεφυκότος
1991 3973 2298 4076 ὠφελεῖν
2371 3970 2736 4074 ἀνέχοιντο
2813 3968 3070 4072 λόγου·

664 4087 960 4189 όράσθω
1023 4087 1100 4169 δὲ
1155 4094 1501 4191 μηδαμῶς
1565 4089 1651 4171 τὸ
1724 4098 2101 4190 μισεῖσθαι
2177 4092 2543 4199 φορτικὸν,
2607 4094 2781 4191 ἐμοῦ
2861 4104 3073 4175 τοῦτο
3090 4121 3132 4181 3²

663 4214 1268 4315 προπεπονθότος.
1346 4218 1486 4314 εἰμὶ
1552 4213 1629 4296 δὲ
1693 4213 2028 4316 δηλονότι
2087 4215 2351 4319 Κύριος
2409 4222 2527 4298 καὶ
2589 4213 3067 4304 διδάσκαλος.

736 4439 788 4492 9.
823 4422 1059 4478 τοιΕΗΡ
1085 4423 1188 4479 Ed.
1208 4441 1320 4498 mg.
1346 4447 1395 4480 τι
1420 4424 1525 4480 Ed.
1814 4441 1897 4497 13.
1933 4425 2209 4481 τοῦτονΕ.
2233 4430 2387 4482 τοῦτο
2412 4427 2515 4482 Ed.
2793 4445 2864 4497 14
2828 4448 2884 4497 4.
2919 4428 3066 4485 ἔστιν

664 4502 1002 4620 αἰειιωρῖἓιω
1026 4511 1092 4550 ex
1118 4494 1182 4549 E.
1451 4496 1534 4563 16.
1569 4495 1956 4567 ἀμεταμέλητον
1980 4497 2044 4552 Ε.
2072 4495 2429 4569 ἀμετάβλητον
2454 4498 2555 4554 Ed.
2810 4501 3063 4572 ²8⁰⁷*

663 4585 703 4618 π
737 4587 863 4620 ντων
