3238 5158
609 345 698 408 64
1209 340 1761 407 B.cYR11.L1
1820 337 2392 404 ALEXANDR..
2741 333 2877 399 viii.
2903 352 3015 420 34.

613 504 1014 605 σωματικὰ,
1058 510 1188 606 τῆς
1241 506 1372 606 μὲν
1426 504 1728 606 ἐνούσης
1785 507 2094 606 ἀμαθίας
2147 505 2508 611 ἐξίστησι,
2550 499 3018 604 μεταβιβάζει

614 631 703 711 δέ
747 665 903 715 πως
961 633 1075 711 ἐπὶ
1133 631 1226 710 τὰ
1278 630 1922 733 πνευματικώτερα,
1979 633 2098 710 καὶ
2152 629 2401 732 ὥσπερ
2458 635 2556 713 εἰς
2616 632 2876 731 ἀτριβῆ
2935 662 3017 708 τε

616 757 734 834 καί
784 752 972 854 ἀήθη
1014 761 1391 840 παντελῶς
1440 755 1885 858 μετακομίζει
1919 756 2315 852 παίδευσιν,
2354 752 2488 853 τὴν
2524 786 3019 855 κεκρυμμενην

617 879 856 962 αὐτοῖς
921 881 1041 958 καὶ
1101 883 1177 959 ἐν
1230 885 1537 962 πολλοῖς
1593 881 2075 981 ἀγνοηθεῖσαν
2128 885 2395 982 καιροῖς
2449 879 2780 958 δουλείαν
2836 880 3017 957 ὑπο-

278 996 486 1126 ἓξξῖὃ.
619 999 906 1099 δεικνὺς,
943 1005 1062 1083 καὶ
1111 1002 1221 1083 ὅτι
1267 1002 1399 1100 μέν
1434 1002 1866 1106 ψευδόμενοι
1913 998 2238 1104 λέγουσι,
2273 999 2358 1082 τό
2395 1012 2439 1049 “
2463 1003 2727 1082 Οὐδενὶ
2771 1004 3015 1082 δεδου-
3046 1018 3085 1080 5

549 1137 594 1203 d
619 1136 664 1174 ‘⁶
701 1127 1052 1225 λεύκαμεν
1123 1128 1480 1224 πώποτε,”
1556 1126 1861 1229 παρίησι
1931 1132 2218 1234 σοφῶς,
2298 1128 2467 1205 ἀλλ’
2543 1124 2706 1206 οὐδὲ
2775 1125 3018 1226 μάτην

616 1250 1120 1354 ἐπικομπάζειν
1157 1249 1413 1335 αὐτοὺς
1449 1254 1539 1355 τῇ
1588 1258 1718 1330 τοῦ
1765 1249 2223 1353 προπάτορος
2260 1250 2573 1356 εὐγενεία
2608 1250 2934 1356 φησὶν,“’
2899 1284 3019 1329 ινα

615 1373 718 1475 μὴ
789 1373 1018 1454 πάλιν
1090 1372 1344 1459 αὐτους
1418 1372 1532 1480 ἐφ’
1607 1371 1658 1453 ἃ
1725 1373 1828 1473 μὴ
1900 1378 2224 1477 προσῆκε
2294 1373 2766 1477 παροτρύνειν
2837 1376 3019 1479 δοκῇ

616 1498 1067 1600 κεκλιμένους
1116 1501 1253 1602 ἤδη
1308 1501 1424 1580 καὶ
1471 1496 1667 1579 πολὺ
1714 1498 2060 1602 ῥέποντας
2111 1504 2209 1583 εἰς
2259 1497 2509 1600 ὀργήν·
2570 1498 2680 1578 ἐπ’
2719 1496 2895 1578 αὐτο
2940 1494 3021 1578 δὲ

617 1623 867 1727 ὥσπερ
915 1621 1260 1728 χωρήσας
1301 1656 1387 1701 το
1423 1616 1836 1724 ἀναγκαῖον,
1876 1625 1992 1702 καὶ
2042 1620 2221 1725 ὅπερ
2268 1655 2491 1705 οντως
2541 1621 2679 1702 ἐδει
2727 1627 3014 1722 μαθεῖν,
3052 1648 3130 1691 10

622 1743 862 1828 δοῦλον
908 1742 1090 1825 εἶναί
1141 1753 1332 1851 φησι
1387 1743 1500 1838 τῆς
1555 1748 1908 1853 ἁμαρτίας
1961 1742 2089 1825 τὸν
2132 1754 2462 1825 ποιοῦντα
2515 1743 2758 1844 αὐτὴν,
2794 1744 3023 1843 μόνον

621 1867 699 1951 δὲ
758 1871 917 1974 οὐχὶ
971 1877 1185 1949 τοῦτο
1239 1869 1435 1971 λε’γει
1492 1867 1852 1949 Σύνθετόν
1901 1903 1971 1948 τι
2026 1868 2228 1976 ζῷον,
2274 1865 2333 1947 ὦ
2385 1870 2601 1966 οὗτοι,
2647 1868 2831 1948 κατὰ
2884 1868 3024 1968 τὴν

621 1998 761 2096 γῆν
803 1993 1204 2096 ἅνθρωπος,
1236 1995 1315 2072 ἐκ
1364 1996 1612 2098 ψυχῆς
1670 1991 2007 2091 δηλονότι
2057 1995 2176 2072 καὶ
2224 1991 2585 2090 σώματος,
2623 1997 2738 2071 καὶ
2794 1992 2837 2090 ἡ
2887 1989 3025 2090 μὲν

622 2115 807 2198 κατὰ
859 2116 1100 2219 σάρκα
1156 2116 1443 2197 δουλεία
1496 2117 1660 2218 περὶ
1713 2114 1845 2216 τὴν
1898 2115 2140 2218 σάρκα
2188 2117 2409 2213 ἐστὶν,
2454 2116 2500 2215 ἦ
2556 2115 2633 2196 δὲ
2686 2117 2763 2195 ἐν
2806 2119 3025 2220 ψυχῇ

560 2274 596 2318 e
623 2244 740 2322 καὶ
812 2244 975 2343 περὶ
1048 2238 1299 2347 ψυχὴν
1368 2240 1781 2340 τελουμένη,
1854 2237 2234 2343 βάρβαρον
2306 2240 2451 2344 ἔχει
2529 2240 2802 2342 μητέρα
2886 2236 3026 2337 τὴν
3057 2265 3131 2325 15

622 2366 1001 2468 ἁμαρτίαν.
1081 2363 1166 2444 τὸ
1201 2363 1334 2464 μέν
1371 2365 1499 2444 οὖν
1536 2363 1719 2444 κατὰ
1755 2363 2000 2466 σάρκα
2037 2368 2164 2464 τῆς
2200 2364 2524 2447 δουλείας
2567 2368 2851 2472 ἀφεῖναι
2892 2359 3028 2443 τὸν

623 2489 1004 2637 ἄνθρωπον
1045 2490 1089 2590 ἡ
1139 2495 1285 2568 τῶν
1334 2522 1788 2593 κρατουντων
1829 2485 2132 2593 ἐξουσία
2186 2485 2626 2638 κεκτήσεται,
2672 2487 2757 2567 τὸ
2790 2486 2890 2569 δὲ
2944 2486 3027 2565 ἐκ

623 2617 753 2711 τῆς
807 2613 1157 2717 ἁμαρτίας
1211 2616 1649 2716 ἐλευθεροῦν,
1688 2610 1886 2720 μόνῳ
1935 2611 2068 2711 μέν
2112 2608 2203 2691 ἀν
2248 2611 2506 2715 πρέποι
2560 2615 3029 2715 κατειρῆσθαι

624 2743 813 2846 Θεῷ,
870 2737 1176 2840 ἁρμόσει
1230 2737 1307 2817 δέ
1360 2744 1507 2817 τῶν
1561 2737 1817 2816 ἄλλων
1872 2737 2125 2817 οὐδενί.
2206 2738 2463 2817 οὐκοῦν
2514 2738 2877 2816 ἀναπείθει
2930 2734 3031 2815 τὰ

624 2860 862 2942 εἰκότα
917 2867 1227 2969 φρονεῖν,
1289 2864 1406 2942 καὶ
1469 2865 1599 2961 τῆς
1657 2860 1881 2945 ὅντως
1936 2895 2011 2940 τε
2075 2863 2192 2941 καὶ
2251 2862 2566 2960 ἀληθοῦς
2625 2860 3031 2963 ἐλευθερίας
3058 2892 3141 2933 20

625 2987 979 3092 ἐφίεσθαι,
1045 2986 1275 3090 ζητεῖν
1339 2983 1416 3064 δέ
1493 2988 1682 3066 οὕτω
1756 2981 2019 3065 λοιπὸν
2091 2985 2175 3064 οὐ
2245 2982 2378 3083 τὴν
2439 2990 2586 3064 τῶν
2646 2981 3034 3086 προγόνων

629 3111 1108 3214 λαμπρότητα
1161 3108 1345 3213 πρὸς
1399 3108 1604 3189 οὐδὲν
1659 3110 1891 3188 οὖσαν
1932 3109 2171 3192 αὐτοῖς
2221 3113 2316 3192 εἰς
2369 3115 2582 3187 τοῦτο
2637 3110 3028 3204 λυσιτελῆ,

292 3258 427 3314 539
446 3255 528 3314 Δ.
572 3270 608 3309 a
628 3232 852 3335 μόνον
901 3232 980 3313 δὲ
1032 3230 1161 3312 τὸν
1203 3239 1352 3313 τῶν
1402 3233 1594 3312 ἰδίων
1642 3230 1879 3329 νόμων
1915 3230 2560 3338 κατεξουσιάζοντα
2595 3229 2811 3328 Θεὸν,
2845 3226 2947 3310 ὧν
2984 3231 3034 3330 ἡ

629 3354 1053 3459 παράβασις
1100 3353 1234 3454 τὴν
1281 3357 1638 3460 ἁμαρτίαν
1688 3359 2106 3457 δημιουργεῖ
2153 3359 2281 3453 τῆς
2336 3357 2411 3434 ἐν
2455 3361 2544 3460 τῇ
2598 3356 2809 3460 ψυχῇ
2865 3356 3037 3433 δου-

630 3479 829 3564 λείας
882 3476 1015 3578 τὴν
1068 3476 1368 3582 τροφόν.
1465 3479 1644 3558 ἔοικε
1709 3480 1803 3559 δέ
1841 3514 1996 3562 πως
2056 3480 2097 3558 ὁ
2158 3478 2423 3581 Κύριος
2485 3478 2687 3578 ἡμῶν
2742 3478 3035 3577 Ἰησοῦς
3063 3503 3149 3566 ²5

629 3599 958 3704 Χριστὸς
1010 3599 1425 3701 λεληθότως
1468 3602 1571 3682 ἔτι
1627 3605 1746 3683 καὶ
1792 3602 1988 3683 πολὺ
2036 3600 2663 3700 κατεσκιασμένως
2709 3601 3038 3705 ἐλέγχειν

630 3724 907 3824 αὐτοὺς,
937 3729 1203 3806 ὡσανεὶ
1238 3724 1474 3828 μάτην
1511 3728 1617 3808 ἐπ’
1643 3727 2001 3835 ἀνθρώπῳ
2038 3733 2481 3833 φρονοῦντας
2516 3725 2723 3828 με’γα,
2749 3723 3039 3805 ἐλεύθε-

627 3848 761 3954 ρόν
795 3884 873 3929 τε
908 3849 1253 3955 ὑπάρχειν
1285 3857 1664 3936 παντελῶς
1704 3850 2064 3948 οἰομένους
2108 3848 2236 3930 τὸν
2271 3848 2622 3953 μακάριον
2654 3845 3029 3952 Ἀβραάμ..

629 3980 734 4082 τῷ
786 3971 934 4077 γὰρ
989 3973 1455 4077 γενικώτερον
1502 3973 2026 4081 ἀποφήνασθαι
2080 3972 2319 4054 πάντα
2376 3972 2503 4053 τὸν
2548 3980 2877 4053 ποιοῦντα
2925 3969 3040 4068 τῆν

705 4185 756 4224 2.
790 4170 855 4224 τὰ
879 4186 989 4223 om.
1013 4167 1157 4224 Aub.
1301 4168 1353 4224 6.
1392 4172 1579 4257 σοφῶς
1605 4169 1671 4224 Β.
1676 4188 1724 4224 a.
1751 4172 1942 4241 σαφῶς
1968 4169 2151 4225 Holst.
2172 4168 2275 4224 Ed.
2423 4185 2505 4223 10.
2541 4165 2726 4239 ὅντως]
2751 4169 2961 4237 μᾶλλον
2983 4185 3038 4224 a.

637 4253 735 4328 17.
759 4239 1132 4308 κεκτήσεταια.
1162 4237 1281 4294 Cat.
1309 4238 1463 4295 Harl.
1491 4240 1639 4309 κε’κτη
1641 4262 1724 4295 ται
1750 4240 1854 4295 Ed.
2184 4241 2268 4294 18.
2304 4241 2446 4364 '⁴⁰'va
2474 4239 2591 4293 ΒΑ.
2616 4242 2783 4327 μόνον
2804 4237 2902 4292 Ht.
2928 4237 3039 4294 Ed.

629 4332 832 4435 παῖπω
849 4309 1065 4435 Aub'ao
1068 4308 1427 4449 Βξῖῗνῗακέω
1461 4262 2272 4437 {ffffz‘ssafiffssss‘ssss‘dffiffissm
2271 4332 2393 4381 ''²⁴‘'
2429 4309 2563 4452 Ἓξ
2574 4307 3041 4448 532‘1‘37ffiffl3

631 4498 883 4557 emendat
922 4500 1117 4571 Heyee.
1142 4508 1245 4557 τῶν
1275 4501 1515 4557 Ῑουδαίων
1545 4505 1706 4571 νόμον
1736 4501 1800 4557 Β.
1825 4506 1929 4557 τῶν
1958 4500 2222 4556 Ἰουδαίων
2252 4503 2411 4569 νόμον
2463 4502 2632 4568 νόμων
2657 4496 2893 4626 hffinm]
2930 4498 3042 4557 Ed.

632 4588 721 4645 27.
758 4571 894 4644 μέγα
917 4573 1275 4643 φρονοῦντας
1262 4590 1475 4630 mverso
1501 4574 1690 4630 ordine
1713 4591 1764 4629 a.
1980 4588 2066 4644 ²9·
2103 4575 2177 4647 τῷ
2210 4572 2272 4628 B.
2278 4572 2328 4628 b.
2333 4589 2381 4628 e.
2492 4570 2575 4625 rd.
2599 4572 2661 4626 τὸ
