3238 5158
231 342 303 408 ix.
326 346 416 413 28.
564 349 677 415 IN
736 351 804 415 S.
852 351 1365 417 JOANNEM.
1456 352 1648 417 LIB.
1681 353 1802 418 VI.
1893 353 2098 419 CAP.
2148 353 2204 417 Ι.
2456 354 2579 416 185

310 615 413 681 Καὶ
461 618 887 709 ἐλοιδόρησαν
942 621 1141 689 αὐτὸν
1197 622 1304 687 καὶ
1357 617 1548 689 εἶπαν
1603 623 1695 688 Σὺ
1748 623 2044 700 μαθητής
2097 617 2159 689 εἷ
2209 623 2480 704 ἐκείνου,
2611 643 2685 699 28

649 743 836 824 ἡμεῖς
893 747 965 814 δὲ
1018 752 1131 814 τοῦ
1178 748 1524 816 Μωυσέως
1575 749 1770 827 ἐσμὲν
1823 751 2129 827 μαθηταί.

319 914 677 1025 Ὺπογελᾷ
739 918 1011 1023 τρόπον
1072 920 1232 1001 τινὰ
1303 930 1518 1002 τοῦτο
1591 921 1829 1024 λέγων
1901 923 1940 1001 5
2007 919 2581 1025 Εὖαγγελιστής.

229 1035 343 1142 ὁρᾷ
397 1040 535 1144 γὰρ
599 1041 765 1127 τοὺς
829 1047 1159 1146 ἱερᾶσθαι
1233 1044 1595 1150 λαχόντας
1669 1046 2131 1153 ἀποπληξίας
2204 1051 2303 1131 εἷς
2376 1052 2587 1125 τοῦτο

177 1173 207 1233 5
228 1163 897 1265 κατολισθήσαντας,
966 1172 1062 1253 ὡς
1126 1169 1487 1271 λοιδορίας
1547 1171 1884 1270 ἡγεῖσθαι
1949 1174 2195 1275 χρῆμα
2258 1167 2341 1249 τὸ
2404 1170 2591 1248 οὕτω

226 1286 495 1386 σεπτὸν,
557 1288 693 1390 τὴν
758 1290 896 1372 ὑπὸ
968 1296 1276 1401 Χριστῷ
1348 1292 1683 1392 δηλονότι
1754 1294 2272 1395 παιδαγωγίαν,
2339 1292 2423 1394 ἧς
2497 1298 2592 1376 εἷς

226 1407 627 1512 ἀξιέραστον
665 1413 887 1498 ἰόντες
939 1413 1227 1517 ἀγάπην
1264 1420 1454 1522 φασὶ
1505 1422 1653 1495 τῶν
1699 1418 1924 1517 ἁγίων
1962 1416 2160 1511 τινὲς,
2200 1421 2265 1495 οἱ
2313 1414 2445 1514 μὲν
2484 1415 2592 1495 ὅτι

227 1542 264 1578 “
292 1535 410 1617 Ὠς
442 1536 717 1637 γλυκέα
753 1544 855 1645 τῷ
901 1536 1222 1641 λάρυγγί
1263 1573 1404 1637 μου
1453 1536 1547 1619 τά
1596 1537 1816 1639 λόγιά
1866 1572 2027 1635 σου,
2068 1537 2243 1641 ὑπὲρ
2272 1537 2439 1637 μέλι
2478 1544 2591 1617 καὶ
2617 1574 2652 1617 ο
2680 1543 2832 1658 {giss

226 1663 262 1701 ‘⁶
294 1658 525 1758 κηρίον
566 1665 672 1767 τῷ
727 1658 1046 1759 στόματί
1093 1662 1302 1760 μου·”
1375 1661 1611 1765 ἕτερος
1668 1659 1741 1742 δὲ
1794 1659 2040 1760 πάλιν,
2079 1664 2176 1745 ὦς
2229 1661 2412 1764 πρὸς
2466 1660 2594 1741 τὸν
2689 1644 2848 1737 103·⁰

145 1806 204 1847 10
229 1779 473 1879 Κύριον
526 1784 730 1882 ἡμῶν
782 1786 1072 1884 Ἰησοῦν
1128 1783 1255 1864 τὸν
1309 1781 1642 1888 Χριστόν
1695 1787 1859 1889 περὶ
1914 1792 2058 1865 τῶν
2116 1784 2595 1864 ἀπειθούντων

224 1902 394 2010 αὐτῷ
446 1915 490 1952 “
518 1905 971 1987 Συντέλεσον
1026 1906 1224 2005 αὐτὸ,
1277 1913 1396 1988 καὶ
1452 1909 1660 1988 ἔσται
1718 1911 1758 1989 5
1818 1908 2038 2010 λόγος
2093 1942 2236 1987 σου
2289 1910 2442 2007 ἐμοὶ
2499 1912 2596 1991 εἶς
2687 1916 2833 2031 {iff-
2851 1932 2934 1967 ¹*-

225 2034 262 2071 “
294 2028 739 2134 εὐφροσύνην
775 2035 891 2110 καὶ
927 2031 1354 2133 ἀγαλλίαμα
1389 2035 1505 2111 καὶ
1550 2030 1785 2137 χαρὰν
1822 2033 2113 2135 καρδίας
2157 2033 2365 2131 μου.”
2424 2028 2595 2110 ἀλλ’
2758 2019 2769 2030 ’

226 2148 406 2229 οὐδὲν
459 2158 608 2232 τῶν
663 2159 869 2256 ἱερῶν
921 2154 1509 2253 μεταποιούμενοι
1566 2153 1835 2256 λόγων,
1891 2154 2019 2234 τὸν
2075 2153 2212 2235 ὑπὸ
2268 2159 2599 2258 Χριστοῦ

225 2275 903 2378 παιδαγωγούμενον,
971 2281 1087 2358 καὶ
1164 2281 1249 2357 δι’
1320 2276 1494 2358 αὐτὸ
1569 2278 1658 2378 δὴ
1726 2281 1843 2358 καὶ
1906 2285 2119 2358 τοῦτο
2189 2275 2411 2377 μόνον
2475 2278 2603 2357 οὐκ

146 2419 204 2480 15
227 2398 667 2501 ἀνεγκλήτως
739 2398 915 2481 εἶναι
987 2400 1417 2504 νομίζουσιν,
1484 2404 1725 2501 ἀληθῆ
1787 2401 1864 2482 δὲ
1929 2403 2090 2482 καθ’
2154 2402 2422 2481 ἑαυτῶν
2487 2404 2603 2480 καὶ

226 2523 811 2629 ψηφοφοροῦντες
874 2525 1222 2627 δόγματα,
1282 2524 1727 2606 διδάσκαλον
1789 2524 1922 2625 μὲν
1986 2531 2089 2634 τῷ
2153 2530 2415 2633 τυφλῷ
2477 2522 2605 2605 τὸν

228 2646 534 2746 Χριστὸν
602 2649 1109 2750 ἀπονέμουσιν,
1172 2651 1444 2734 ἑαυτοῖς
1520 2649 1594 2728 δὲ
1667 2649 2019 2729 Μωυσέα·
2112 2652 2228 2727 καὶ
2298 2646 2442 2751 γὰρ
2516 2645 2604 2746 δὴ
2631 2664 2674 2726 (1

228 2772 329 2848 καὶ
389 2770 613 2856 ὅντως
678 2774 1185 2880 κατεφωτίσθη
1248 2772 1380 2871 μὲν
1440 2771 1535 2853 τὰ
1597 2773 1765 2872 ἔθνη
1830 2770 2031 2874 παρὰ
2091 2777 2426 2874 Χριστοῦ
2490 2770 2607 2850 διὰ

228 2893 645 2980 παιδεύσεως
704 2898 1189 2999 εὐαγγελικῆς,
1252 2894 1635 2976 ἐναπέθανε
1703 2894 1777 2975 δὲ
1837 2901 1985 2979 τοῖς
2046 2892 2165 2973 διὰ
2232 2893 2608 2977 Μωυσέως

151 3046 210 3087 ²0
228 3015 454 3102 τύποις
510 3022 552 3099 5
610 3019 940 3122 Ἰσραὴλ,
998 3023 1115 3100 καὶ
1169 3024 1260 3125 τῇ
1315 3028 1443 3098 τοῦ
1501 3016 1926 3121 γράμματος
1985 3016 2352 3121 ἐνεχῶσθη
2411 3021 2607 3122 σκιᾷ.

229 3138 330 3218 διὰ
363 3152 575 3224 τοῦτο
622 3147 739 3223 καὶ
787 3144 827 3222 5
869 3149 1164 3227 Παῦλος
1212 3147 1375 3246 περὶ
1425 3142 1663 3221 αὐτῶν
1699 3175 1842 3221 που
1879 3141 2075 3248 φησί
2105 3150 2148 3188 “
2181 3139 2421 3245 Μέχρι
2466 3138 2612 3243 γὰρ
2704 3147 2948 3276 {scm-ffi-

228 3269 264 3307 ‘⁴
297 3264 614 3369 σήμερον
652 3267 857 3367 ἥνικα
906 3264 1484 3369 ἀναγινώσκηται
1532 3270 1888 3364 Μωυσῆς,
1927 3262 2270 3364 κάλυμμα
2319 3267 2434 3344 ἐπὶ
2479 3261 2612 3363 τὴν
2768 3250 2780 3262 ”

229 3393 266 3430 “
297 3392 592 3493 καρδίαν
645 3392 882 3470 αὐτῶν
939 3391 1229 3470 κεῖται.”
1288 3388 1398 3469 ὅτι
1454 3389 1529 3470 δὲ
1585 3393 1702 3469 καὶ
1757 3395 1854 3473 εἱς
1909 3389 2136 3469 τύπον
2189 3395 2336 3469 τῶν
2389 3391 2613 3468 ἐθνῶν

228 3507 344 3608 τὴν
375 3514 489 3593 ἐπὶ
530 3519 634 3621 τῷ
673 3519 934 3621 τυφλῷ
971 3511 1294 3616 καθάπερ
1333 3514 1408 3591 ε’ν
1444 3510 1655 3592 εἰκόνι
1693 3511 2235 3619 κατεγράφομεν
2267 3512 2614 3615 ἱστορίαν,

156 3657 210 3714 ²5
230 3630 310 3710 τὰ
354 3638 448 3721 ὡς
504 3638 581 3716 ἐν
616 3637 818 3744 τύπῳ
867 3635 961 3717 τὰ
1009 3639 1159 3716 κατ’
1210 3635 1428 3715 αὐτὸν
1471 3642 1566 3720 εἷς
1617 3635 1751 3736 τὴν
1796 3638 1902 3717 ἐπ’
1944 3637 2223 3720 ἐκείνοις
2274 3635 2615 3736 ἀλήθειαν

229 3756 860 3857 μεταπλάττοντες,
900 3761 1027 3839 οὐκ
1064 3761 1512 3866 ἀμφίβολον.
2635 3788 2671 3830 e

327 3882 549 3982 Πλὴν
602 3885 824 3961 ἐκεῖνο
877 3884 1332 3982 σημειωτέον,
1385 3881 1492 3963 ὅτι
1553 3887 1797 3987 χρῆμα
1853 3883 2156 3998 τερπνξιν
2200 3883 2315 3961 καὶ
2368 3881 2615 3982 πάσης

231 4005 538 4091 εὐκλείας
592 4006 1001 4106 ἀνάμεστον
1057 4008 1097 4086 5
1155 4006 1271 4086 διὰ
1325 4006 1659 4109 Χριστὸν
1705 4005 2131 4106 ὀνειδισμός·
2196 4009 2279 4086 δι’
2323 4004 2425 4085 ὧν
2472 4006 2616 4108 γὰρ

299 4285 342 4324 1.
379 4266 529 4325 εἶπαν
556 4269 621 4324 Β.
646 4265 794 4324 εἷπον
821 4268 1002 4324 Holst.
1029 4268 1132 4324 Ed.
1253 4266 1306 4323 εἴ
1324 4269 1517 4323 ἐκείνου
1541 4269 1645 4322 hoc
1670 4268 1855 4323 ordine
1884 4267 1950 4322 B.
2164 4288 2216 4335 4.
2254 4270 2349 4338 ὁρᾷ
2374 4267 2621 4321 emendat

238 4334 422 4410 Heyne.
449 4341 548 4411 ὅρα
575 4339 644 4396 Β.
673 4339 775 4395 Ed.
1000 4339 1052 4395 6.
1089 4344 1304 4413 Χριστῷ
1340 4340 1406 4394 Β.
1432 4343 1667 4409 Χριστοῦ
1696 4339 1792 4393 Ht.
1822 4338 1924 4392 Ed.
2159 4355 2240 4393 11.
2277 4339 2400 4392 αὐτὸ
2430 4339 2493 4392 Β.
2524 4338 2619 4391 Ht.

233 4408 399 4466 αὐτοὺς
426 4411 573 4467 Aub.
882 4423 964 4481 15.
1001 4409 1313 4482 ἇνεγκλήτος
1341 4410 1407 4465 Β.
1484 4410 1647 4464 Recte
1672 4419 1733 4464 ut
1758 4409 1867 4463 vid.
1892 4408 2253 4463 emendatum.
2374 4410 2530 4463 αὐτὸν
2558 4408 2620 4462 Β.

236 4503 336 4558 καθ’
360 4507 554 4561 {aurion
577 4524 608 4560 e
633 4505 753 4560 Cat.
783 4504 938 4559 Harl.
964 4505 1110 4560 Aub.
1312 4503 1396 4558 16.
1433 4493 1874 4575 ψηφοφοροῦντῗις
1901 4504 1965 4559 Β.
1991 4504 2441 4577 ψηφοφοροῦντες
2463 4502 2625 4557 habet

236 4588 280 4626 a.
485 4593 570 4631 22.
610 4576 1015 4647 ἀνογινόσκεται
1039 4593 1087 4631 ιι.

316 4675 457 4720 vot„
490 4678 564 4722 11.
1375 4676 1414 4720 Β
1446 4657 1487 4720 b
