3238 5158
184 325 352 389 xvii.
380 346 475 412 13.
571 326 684 390 IN
737 326 804 391 S.
851 323 1358 391 JOANNEM.
1450 324 1645 388 LIB.
1693 325 1813 389 XI.
1905 325 2109 390 CAP.
2156 324 2277 389 IX.
2466 325 2589 395 707

184 494 432 594 μένοις
479 492 836 598 ἐνέργειαν
871 500 1161 595 μᾶλλον
1200 491 1293 573 ἂν
1325 490 1584 596 πρέποι
1629 497 1720 595 τῇ
1767 495 1903 592 τῆς
1953 489 2287 592 θεότητος
2336 492 2593 571 ἀπονε-

186 623 488 716 μεΐσθαι
541 617 743 725 δόξῃ.
815 615 1138 721 ἦγιάζετο
1185 615 1334 720 γὰρ
1368 619 1486 697 καὶ
1528 616 1702 697 αὐτὸ
1749 616 1834 696 τὸ
1884 623 2014 696 τοῦ
2060 616 2330 719 Κυρίου
2372 620 2595 713 σῶμα

185 746 289 848 τῇ
361 750 492 823 τοῦ
551 741 930 826 ἑνωθέντος
993 739 1242 843 Λόγου
1302 738 1614 840 δυνάμει,
1677 738 1967 844 ἐνεργὸν
2028 738 2107 820 δὲ
2168 740 2353 820 οὕτω
2412 734 2596 841 πρὸς

185 867 539 969 εὐλογίαν
591 867 762 968 ἡμῖν
813 868 1260 947 ἀποτελεῖται
1312 863 1447 965 τὴν
1497 862 1875 965 μυστικὴν,
1920 866 2019 950 ὦς
2073 865 2190 945 καὶ
2243 862 2597 945 δύνασθαι

120 1022 161 1085 5
188 989 331 1071 τὸν
384 991 563 1070 ἴδιον
616 991 785 1090 ἡμῖν
837 986 1255 1095 ἐμφυτεύειν
1308 987 1701 1089 ἁγιασμόν.
1791 988 2155 1093 τοιγάρτοι
2212 991 2330 1069 καὶ
2384 984 2597 1071 αὐτὸς

188 1117 233 1196 ὁ
277 1112 539 1217 Σωτὴρ
574 1113 704 1199 τὰς
746 1112 928 1217 πρὸς
960 1111 1344 1196 Ἰουδαίους
1388 1108 1566 1193 ποτὲ
1614 1111 1961 1219 διαλέξεις
2004 1111 2441 1211 ποιούμενος,
2479 1115 2597 1192 καὶ

186 1236 454 1320 πολλὰ
505 1242 668 1341 περὶ
721 1241 851 1337 τῆς
903 1235 1085 1321 ἰδίας
1132 1236 1369 1337 λέγων
1422 1231 1718 1340 σαρκὸς,
1763 1234 1982 1338 ἄρτον
2020 1271 2100 1317 τε
2148 1236 2371 1335 αὐτὴν
2405 1237 2590 1317 ἀπο-

189 1368 448 1442 καλῶν
482 1358 823 1465 ζωοποιὸν
856 1359 1082 1445 ὅντως
1128 1361 1247 1440 καὶ
1293 1358 1637 1459 ἀληθινόν
1674 1369 1719 1407 “
1743 1359 1843 1439 Ὁ
1881 1357 2026 1462 γὰρ
2073 1357 2308 1462 ἄρτος,
2344 1361 2598 1466 φησὶν,
2623 1378 2667 1446 b
2688 1362 2864 1490 ξξΡέἶ

192 1497 241 1535 “
281 1484 368 1567 ὃν
405 1486 548 1589 ἐγὼ
592 1484 808 1566 δώσω
858 1485 1021 1583 ὑμῖν
1064 1483 1110 1584 ἦ
1160 1479 1368 1590 σάρξ
1407 1517 1548 1580 μου
1593 1485 1793 1563 ἐστὶν
1825 1479 1916 1583 ἣν
1949 1480 2092 1586 ἐγὼ
2149 1482 2368 1562 δώσω
2422 1479 2600 1586 ὑπὲρ

93 1652 168 1692 ιο
192 1620 239 1658 “
279 1614 412 1710 τῆς
445 1618 576 1690 τοῦ
596 1606 890 1716 ,κόσμου
927 1606 1175 1711 (tofis-‚⁹⁹
1238 1604 1945 1709 καταπεπληγμένων
1979 1639 2058 1687 τε
2096 1606 2262 1686 λίαν
2296 1605 2598 1706 ἐκείνων,

190 1737 318 1814 καὶ
377 1739 531 1817 πῶς
586 1729 675 1812 ἂν
712 1732 950 1816 αὐτοῖς
996 1731 1042 1830 ἦ
1079 1734 1207 1829 τῆς
1242 1738 1591 1833 γηγενοῦς
1645 1729 1920 1832 σαρκὸς
1974 1730 2198 1837 φύσις
2251 1728 2601 1837 πρόξενος

192 1859 479 1961 γένοιτο
515 1860 643 1957 τῆς
690 1856 975 1936 αἰωνίου
1018 1853 1223 1958 ζωῆς,
1265 1854 1350 1933 οὖ
1384 1852 1686 1957 μετρίως
1724 1851 2277 1956 διηπορηκότων,
2314 1853 2592 1933 άπολο·

191 1982 549 2084 γούμενος
603 1980 925 2087 ἔφασκεν
962 1989 1007 2027 “
1040 1979 1143 2059 Ἥ
1181 1976 1390 2084 σὰρξ
1437 1979 1566 2057 οὐκ
1605 1980 1882 2083 ὠφελεῖ
1927 1976 2149 2077 οὐδὲν,
2186 1976 2272 2059 τὸ
2321 1976 2602 2075 πνεῦμά
2692 1981 2771 2033 Ib.
2789 1981 2870 2046 ⁶³·

192 2119 241 2155 ‘⁶
277 2108 444 2186 ἐστι
504 2102 592 2184 τὸ
660 2102 1067 2207 ζωοποιοῦν·
1147 2100 1243 2182 τὰ
1300 2099 1588 2205 ῥήματα
1661 2099 1711 2180 ἃ
1781 2101 1922 2205 ἐγὼ
1996 2099 2336 2203 ἐλάλησα
2411 2102 2603 2200 ὑμῖν,

94 2271 169 2330 15
196 2239 247 2278 “
281 2225 569 2325 πνεῦμά
625 2229 786 2309 ἐστι
840 2229 957 2308 καὶ
1013 2224 1155 2331 ζωή
1205 2226 1432 2306 ἐστι·”
1510 2228 1876 2306 κάνταῦθα
1917 2224 2062 2330 γὰρ
2117 2224 2366 2324 πάλιν,
2403 2225 2608 2306 οὐδὲν

195 2357 511 2460 ὠφελεῖν
546 2351 898 2431 δύνασθαι
950 2348 1085 2451 τὴν
1118 2348 1363 2452 σάρκα
1418 2353 1673 2454 φησὶν,
1727 2347 1912 2452 πρὸς
1967 2348 2336 2451 ἁγιασμὸν
2371 2354 2602 2449 δηλο-

196 2475 359 2558 νότι
414 2480 530 2557 καὶ
585 2474 1015 2581 ζωοποίησιν
1069 2480 1215 2554 τῶν
1276 2470 1673 2579 δεχομένων
1730 2472 1972 2571 αὐτὴν,
2037 2473 2218 2583 ὅσον
2274 2473 2443 2574 ἧκεν
2507 2480 2604 2558 εἷς

198 2599 479 2704 σαρκὸς
531 2602 978 2704 ἀνθρωπίνης
1021 2598 1277 2706 φύσιν·
1361 2597 1535 2678 ὅταν
1590 2595 1666 2676 δὲ
1711 2601 1956 2698 νοῆται
2010 2600 2127 2677 καὶ
2181 2597 2601 2699 πιστεύηται
2626 2638 2665 2684 o

198 2734 337 2809 τοῦ
394 2722 642 2827 Λόγου
700 2724 886 2822 ναὸς,
932 2723 1095 2804 τότε
1151 2721 1240 2823 δὴ
1294 2708 1579 2806 πάντως
1633 2719 1840 2801 ἔσται
1896 2722 2013 2802 καὶ
2069 2723 2434 2825 άγιασμοῦ
2489 2724 2607 2802 καὶ

96 2893 173 2935 20
199 2851 390 2955 ζωῆς
440 2846 819 2956 πρόξενος,
866 2846 1064 2949 πλὴν
1113 2847 1198 2927 οὐ
1251 2845 1540 2930 πάντως
1593 2843 1681 2926 δι’
1723 2846 1997 2948 ἑαυτὴν,
2053 2844 2256 2926 ἀλλὰ
2309 2843 2425 2925 διὰ
2479 2845 2608 2926 τὸν

201 2971 558 3055 ἑνωθέντα
606 2972 819 3071 Θεὸν,
872 2972 951 3057 ὅς
1004 2974 1205 3052 ἐστιν
1255 2967 1456 3073 ἅγιος
1511 2968 1631 3050 καὶ
1690 2967 1857 3074 ζωή.
1938 2977 2030 3076 τῇ
2088 2974 2217 3071 τῆς
2275 2969 2609 3069 θεότητος

202 3105 592 3200 τοιγαροῦν
646 3095 959 3205 ἐνεργείᾳ
1011 3094 1095 3175 τὸ
1150 3094 1451 3192 σύμπαν
1507 3092 1907 3192 ἀποδιδοὺς,
1957 3093 2250 3196 ἀζήμιον
2307 3093 2618 3173 ἔσεσθαί

204 3230 407 3330 φησι
479 3228 629 3307 τοῖς
699 3224 949 3303 ἑαυτοῦ
1016 3225 1387 3320 μαθηταῖς,
1447 3218 1632 3299 ὅσον
1693 3218 1862 3320 ἧκεν
1926 3223 2024 3302 εἰς
2090 3215 2174 3298 τὸ
2236 3223 2610 3320 τηρεῖσθαι

206 3345 444 3448 ζητεῖν
476 3343 609 3445 τὴν
639 3343 822 3444 μετὰ
874 3343 1146 3447 σαρκὸς
1202 3344 1712 3450 ἀποφοίτησιν.
1793 3346 1853 3422 εὶ
1907 3339 2053 3444 γὰρ
2101 3344 2218 3421 καὶ
2270 3341 2599 3421 συστέλ-

99 3509 176 3569 25
207 3481 418 3549 λοιτο
449 3466 671 3574 τυχὸν
705 3474 802 3553 εἰς
834 3467 1200 3571 οὐράνους,
1242 3466 1411 3545 ἀλλ’
1450 3466 1581 3545 οὐκ
1621 3462 1932 3545 ἀπέσται
1976 3471 2123 3545 τῶν
2159 3463 2609 3566 ἀγαπώντων

205 3590 431 3673 αὐτὸν
466 3594 507 3672 ὁ
546 3591 823 3696 Σωτὴρ,
861 3590 1210 3673 συνέστω
1247 3589 1323 3671 δὲ
1357 3586 1585 3671 πάλιν
1621 3594 1711 3696 τῇ
1745 3592 1871 3689 τῆς
1906 3587 2240 3690 θεότητος
2283 3589 2603 3697 ἐξουσίᾳ.

309 3715 464 3797 ’Ἰνα
499 3718 737 3797 τοίνυν
763 3717 989 3823 ἔχοιεν
1018 3713 1127 3811 την
1155 3713 1378 3821 χαρὰν
1404 3712 1514 3809 την
1542 3713 1698 3819 ἐμῆν
1719 3711 2229 3821 πεπληρωμένην
2253 3714 2311 3794 ἐν
2335 3713 2610 3809 ἑαυτοῖς,

203 3844 434 3924 ταῦτα
486 3840 863 3943 λελάληκα
913 3841 973 3923 ἓν
1008 3838 1101 3948 τῷ
1156 3842 1393 3947 κὸσμῳ
1443 3840 1658 3946 φησί.
1738 3839 1844 3922 τίς
1880 3838 2005 3919 οὖν
2041 3838 2087 3939 ἡ
2125 3835 2610 3947 πεπληρωμένη
2638 3853 2684 3919 d

206 3968 330 4047 καὶ
383 3966 625 4045 τελεία
676 3963 913 4073 χαράς
988 3962 1072 4044 τὸ
1130 3964 1382 4044 εἰδέναι
1436 3967 1554 4044 καὶ
1607 3962 1992 4061 πιστεύειν,
2039 3963 2173 4068 οὐχ
2228 3960 2339 4041 ὅτι
2391 3960 2614 4060 μόνον

97 4140 177 4196 30
207 4090 377 4170 καθ’
416 4089 603 4190 ἡμᾶς
643 4086 736 4189 ἦν
771 4089 1145 4192 ἅνθρωπος
1180 4090 1221 4168 ὁ
1258 4088 1606 4192 Χριστὸς,
1646 4089 1818 4167 ἀλλ’
1869 4085 1982 4166 ὅτι
2027 4085 2208 4186 μετὰ
2259 4094 2389 4165 τοῦ
2439 4082 2613 4165 εἶναι

207 4214 378 4293 καθ’
434 4213 641 4314 ἡμᾶς,
674 4214 844 4319 δίχα
896 4210 1118 4314 μόνης
1174 4213 1542 4315 ἁμαρτίας,
1599 4214 1719 4291 καὶ
1756 4208 1941 4295 Θεός
1995 4213 2196 4291 ἐστιν
2240 4205 2605 4310 ἀληθινός.

206 4334 582 4440 πρόδηλον
631 4337 755 4416 οὖν
797 4337 940 4440 ἄρα
995 4340 1109 4416 καὶ
1168 4334 1558 4436 οὐδαμόθεν
1613 4337 2054 4442 ἀμφίβολον,
2094 4333 2202 4414 ὅτι
2256 4329 2610 4434 παρέσται

284 4594 335 4633 2.
373 4580 466 4633 τοῦ
492 4579 667 4648 κυρίου
692 4580 752 4634 τὸ
778 4581 988 4635 inverso
1015 4579 1199 4635 ordine
1228 4579 1292 4634 E.
1633 4596 1716 4652 25.
1752 4581 1995 4651 οὗράνους
2023 4579 2086 4635 Ε.
2111 4579 2408 4649 ἀνθρώπους
2435 4577 2538 4633 Ed.

1322 4682 1365 4743 4
1394 4681 1438 4725 x
1473 4681 1509 4728 2
