3238 5158
575 314 708 379 390
1183 315 1265 382 B.
1311 314 1732 382 CYRILLI
1790 314 2375 383 ALEXANDR.
2714 315 2857 381 xiii.
2884 327 3010 401 35.

574 478 652 557 ἐν
710 479 905 585 αὐτῷ
964 478 1110 583 γὰρ
1164 479 1509 586 συνήφθη
1564 479 1660 559 τὰ
1715 478 1977 579 πάντα,
2033 478 2125 560 τὰ
2183 480 2380 562 κάτω
2432 487 2582 565 τοῖς
2636 480 2809 575 ἅνω,
2870 480 3009 557 καὶ

576 602 664 680 δι’
703 603 922 682 αὐτοῦ
975 602 1542 705 κατηλλάγημεν
1587 610 1693 711 τῷ
1738 609 1907 712 Θεῷ
1954 607 2074 684 καὶ
2112 609 2375 708 Πατρὶ,
2411 604 2640 684 καίτοι
2685 600 3009 701 πολλὴν

574 724 651 802 ἐν
709 726 966 830 ἀρχαῖς
1028 724 1619 826 ἐπιτηδεύσαντες
1683 724 1817 827 τὴν
1868 726 2312 825 ἀπόστασιν,
2369 726 2488 807 διὰ
2544 723 2679 827 τὴν
2731 730 2833 809 εἷς
2900 724 3003 804 τὸ

239 869 375 926 ‘154
391 867 474 924 Δ.
517 882 556 922 a
579 852 871 953 φαῦλον
925 848 1366 951 ἀποδρομὴν,
1418 854 1537 931 καὶ
1591 856 1691 933 εἶς
1744 848 1874 930 δύο
1927 848 2104 931 ποτὲ
2156 851 2666 953 μεμερισμένοι
2727 847 2995 943 λαοὺς,

235 975 371 1101 {³51³}-
390 975 446 1027 fi·
578 968 679 1053 εἷς
729 1005 808 1051 τε
856 970 952 1051 τὰ
1004 972 1171 1073 ἔθνη
1227 975 1347 1053 καὶ
1399 970 1529 1053 τὸν
1572 971 1907 1075 Ἰσραὴλ,
1962 979 2062 1059 εἷς
2117 974 2245 1054 ἕνα
2298 971 2545 1054 καινὸν
2597 973 3001 1075 ἄνθρωπον
3030 997 3075 1056 5

239 1106 320 1157 lb·
342 1121 421 1169 Ῐ4·
576 1096 1083 1197 ἐκτίσθημεν’
1044 1131 1121 1176 εν
1157 1097 1378 1204 αὐτῷ·
1442 1096 1742 1177 λέλυται
1782 1095 1930 1201 γὰρ
1972 1096 2057 1177 τὸ
2093 1097 2529 1202 μεσότοιχον
2562 1105 2694 1176 τοῦ
2727 1101 2989 1202 φραγ-

576 1227 744 1318 μοῦ,
785 1222 903 1300 καὶ
940 1219 1384 1322 κατήργηται
1418 1225 1547 1320 τῆς
1594 1219 1860 1324 ἔχθρας
1906 1220 1952 1319 ἦ
2003 1220 2323 1320 δύναμις,
2357 1219 2726 1322 δόγμασιν
2760 1220 2987 1321 ahy-

576 1349 893 1444 γελικοΐς
946 1344 1616 1446 κατασιγασθέντος
1665 1351 1796 1423 τοῦ
1847 1344 2096 1443 νόμου·
2158 1351 2314 1429 πῶς
2363 1342 2456 1424 ἂν
2498 1345 2681 1446 ε’γν’
2894 1375 2997 1422 αν

576 1465 688 1546 ὅτι
748 1472 878 1567 τῆς
949 1464 1227 1571 εἰρήνης
1299 1464 1653 1569 γεγόνασι
1728 1469 2045 1567 μαθηταὶ
2117 1473 2187 1548 οἱ
2248 1466 2383 1568 τὴν
2443 1473 2540 1553 εἷς
2575 1465 2995 1617 ἀλλήλους

576 1587 862 1693 εἰρήνην
897 1591 1026 1672 οὐκ
1062 1591 1395 1695 ἔχοντες·
1377 1652 1398 1688 ,
1463 1593 1541 1671 τί
1569 1589 1716 1692 γὰρ
1751 1589 1994 1694 ἕτερον
2030 1589 2137 1691 εἴη
2171 1625 2396 1696 τυχον
2430 1593 2473 1671 ὃ
2521 1593 2650 1690 τῆς
2695 1588 2992 1691 ἀγάπης
3030 1623 3115 1665 ιο

578 1711 1157 1813 διασπασμὸς,
1120 1751 1167 1816 η
1220 1715 1551 1813 πολέμου
1605 1713 1891 1816 γένεσις
1934 1717 2055 1793 καὶ
2108 1712 2386 1817 εἰρήνης
2436 1710 2805 1816 ἀνατροπὴ
2861 1714 2991 1792 καὶ

580 1836 923 1941 διψυχίας
994 1836 1288 1938 ἀπάσης
1361 1871 1695 1942 ευρεσις·
1673 1899 1695 1935 ,
1784 1834 2037 1943 ὥσπερ
2114 1837 2262 1941 γὰρ
2343 1840 2421 1918 ἐν
2489 1839 2793 1942 ἀῤῥαγεῖ
2850 1840 2992 1936 τῆς

510 1972 555 2037 b
581 1957 869 2060 ἀγάπης
904 1962 1296 2069 συνδέσμῳ
1330 1960 1425 2042 τὰ
1458 1965 1535 2043 ἐκ
1569 1966 1700 2062 τῆς
1735 1959 2015 2074 ειρήνης
2051 1961 2222 2060 ἡμῖν
2255 1959 2501 2062 ἀγαθὰ
2534 1957 2985 2062 διασώζεται·

580 2080 710 2162 τὸν
746 2080 963 2162 αὐτὸν
999 2079 1196 2182 οἶμαι
1231 2083 1505 2186 τρόπον
1538 2087 1616 2164 ἐν
1651 2088 1742 2190 τῇ
1778 2087 1907 2183 τῆς
1941 2082 2228 2186 ἀγάπης
2266 2088 2576 2189 διακοπῇ
2617 2081 2705 2163 τὸ
2737 2086 2816 2164 ἐκ
2850 2091 2987 2162 τοῦ

579 2202 903 2304 πολέμου
957 2206 1178 2287 κακὸν
1230 2209 1757 2311 παρεισδύεται.
1853 2210 1973 2288 καὶ
2027 2208 2106 2287 τί
2149 2207 2236 2288 τὸ
2289 2211 2659 2305 ἐντεῦθενς
2742 2209 2985 2309 ὕβρεις
3021 2250 3051 2291 1
3064 2247 3102 2307 5

580 2331 699 2410 καὶ
763 2331 1190 2432 φιλονεικίαι
1251 2335 1368 2411 καὶ
1422 2330 1634 2433 ζῆλοι
1690 2333 1810 2411 καὶ
1863 2333 2076 2434 ὀργαὶ
2130 2336 2250 2412 καὶ
2303 2335 2520 2431 θυμοὶ
2573 2332 2695 2412 καὶ
2746 2334 2981 2436 ψιθυ-

578 2457 828 2555 ρισμοὶ
863 2457 981 2535 καὶ
1016 2459 1453 2535 καταλαλιαὶ
1486 2457 1606 2536 καὶ
1643 2454 1903 2561 φθόνοι
1945 2456 2067 2535 καὶ
2107 2461 2256 2534 πᾶν
2292 2452 2473 2540 εἶδος
2523 2454 2987 2562 φαυλότητος

579 2578 1072 2686 ἀναφαίνεται.

687 2702 1029 2803 Ἀπάσης
1063 2713 1441 2809 τοιγαροῦν
1478 2707 1734 2808 ἀρετῆς
1774 2707 1854 2784 ἐν
1887 2710 1992 2814 τῷ
2028 2709 2160 2805 τῆς
2194 2704 2486 2808 ἀγάπης
2521 2704 2688 2785 εἴδει
2735 2738 2814 2784 τε
2866 2706 2989 2783 καὶ

579 2823 826 2935 τρόπω
860 2828 1640 2980 συγκεφαλαιουμένης
1662 2862 1741 2909 τε
1779 2831 1896 2909 καὶ
1933 2828 2459 2931 πληρουμένης,
2497 2826 2599 2927 μὴ
2642 2827 2834 2931 με’γα
2875 2860 2988 2911 τις
3013 2865 3094 2909 20

580 2951 929 3056 φρονείτω
984 2958 1130 3030 τῶν
1181 2954 1259 3031 ἐν
1309 2953 1478 3052 ἡμῖν
1533 2953 1640 3033 ἐπ’
1693 2953 2004 3035 ἀσιτίαις
2074 2955 2194 3032 καὶ
2257 2953 2700 3059 χαμευνίαις,
2758 2952 2990 3051 ἤγουν

519 3101 556 3146 0
579 3074 690 3179 ἐφ’
747 3074 1008 3179 ἑτέροις
1061 3079 1215 3156 τισὶ
1269 3084 1415 3156 τῶν
1468 3076 1557 3183 ἐξ
1608 3075 1993 3176 ἀσκήσεως
2047 3076 2320 3171 πόνοις,
2374 3110 2436 3155 ει
2488 3074 2592 3177 μὴ
2648 3073 2987 3178 διασῶζοι

575 3203 821 3283 καλῶς
869 3198 1003 3300 τὴν
1052 3206 1148 3283 εἷς
1194 3235 1325 3280 τον
1372 3198 1778 3307 ἀδελφον’
1735 3198 2133 3302 αγάπησιν.
2210 3199 2353 3306 ἔξω
2407 3199 2553 3303 γὰρ
2608 3209 2737 3280 τοῦ
2791 3234 2977 3300 καμ-

575 3325 847 3424 πτῆρος
883 3327 1011 3423 τῆς
1049 3322 1331 3424 νύσσης
1381 3324 1693 3431 φέρεται,
1732 3323 1915 3403 κατὰ
1963 3321 2130 3407 τοῦς
2178 3330 2327 3404 τῶν
2361 3323 2671 3429 ἡνιόχων
2705 3326 2981 3423 ἀμαθε·

577 3442 897 3548 στέρους,
936 3448 1492 3539 ὑποῑπ1λανᾶται
1528 3445 1603 3528 δὲ
1639 3445 2080 3549 κυβερνήτου
2117 3448 2344 3548 δίκην,
2386 3444 2466 3531 ὃς
2508 3446 2654 3552 ἔχει
2690 3447 2825 3546 μὲν
2859 3450 2988 3547 τῆς
3013 3478 3087 3538 25

583 3564 754 3652 νεὼς
787 3565 872 3647 τὸ
908 3568 1286 3669 πηδάλιον,
1322 3569 1452 3649 τὸν
1487 3569 1720 3672 γεμὴν
1754 3569 2193 3673 προτεθέντα
2226 3574 2332 3678 τῷ
2368 3569 2655 3678 διάπλῳ
2703 3568 2988 3653 σκοπὸν

581 3691 671 3798 ἐξ
699 3692 1008 3791 ἀμαθίας
1046 3693 1130 3770 οὐ
1167 3692 1598 3773 διεσώσατο.
1678 3693 1799 3774 διὰ
1835 3702 2049 3774 τοῦτο
2085 3696 2203 3773 καὶ
2254 3695 2294 3774 ὁ
2345 3693 2735 3796 θαρσήσας
2769 3700 2989 3774 εἰπεῖν

245 3816 426 3945 {¹302
586 3825 630 3862 ‘⁶
670 3820 760 3894 Ei
824 3812 1124 3915 δοκιμὴν
1188 3813 1454 3918 ζητεῖτε
1527 3823 1658 3896 τοῦ
1728 3820 1805 3897 ἐν
1865 3819 2021 3916 ἐμοὶ
2088 3825 2494 3900 λαλοῦντος
2557 3822 2894 3920 Χριστοῦ
2917 3819 2985 3915 ;”

586 3941 774 4046 φημὶ
844 3937 921 4019 δὲ
981 3937 1071 4038 δὴ
1135 3937 1265 4019 τὸν
1327 3938 1724 4021 θεσπέσιον
1784 3942 2109 4038 Παῦλον,
2173 3941 2302 4020 οὐκ
2367 3941 2484 4020 ε’πὶ
2545 3945 2651 4047 τῷ
2713 3938 2989 4019 διώκειν

586 4064 859 4160 ἁπλῶς,
916 4063 1086 4143 ἀλλ’
1142 4065 1220 4143 ε’ν
1272 4069 1378 4171 τῷ
1437 4062 1624 4144 κατὰ
1682 4062 1966 4145 σκοπὸν
2021 4071 2236 4144 τοῦτο
2298 4067 2477 4166 δρᾶν
2528 4060 2982 4162 ἐσεμνύνετο·
3011 4095 3083 4154 3ο

584 4183 668 4267 τὸ
704 4184 868 4289 γὰρ,
906 4183 1124 4287 οἶμαι,
1160 4194 1599 4287 σωματικοῖς
1636 4190 2045 4291 ε’παυχῆσαι
2092 4184 2359 4283 πόνοις,
2396 4192 2543 4266 τῶν
2580 4193 2988 4292 κεφαλαια»-

657 4411 706 4450 1.
742 4396 909 4451 πάντα
931 4397 997 4452 τὸ
1020 4404 1296 4469 assumpta
1318 4415 1386 4452 ex
1410 4398 1476 4453 E.
1721 4410 1774 4466 5.
1811 4397 2007 4471 καινὸν]
2035 4397 2121 4452 καὶ
2143 4396 2271 4466 (sic)
2299 4395 2364 4451 Ε.
2614 4396 2671 4451 8.
2705 4416 2987 4479 καταριγη-

581 4466 762 4523 θίντος
787 4466 850 4522 Ε.
1118 4485 1173 4539 9.
1208 4468 1258 4521 οἱ
1281 4476 1624 4539 assumptum
1647 4486 1714 4524 ex
1742 4469 1804 4525 E.
2056 4483 2142 4536 25.
2179 4467 2536 4523 υποπλαναται
2560 4464 2841 4522 emendnvi
2865 4474 2987 4538 pout

585 4536 793 4609 Migne.
820 4537 1137 4594 ὑπολωᾶται
1162 4536 1287 4609 (eie)
1314 4537 1460 4594 Aub.
