3238 5158
598 349 686 411 46
1210 349 1286 413 Β.
1335 346 1757 413 CYRILLI
1816 346 2392 412 ALEXANDR.
2740 343 2871 411 viii.
2901 344 3026 414 28.

604 514 1039 615 διερωτῶσιν
1098 514 1358 596 ἐκεῖνος
1420 517 1565 591 τῶν
1624 515 1754 611 τῆς
1809 511 2177 607 εὐσεβείας
2235 506 2622 612 δογμάτων
2675 511 2715 589 ὃ
2773 506 3022 609 κατή-

605 668 821 737 γορος
875 636 1008 720 Τίς
1061 633 1222 716 εἰπέ
1264 669 1390 734 μοι
1443 632 1529 714 τὸ
1574 634 1854 741 βρέφος
1901 633 1987 714 τὸ
2037 631 2396 737 ἀρτιγενὲς
2450 639 2544 737 τῇ
2597 634 3028 740 ἀνθρωπεία

605 756 927 839 διδάσκει
980 762 1380 864 κεχρῆσθαι
1435 764 1698 864 φωνῇ,
1774 756 1894 837 διὰ
1945 758 2025 838 τί
2070 754 2174 856 μὴ
2227 763 2586 862 βρυχᾶται
2639 755 2823 837 κατὰ
2873 755 3028 837 τὸν

604 881 888 978 λέοντα,
950 883 1178 983 ἤγουν
1247 878 1488 983 ἕτερόν
1551 915 1625 961 τι
1698 886 1844 960 τῶν
1917 880 2213 981 ἀλόγων
2286 877 2486 986 ζῴων
2549 881 3034 976 ἀπομιμεῖταί

604 1038 825 1102 ποτες
896 1004 1067 1084 ἀλλ’
1108 1005 1245 1084 ἔδει
1293 1002 1525 1104 δήπου
1572 1003 1885 1102 πάντως,
1918 1005 2036 1083 καὶ
2089 1004 2198 1084 ἐπ’
2236 1006 2455 1084 ἐκεῖνο
2504 1007 2869 1106 δραμεῖται
2918 1004 3022 1083 τὸ
3051 1030 3092 1089 5

548 1155 586 1198 0
606 1126 843 1208 κοινὸν
897 1131 1012 1208 καὶ
1070 1135 1259 1209 πᾶσι
1313 1128 1875 1226 κατειθισμένον·
1944 1128 1989 1227 ἦ
2046 1125 2271 1232 φύσις
2327 1125 2769 1210 διδάσκαλος
2820 1126 3025 1229 πρὸς

604 1250 737 1349 τὴν
794 1259 922 1332 τοῦ
983 1253 1407 1355 σπείροντος
1468 1248 1788 1352 ἰδιότητα
1844 1248 1931 1331 τὸ
1994 1252 2084 1358 ἐξ
2140 1251 2359 1331 αὐτοῦ
2423 1250 3014 1331 διαπλάττουσα.

601 1371 802 1454 ἔστιν
839 1375 965 1454 οὖν
1000 1375 1141 1479 ἀρα
1177 1380 1426 1474 μαθεῖν
1460 1373 1858 1459 ἀδιδάκτως
1899 1372 2101 1478 παρὰ
2148 1377 2278 1473 τῆς
2326 1373 2641 1481 φύσεως,
2678 1372 2877 1472 ὅλης,
2913 1375 3015 1453 ἵν’

600 1498 825 1581 οὕτως
890 1497 1085 1596 εἴπω,
1144 1503 1273 1598 τῆς
1336 1507 1466 1579 τοῦ
1529 1498 1955 1600 σπείροντος
2023 1495 2372 1598 ἰδιότητος
2440 1498 2838 1596 ἐντεθείσης
2897 1504 3019 1605 τῷ

602 1619 1012 1722 γεννήματι.
1092 1624 1278 1703 οὕτω
1331 1629 1716 1725 τοιγαροῦν
1753 1625 1870 1700 καὶ
1927 1619 2140 1705 αὐτὸς
2188 1622 2229 1699 ὃ
2277 1617 2703 1721 Μονογενὴς
2750 1627 3018 1719 μαθεῖν
3049 1657 3125 1698 10

600 1742 801 1846 παρὰ
854 1755 984 1825 τοῦ
1039 1741 1332 1847 Πατρὸς
1396 1748 1514 1824 καὶ
1568 1746 1646 1824 ἐν
1700 1743 1976 1830 τούτοις
2031 1744 2557 1849 διισχυρίσατο.
2628 1742 2804 1848 ὅπερ
2864 1744 3017 1848 γάρ

601 1869 803 1946 ἐστιν
840 1868 1007 1966 ἡμῖν
1041 1869 1086 1969 ἡ
1127 1866 1370 1974 φύσις,
1405 1875 1619 1948 τοῦτο
1657 1865 1744 1966 δὴ
1780 1866 2067 1952 πάντως
2103 1869 2297 1975 αὐτῷ
2342 1869 2551 1947 νοοῖτ’
2591 1866 2684 1946 ἀν
2720 1867 3016 1952 εἰκότως

606 1991 647 2070 ὁ
699 1987 887 2074 Θεὸς
930 1994 1047 2070 καὶ
1092 1989 1374 2094 Πατὴρ,
1410 1994 1528 2071 καὶ
1580 1987 1833 2094 ὥσπερ
1884 1991 2102 2092 ἡμεῖς,
2135 1990 2422 2092 ἐπείπερ
2471 1989 2838 2092 ἄνθρωποι
2888 1994 3018 2072 καὶ

538 2125 580 2191 d
607 2112 696 2220 ἐξ
771 2112 1172 2217 ἀνθρώπων
1244 2112 1485 2214 ἐσμὲν,
1559 2111 1955 2197 ἀδιδάκτως
2031 2113 2513 2213 μανθάνοντες
2593 2112 2794 2217 παρὰ
2875 2118 3015 2212 τῆς

606 2236 894 2342 φύσεως
942 2245 1313 2337 λαλοῦμεν
1352 2239 2001 2339 ἀνθρωποπρεπῶς,
2040 2238 2227 2317 οὕτω
2280 2240 2398 2316 καὶ
2447 2235 2683 2333 αὐτὸς,
2719 2237 3013 2339 ἐπείπερ
3042 2273 3115 2335 15

604 2357 791 2444 Θεὸς
854 2363 931 2441 ἐκ
990 2366 1182 2441 Θεοῦ
1236 2358 1420 2441 κατὰ
1483 2359 1715 2467 φύσιν
1768 2363 1990 2459 ἐστὶν,
2047 2361 2307 2459 ἔμαθεν
2360 2359 2612 2463 ὥσπερ
2671 2359 2817 2440 ἀπὸ
2876 2363 3015 2460 τῆς

605 2484 786 2565 ἰδίας
858 2482 1146 2590 φύσεως
1219 2490 1493 2583 λαλεῖν,
1568 2486 1666 2566 ὡς
1739 2481 1955 2582 Θεὸς,
2031 2488 2149 2563 καὶ
2221 2483 2316 2565 τά
2396 2485 2766 2588 πρέποντα
2836 2489 3012 2593 Θεῷ

603 2605 1090 2708 διαλέγεσθαι,
1128 2605 1304 2710 ὅπερ
1361 2608 1563 2687 ἐστίν
1596 2605 1799 2709 Ἐγώ
1857 2614 1998 2706 εἰμι
2052 2606 2138 2688 τὸ
2195 2615 2353 2715 φῶς
2406 2617 2535 2689 τοῦ
2591 2605 2902 2706 κόσμου·
2962 2608 3009 2690 ὃ

603 2729 749 2832 γὰρ
804 2728 992 2810 οἶδεν
1037 2729 1290 2812 ἑαυτὸν
1335 2731 1510 2811 ὄντα
1564 2729 1683 2809 διὰ
1737 2727 1823 2810 τὸ
1877 2732 1965 2838 ἐξ
2015 2730 2234 2834 οὗπέρ
2289 2734 2447 2811 ἐστι
2495 2730 2780 2834 Πατήρ·
2843 2738 3011 2838 φῶς

604 2856 762 2933 ἐστι
797 2853 941 2958 γὰρ
978 2857 1056 2934 ἐκ
1093 2854 1356 2960 φωτός·
1422 2863 1637 2935 τοῦτο
1673 2860 1925 2954 μαθεῖν
1962 2855 2104 2959 ἔφη
2137 2854 2308 2959 παρ’
2345 2857 2586 2954 αὐτοῦ,
2624 2854 3010 2937 ἀδίδακτόν
3038 2892 3112 2933 20

602 3012 763 3058 τινα
816 2976 1138 3080 μάθησιν
1191 2986 1338 3060 τῶν
1392 2983 1810 3081 θεοπρεπῶν
1865 2977 2097 3080 ἔργων
2150 3012 2230 3058 τε
2284 2982 2400 3058 καὶ
2455 2976 2701 3081 λόγων
2741 2981 2822 3059 ἐκ
2876 2984 3009 3079 τῆς

604 3109 733 3181 τοῦ
781 3099 1266 3203 γεννήσαντος
1315 3101 1663 3201 ἰδιότητος
1714 3101 1899 3207 ἔχων
1947 3107 2062 3181 καὶ
2111 3102 2426 3207 φύσεως,
2468 3101 2719 3206 ὥσπερ
2764 3104 2999 3206 ἀναγ-

547 3254 583 3298 e
607 3225 829 3308 καίοις
881 3230 1178 3323 θεσμοῖς
1233 3231 1329 3310 εἰς
1383 3226 1911 3318 ταυτοβουλίαν
1948 3222 2079 3323 τὴν
2115 3226 2225 3332 ἐφ’
2269 3224 2504 3306 ἅπασι
2562 3230 2679 3305 καὶ
2732 3260 3002 3307 ταυτο-

606 3345 867 3447 λογίαν
902 3344 1309 3440 ἀναβαίνων
1345 3353 1447 3455 τῷ
1483 3353 1653 3455 Θεῷ
1691 3350 1806 3428 καὶ
1845 3349 2108 3451 Πατρί.
2189 3355 2345 3432 πῶς
2392 3347 2536 3453 γὰρ
2580 3350 2708 3430 οὐκ
2744 3349 2883 3430 ἔδει
2917 3349 3006 3430 τὸ

606 3469 683 3547 ἐν
742 3468 1039 3567 θελήσει
1094 3468 1376 3567 ταύτὸν,
1436 3473 1553 3550 καὶ
1617 3470 1705 3551 τὸ
1769 3471 1847 3550 ἐν
1904 3469 2153 3574 λόγοις
2219 3472 2385 3551 ἴσον
2438 3506 2518 3552 τε
2579 3476 2696 3553 καὶ
2756 3473 3007 3573 ὅμοιον
3038 3509 3114 3571 ²5

605 3592 1126 3697 ἀναμφιλόγως
1162 3591 1583 3700 ἐνυπάρχειν
1618 3600 1789 3693 τοῖς,
1827 3594 1901 3674 οἵ
1927 3628 2011 3697 γε
2049 3596 2219 3694 μίαν
2255 3595 2507 3700 ἔχουσι
2542 3595 2675 3695 τὴν
2711 3596 2943 3701 φύσιν
2971 3630 2995 3694 ;

604 3716 718 3795 ἐπὶ
758 3720 951 3796 Θεοῦ
1001 3715 1075 3796 δὲ
1122 3715 1410 3802 πάντως
1466 3719 1509 3796 ὃ
1563 3714 1808 3819 λόγος,
1846 3719 1973 3798 οὐκ
2021 3717 2134 3825 ἐφ’
2173 3721 2401 3820 ἡμῶν·
2464 3721 2649 3820 ἡμᾶς
2687 3719 2819 3820 μὲν
2856 3721 3005 3826 γὰρ

605 3840 724 3918 καὶ
776 3839 971 3938 ἠθῶν
1018 3843 1494 3944 παρατροπαὶ,
1533 3843 1651 3920 καὶ
1704 3841 2133 3941 θελημάτων
2180 3845 2537 3948 διαφοραὶ,
2574 3848 2693 3923 καὶ
2748 3851 3005 3925 παθῶν

602 3962 1012 4069 πλεονεξίαι
1057 3970 1203 4043 τῶν
1238 3972 1365 4044 τοῦ
1414 3963 1812 4067 πρέποντος
1859 3961 2285 4071 ἐξέλκουσιν
2323 3964 2536 4068 ὅρων·
2613 3967 2658 4066 ἦ
2716 3964 2792 4046 δὲ
2848 3969 3005 4048 θεία

604 4118 679 4164 τε
718 4087 836 4163 καὶ
884 4087 1345 4187 ἀπερινόητος
1392 4086 1639 4192 φύσις,
1676 4087 2023 4171 ὡσαύτως
2075 4087 2350 4192 ἔχουσα
2401 4087 2518 4168 διὰ
2564 4088 2836 4173 παντὸς
2885 4095 3002 4171 καὶ
3035 4121 3113 4179 3ο

680 4301 745 4371 ¹⁰..
768 4284 1155 4357 Legendumne
1178 4286 1377 4342 ἐκεῖνοὶ
1439 4356 1486 4411 B
1532 4304 1617 4413 gi
1645 4289 1739 4343 τὸν
1760 4305 1869 4344 om.
1892 4288 2040 4344 Aub.
2066 4288 2267 4344 habent
2291 4289 2409 4345 Ra.
2439 4289 2618 4345 Holet.
2785 4308 2839 4356 4.
2873 4290 3007 4345 ἀσο-

599 4377 827 4424 μιμειται
850 4374 898 4410 a.
925 4357 1070 4411 Aub.
1095 4358 1412 4482 ἀπομιέἃται
1853 4372 1903 4429 7.
1940 4359 2402 4442 διαπαλλάττουσα
2428 4360 2495 4416 Β.
2524 4360 2623 4415 Ht.
2647 4360 2953 4416 emendavit
2977 4379 3010 4417 ο

604 4425 724 4480 Cat.
753 4425 906 4480 Harl.
931 4426 1079 4482 Aub.
1283 4467 1296 4481 .
1333 4427 1516 4497 μαθεῖν
1538 4429 1822 4485 ἀδιδάκτως
1845 4428 1950 4485 hoc
1973 4429 2162 4485 ordlne
2188 4431 2304 4486 Ba.
2484 4449 2507 4485 1
2508 4430 2766 4557 gilor‘me‘iffi
2791 4431 3009 4503 ἐπείπερ

604 4496 721 4551 ΒΑ.
745 4495 942 4551 desunt
967 4497 1099 4554 haec
1121 4496 1285 4553 verba
1307 4498 1364 4552 in
1392 4497 1490 4553 Ht.
1515 4497 1677 4567 ἡμεῖς,
1702 4498 1977 4571 ἐπειδήπερ
2004 4519 2033 4555 0
2058 4500 2179 4556 Cat.
2208 4501 2360 4555 Harl.
2385 4506 2452 4557 ut
2475 4518 2507 4556 a
2617 4511 2698 4556 tat
2718 4502 2834 4573 ipse
2857 4502 3009 4558 Aub.

603 4584 690 4639 23.
727 4567 946 4638 θεσμοῖς
971 4568 1037 4623 Β.
1067 4567 1166 4623 Ht.
1191 4568 1407 4638 δεσμοῖς
1429 4586 1460 4623 e
1484 4567 1603 4624 Cat.
1636 4570 1792 4624 Harl.
1815 4570 1961 4627 Aub.
1986 4579 2039 4626 et
2063 4571 2139 4626 uie
2164 4577 2228 4627 ut
2250 4570 2359 4627 vid.
2385 4589 2434 4626 a.
