3238 5158
237 313 380 381 xiv.
409 336 512 386 πο.
619 317 736 383 IN
796 319 1426 403 8.,3οΑΝΝΕΜ.
1518 320 1880 389 L113.1x.
1974 322 2180 390 CAP.
2226 323 2287 389 1.
2522 324 2646 388 481

239 514 483 582 μενος,
522 491 650 564 νῦν
693 485 951 585 ἴδωμεν
982 491 1112 587 τῆς
1164 496 1295 568 τοῦ
1350 494 1812 592 Μονογενοῦς
1866 487 2469 592 ἐνανθρωπήσεως
2524 485 2654 566 τὸν

242 606 561 688 σκοπόν·
623 608 796 712 φέρε
849 610 1355 711 δοκιμάσωμεν
1391 611 1522 713 τὴν
1558 616 1813 714 αἰτίαν,
1851 616 1935 694 δι’
1977 611 2067 714 ἣν
2103 615 2179 693 ἐν
2216 617 2469 717 μορφῇ
2521 619 2651 691 τοῦ

243 735 447 812 Θεοῦ
482 735 598 813 καὶ
630 736 922 840 Πατρὸς
959 737 1301 844 ὑπάρχων
1334 743 1431 825 ὡς
1456 739 1662 838 Θεὸς,
1675 750 1717 788 “
1736 741 1870 846 οὐχ
1904 738 2290 843 ἁρπαγμὸν
2319 736 2650 840 ἡγήσατο
2742 740 2876 870 {¹¹}-
2899 739 2954 791 ἢ·

249 863 300 902 “
335 853 420 935 τὸ
470 852 647 937 εἶναι
704 859 834 940 ’ίσα
890 866 1077 970 Θεῷ,
1133 860 1304 942 ἀλλ’
1361 862 1613 945 ἑαυτὸν
1670 865 1970 944 ἐκένωσε
2025 859 2321 969 μορφὴν
2384 861 2649 942 δούλου
2677 872 2721 938 d
2777 846 2790 868 ’

162 997 223 1062 5
254 987 299 1026 “
338 978 613 1081 λαβὼν,
664 985 781 1063 καὶ
842 985 1158 1085 ὑπέμεινε
1222 986 1543 1092 σταυρὸν
1607 987 1959 1095 αἰσχύνης
2018 984 2646 1092 καταφρονήσας.”
2742 986 2877 1103 ffb·
2906 985 2993 1034 ¹³¹·

250 1103 462 1185 ἔσται
498 1105 642 1210 γὰρ
677 1109 864 1188 οὕτω
897 1114 1016 1190 καὶ
1050 1110 1264 1210 μόλις·
1300 1112 1763 1210 εὐσύνοπτον,
1801 1109 1984 1193 κατά
2018 1147 2106 1215 γε
2141 1109 2226 1190 τὸ
2262 1113 2651 1217 ἐγχωροῦν,

249 1233 402 1309 τῶν
433 1231 917 1332 προκειμένων
950 1232 1036 1315 τὸ
1071 1235 1325 1329 βάθος.
1402 1234 1837 1340 γνωσόμεθα
1889 1239 1965 1316 δὲ
2014 1242 2169 1319 πῶς
2201 1235 2334 1333 μέν
2370 1238 2573 1314 ἐστιν
2610 1234 2651 1312 ὁ

251 1352 430 1438 ’Υἱὸς
473 1356 551 1435 ἐν
590 1362 664 1437 Π
669 1359 851 1462 ατρὶ,
888 1365 1215 1466 φυσικῶς
1254 1358 1589 1459 δηλονότι
1627 1363 1743 1441 καὶ
1780 1362 1864 1441 οὐ
1901 1359 2084 1441 κατά
2121 1394 2203 1463 γε
2242 1357 2373 1456 τὴν
2410 1359 2488 1437 ἐκ
2525 1364 2653 1437 τοῦ

252 1479 681 1581 ἀγαπᾶσθαι
734 1485 851 1562 καὶ
907 1486 1202 1586 ἀγαπᾶν
1249 1487 1749 1587 ἐπινοηθεῖσαν
1796 1485 2063 1590 σχέσιν
2112 1480 2316 1586 παρὰ
2369 1489 2515 1562 τῶν
2563 1483 2650 1560 δι’

120 1631 230 1673 10
256 1604 595 1689 ἐναντίας·
653 1606 853 1706 ἡμεῖς
907 1607 984 1689 δὲ
1027 1609 1120 1688 αὖ
1167 1608 1397 1690 πάλιν
1432 1612 1509 1690 ἐν
1546 1611 1739 1718 αὐτῷ
1791 1606 1976 1690 κατὰ
2023 1607 2151 1688 τὸν
2184 1607 2351 1687 ἴσον
2383 1604 2653 1707 τρόπον

256 1731 378 1808 καὶ
431 1728 641 1814 αὐτὸς
693 1732 773 1810 ἐν
819 1732 1009 1833 ἡμῖν.
1084 1734 1342 1814 οὐκοῦν
1393 1734 1565 1835 μίαν
1617 1733 1749 1832 μὲν
1802 1732 2053 1835 ὥσπερ
2108 1735 2347 1831 ἀληθῆ
2402 1763 2480 1810 τε
2538 1731 2656 1809 καὶ

252 1851 733 1956 γενικωτάτην
786 1858 1020 1938 αἰτίαν
1073 1862 1203 1959 τῆς
1249 1856 1855 1962 ἐνανθρωπήσεως
1910 1866 2039 1938 τοῦ
2097 1862 2559 1958 Μονογενοῦς
2615 1855 2656 1932 ὁ

251 1975 495 2084 σοφὸς
540 1978 710 2079 ἡμῖν
753 1980 1229 2088 ἐξηγούμενος
1267 1987 1570 2068 Παῦλος
1617 1982 1964 2088 ἔφασκεν·
2025 1980 2366 2081 εὐδόκησε
2416 1979 2561 2084 γὰρ
2612 1979 2653 2058 ὁ
2679 2013 2715 2057 e

248 2102 444 2187 Θεὸς
506 2106 627 2184 καὶ
692 2103 953 2208 Πατὴρ
1010 2116 1055 2154 “
1084 2107 1876 2214 ἀνακεφαλαιώσασθαι
1948 2103 2042 2186 τὰ
2104 2105 2344 2187 πάντα
2408 2107 2484 2184 ἐν
2548 2110 2652 2213 τῷ
2743 2103 2875 2219 ¹3¹¹·
2898 2103 2936 2153 ἱ·

118 2254 162 2299 ¹
178 2249 226 2313 5
254 2237 299 2275 ‘⁶
337 2227 702 2336 Χριστῷ,”
742 2231 859 2310 καὶ
913 2229 1026 2311 ὅτι
1072 2229 1158 2311 τὸ
1208 2234 1337 2331 τῆς
1385 2230 2084 2338 ἀνακεφαλαιώσεως
2132 2226 2366 2328 ὄνομά·
2407 2262 2485 2309 τε
2536 2232 2653 2309 καὶ

248 2358 559 2456 πρᾶγμα
603 2357 823 2453 δηλοῖ
862 2352 946 2434 τὸ
996 2352 1428 2456 ἀνακομίσαι
1477 2353 1705 2436 πάλιν
1742 2359 1859 2435 καὶ
1910 2357 2301 2448 ἀναλαβεῖν
2338 2359 2435 2436 εἰς
2477 2353 2656 2457 ὅπερ

250 2473 344 2577 ἦν
376 2479 452 2557 ἐν
488 2480 680 2584 ἀρχῇ
723 2478 819 2557 τὰ
863 2474 1047 2584 πρὸς
1095 2479 1431 2578 ἀνόμοιον
1466 2476 1970 2560 ἐκπεπτωκότα
2006 2477 2237 2562 τέλος·
2300 2473 2453 2557 εἶτα
2487 2474 2654 2560 τοὺς

249 2605 382 2701 Τῆς
416 2604 1114 2710 ἀνακεφαλαιώσεως
1147 2603 1458 2708 τρόπους
1492 2604 1631 2684 ἀνὰ
1663 2606 1880 2708 μέρος
1912 2604 2080 2704 ἡμῖν
2115 2599 2652 2684 ἀπολευκαίνειν

253 2726 546 2824 ἐθέλων,
582 2725 757 2808 ποτὲ
808 2728 940 2826 μὲν
981 2728 1258 2833 ἔφασκε
1296 2739 1341 2777 “
1366 2728 1479 2810 Τὸ
1529 2727 1674 2833 γὰρ
1723 2729 2073 2809 ἀδύνατον
2118 2735 2245 2807 τοῦ
2296 2723 2539 2824 νόμου,
2575 2728 2651 2806 ἐν

130 2888 232 2932 20
258 2859 303 2898 “
340 2847 400 2958 ᾧ
435 2852 718 2951 ἠσθένει
754 2850 871 2933 διὰ
905 2856 1034 2952 τῆς
1070 2851 1364 2957 σαρκὸς,
1403 2857 1444 2934 ὁ
1483 2853 1671 2939 Θεὸς
1702 2852 1829 2933 τὸν
1865 2854 2117 2932 ἑαυτοῦ
2138 2849 2320 2930 Υὶὸν
2352 2847 2653 2957 πέμψας

254 2983 303 3021 “
338 2976 416 3055 ἐν
451 2974 838 3075 ὁμοιώματι
871 2976 1145 3081 σαρκὸς
1179 2978 1528 3081 ἁμαρτίας
1564 2980 1682 3057 καὶ
1715 2978 1877 3081 περὶ
1913 2976 2263 3080 ἁμαρτίας
2297 2972 2654 3079 κατέκρινε

254 3109 301 3148 “
337 3097 473 3199 τὴν
524 3099 878 3204 ἁμαρτίαν
933 3103 1010 3181 ἐν
1064 3107 1154 3208 τῇ
1217 3105 1457 3203 σαρκὶ,
1516 3102 1635 3182 ἵνα
1696 3099 1781 3181 τὸ
1842 3100 2190 3198 δικαίωμα
2245 3104 2375 3178 τοῦ
2433 3093 2653 3196 νόμου
2677 3135 2715 3176 a
2754 3123 2889 3178 820
2905 3121 2987 3180 Δ.

250 3234 299 3273 “
334 3231 691 3331 πληρωθῇ
731 3227 808 3305 ἐν
841 3225 1012 3325 ἡμῖν
1045 3232 1195 3311 τοῖς
1236 3224 1338 3325 μὴ
1377 3223 1560 3306 κατὰ
1596 3223 1838 3329 σάρκα
1873 3230 2413 3325 περιπατοῦσιν,
2449 3218 2652 3300 ἀλλά

252 3359 300 3398 “
337 3346 522 3429 κατὰ
573 3350 924 3449 πνεῦμα·”
993 3349 1171 3431 ποτὲ
1226 3349 1302 3431 δὲ
1355 3349 1584 3431 πάλιν
1629 3360 1672 3397 “
1707 3346 2003 3448 Ἐπειδὴ
2058 3345 2201 3450 γὰρ
2253 3343 2347 3426 τὰ
2399 3343 2650 3425 παιδία

128 3500 225 3563 25
251 3483 299 3522 ‘⁴
337 3472 840 3575 κεκοινώνηκεν
904 3475 1201 3576 αἵματος
1262 3478 1380 3555 καὶ
1442 3470 1739 3578 σαρκὸς,
1794 3472 1913 3555 διὰ
1975 3480 2188 3554 τοῦτο
2251 3473 2369 3551 καὶ
2440 3468 2651 3555 αὐτὸς

248 3607 301 3646 “
336 3600 870 3700 παραπλησίως
921 3597 1228 3705 μετέσχε
1280 3605 1427 3680 τῶν
1483 3601 1741 3697 αὐτῶν,
1793 3598 1910 3678 ἵνα
1973 3595 2090 3678 διὰ
2149 3604 2280 3677 τοῦ
2340 3587 2654 3675 θανᾶτου

250 3731 297 3770 “
334 3719 764 3829 καταργήσῃ
816 3720 945 3803 τὸν
997 3720 1083 3803 τὸ
1137 3722 1396 3827 κράτος
1448 3721 1707 3827 ἔχοντα
1758 3730 1887 3802 τοῦ
1942 3719 2274 3817 θανᾶτου,
2320 3718 2653 3799 τουτέστι

250 3851 299 3893 “
335 3842 463 3926 τὸν
495 3844 867 3945 διάβολον,
903 3848 1020 3928 καὶ
1070 3846 1468 3954 ἀπαλλάξῃ
1517 3846 1812 3930 τούτους
1858 3844 2023 3925 ὅσοι
2073 3842 2290 3952 φόβῳ
2338 3842 2651 3924 θανάτου

248 3969 299 4019 3‘
336 3969 454 4050 διὰ
508 3970 778 4057 παντὸς
832 3979 962 4052 τοῦ
1010 3971 1146 4075 ζῆν
1186 3971 1421 4076 ἔνοχοι
1469 3969 1664 4072 ἦσαν
1710 3968 2104 4053 δουλείας.”
2165 3970 2283 4048 καὶ
2337 3967 2464 4047 δύο
2518 3966 2651 4066 μὲν

129 4127 227 4187 30
248 4092 546 4179 τούτους
621 4095 793 4195 ἡμῖν
863 4098 994 4195 τῆς
1075 4096 1771 4200 ἀνακεφαλαιώσεως
1851 4093 2157 4198 τρόπους
2247 4092 2651 4193 ἀναγκαίως

244 4219 511 4327 ἔχοντα
564 4224 694 4320 τῆς
749 4217 1354 4325 ἐνανθρωπήσεως
1407 4227 1535 4299 τοῦ
1595 4224 2053 4320 Μονογενοῦς
2107 4213 2235 4297 τὸν
2288 4212 2544 4317 λόγον,
2606 4218 2646 4296 ὁ
2671 4233 2714 4296 b

2740 2803 2845 2837 vm.
2870 2756 2987 2851 {,4.

2739 3344 2874 3394 Heb.
2897 3345 2951 3395 ii.

2747 3425 2824 3476 14,
2845 3423 2920 3474 15.

322 4517 377 4575 5.
413 4497 806 4572 κατοφρονητήν
829 4500 896 4557 Ε.
1075 4515 1125 4573 7.
1164 4502 1258 4571 μὴ
1279 4519 1387 4557 om.
1415 4501 1482 4557 E.
1681 4516 1763 4555 10.
1801 4497 1846 4555 δ’
1874 4499 1939 4554 E.
2124 4511 2205 4569 17.
2241 4497 2561 4567 τ’·-τρόπφ
2587 4493 2653 4548 Ε.

249 4587 341 4644 25.
377 4571 591 4642 αἵματος
613 4573 699 4628 καὶ
722 4573 918 4644 σαρκὸς
941 4571 1044 4630 hoo
1068 4572 1253 4629 ordine
1279 4573 1345 4629 Ε.
1560 4589 1649 4644 31.
1686 4572 1872 4641 ἔχοντα
1898 4570 1964 4625 Ε.
1987 4570 2199 4641 ἔχοντας
2313 4607 2327 4623 .

336 4674 482 4723 τοι..
514 4675 590 4722 11.
1403 4675 1443 4741 3
1476 4674 1523 4735 Q
