3238 5158
227 345 522 431 1114—8.
595 347 706 416 IN
750 352 1114 421 S.JOAN.
1205 353 1605 425 LIB.V111.
1693 355 2285 423 FRAGMENTA.
2507 354 2639 420 303

217 510 456 620 Ἀφες
494 517 712 613 αὐτήν.
789 522 1256 624 ἀπολογεῖται
1309 520 1386 603 δὲ
1440 519 1621 626 ὑπὲρ
1670 526 1801 624 τῆς
1851 531 1981 604 τοῦ
2028 523 2259 627 μύρου
2302 520 2636 627 χρίσεως,

234 638 324 716 οὐ
377 637 496 718 διὰ
547 640 832 749 τρυφὴν
873 646 1268 747 γεγονυίας,
1303 643 1504 727 ἀλλὰ
1558 645 1682 727 διά
1724 682 1796 729 τι
1849 647 2271 751 μυστήριον,
2310 644 2490 748 ὅπερ
2543 648 2640 727 εἷς

232 760 369 840 τὸν
417 764 637 845 αὐτοῦ
685 767 978 870 γέγονεν
1022 767 1526 878 ἐνταφιαισμὸν,
1574 776 1635 852 εἰ
1691 775 1809 853 καὶ
1862 769 2108 875 ἠγνόει
2160 771 2206 872 ἢ
2258 767 2640 869 ποιήσασα

236 893 370 964 τοῦ
414 890 817 991 μυστηρίου
861 890 993 992 τὴν
1027 893 1454 992 οἶκονομίαν.
1532 894 1785 975 πολλὰ
1832 892 1979 998 γάρ
2030 928 2218 980 τινες
2270 895 2390 973 καὶ
2438 888 2640 973 εἷπον
2665 903 2710 970 d

172 1028 213 1089 5
240 1014 360 1089 καὶ
411 1011 762 1113 ἐποίησαν
797 1022 894 1100 εἷς
941 1014 1294 1116 μυστικὸν
1331 1018 1610 1120 ὁρῶντα
1654 1019 1884 1101 τύπον
1920 1021 2365 1121 ἀγνοοῦντες.
2447 1014 2642 1116 ὅμως

239 1133 283 1213 5
344 1136 612 1238 Κύριος
664 1139 942 1245 ἐλέγχει
995 1136 1224 1222 πάλιν
1272 1141 1400 1222 τὸν
1452 1142 1754 1241 Ἰούδαν,
1805 1141 1916 1223 ὅτι
1971 1143 2057 1224 οὐ
2113 1143 2200 1224 δι’
2259 1141 2643 1233 εὐλάβειαν

237 1266 470 1339 ταῦτα
545 1258 816 1366 ἐ’λεγεν,
871 1266 1042 1343 ἀλλ’
1109 1263 1221 1346 ὅτι
1285 1265 1806 1371 αἰσχροκερδὴς
1871 1265 1980 1369 ἦν,
2047 1270 2165 1347 καὶ
2236 1267 2321 1346 δι’
2388 1264 2643 1368 ὀλίγον

239 1383 488 1487 κέρδος
556 1389 945 1489 προδοῦναι
1020 1387 1280 1488 ἔμελλε
1345 1388 1472 1470 τὸν
1534 1390 2006 1472 διδάσκαλον.
2115 1392 2156 1469 5
2222 1388 2365 1492 γὰρ
2426 1389 2637 1469 ἐντα-

241 1508 572 1614 φιασμός
619 1513 736 1591 καὶ
786 1512 832 1611 ἦ
881 1520 1010 1594 τοῦ
1066 1511 1379 1594 θανάτου
1432 1513 1680 1615 μνήμη
1728 1521 1941 1595 τοῦτο
1986 1519 2256 1614 δηλοῦν
2292 1511 2641 1617 φαίνεται.

131 1664 215 1706 10
239 1633 494 1736 ἐπάγει
545 1632 622 1714 δὲ
675 1638 794 1715 καὶ
849 1635 1215 1739 λογισμὸν
1260 1639 1302 1718 5
1353 1635 1634 1740 Σωτὴρ,
1670 1637 2070 1719 ἀναπείθων
2120 1637 2306 1737 ἡμᾶς
2356 1634 2466 1716 ὅτι
2515 1638 2645 1734 τῆς

239 1761 342 1840 εἷς
390 1756 608 1838 αὐτὸν
650 1759 1016 1866 εὐσεβείας
1063 1759 1266 1842 οὐδέν
1299 1762 1460 1843 ἐστι
1507 1760 1830 1858 βέλτιον.
1911 1757 2459 1869 ἀξιολογωτάτη
2513 1756 2643 1857 μὲν

239 1879 411 1983 γὰρ,
471 1886 725 1991 φησὶν,
779 1886 825 1986 ἡ
882 1885 1367 1992 φιλοπτωχία,
1419 1885 1621 1987 πλὴν
1675 1886 1915 1967 ὀπίσω
1969 1884 2296 1991 τετάχθω
2352 1887 2480 1984 τῆς
2544 1887 2645 1967 εἶς

241 2006 441 2088 Θεὸν
481 2013 741 2094 αἰδοῦς.
814 2006 856 2090 ὃ
911 2008 988 2090 δὲ
1042 2008 1258 2112 λέγει,
1294 2009 1621 2091 τοιοῦτόν
1666 2011 1868 2091 ἐστιν
1914 2011 2015 2091 Ὁ
2069 2009 2347 2116 χρόνος,
2387 2010 2638 2114 φησὶν,
2665 2042 2701 2087 e

242 2132 286 2211 5
337 2135 468 2232 τῆς
515 2138 612 2218 εἶς
660 2131 781 2232 ἐμὲ
831 2131 1261 2235 τεταγμένος
1308 2134 1511 2214 ἕνεκα
1561 2139 1793 2235 τιμῆς,
1828 2136 2056 2238 ἤγουν
2093 2135 2134 2215 5
2183 2137 2311 2234 τῆς
2355 2134 2469 2214 ἐπὶ
2505 2133 2643 2234 γῆς

137 2269 216 2331 15
242 2260 636 2359 διατριβῆς,
702 2258 831 2337 οὐκ
900 2258 1191 2339 ἀπαιτεῖ
1251 2260 1425 2357 ἐμοῦ
1496 2266 1994 2362 προτιμᾶσθαι
2065 2255 2234 2343 τοὺς
2304 2257 2638 2357 πένητας.

238 2387 460 2460 τοῦτο
497 2379 572 2461 δὲ
608 2378 803 2462 εἶπεν
839 2386 1317 2479 οἰκονομικῶς.
1394 2384 1523 2463 οὐκ
1564 2382 1929 2490 ἀφίστησι
1976 2381 2219 2483 μέντοι
2267 2386 2645 2464 παντελῶς

240 2507 374 2604 τῆς
416 2509 516 2590 εἷς
561 2502 728 2595 τοὺς
775 2504 1108 2612 πτωχοὺς
1158 2506 1444 2611 ἀγάπης
1493 2506 1624 2588 τὸν
1660 2511 2039 2609 συμπαθῆ.
2123 2505 2242 2586 ὅτε
2279 2505 2406 2585 οὖν
2440 2505 2648 2610 χρεία

240 2631 583 2734 λατρείας
650 2626 697 2731 ἢ
774 2630 1149 2740 ὑμνῳδίας,
1214 2634 1326 2711 δεῖ
1380 2638 1742 2735 προτιμᾶν
1802 2631 2070 2715 ταύτας
2132 2633 2260 2730 τῆς
2323 2634 2419 2713 εἰς
2482 2625 2650 2712 τοὺς

236 2752 576 2860 πτωχοὺς
630 2754 938 2857 ἀγάπης·
1032 2752 1336 2837 δυνατὸν
1390 2754 1536 2861 γὰρ
1588 2756 1669 2835 εὖ
1721 2762 1951 2837 ποιεῖν
2002 2752 2186 2855 μετὰ
2242 2752 2373 2837 τὰς
2424 2787 2642 2833 πνευ-

130 2907 220 2950 20
240 2878 548 2979 ματικάς
609 2880 1074 2982 λειτουργίας.
1178 2881 1413 2987 φησὶν
1467 2880 1594 2960 οὖν
1654 2879 1765 2959 ὅτι
1828 2880 1958 2959 οὐκ
2019 2875 2473 2961 ἀδιαστάτως
2540 2877 2648 2956 ἀεὶ

242 3008 401 3087 ταῖς
459 3008 559 3088 εἶς
617 3001 740 3108 ipe?
796 3009 1030 3103 τιμαῖς
1090 3007 1201 3085 δεῖ
1251 3001 1664 3109 σχολάζειν,
1722 3004 1883 3084 οὔτε
1940 3007 2038 3086 εἲς
2095 2999 2230 3103 τὴν
2289 2997 2647 3104 ἱερατικὴν
2671 3034 2709 3076 a
2750 3022 2982 3080 697A.

243 3127 697 3230 λειτουργίαν
731 3126 970 3209 πάντα
1013 3128 1452 3225 ἀναλίσκειν,
1491 3126 1695 3207 ἀλλὰ
1742 3125 1833 3207 τᾶ
1879 3125 2134 3208 πολλὰ
2182 3127 2513 3205 δαπανᾶν
2549 3128 2648 3208 εἶς

240 3250 414 3336 τοῦς
448 3252 780 3352 πένητας.
858 3249 905 3351 ἢ
943 3253 1217 3343 οὕτως’,
1247 3247 1500 3354 ὥσπερ
1535 3250 1718 3350 μετὰ
1753 3249 1836 3333 τὸ
1886 3251 2239 3349 ἀναβῆναι
2288 3245 2471 3352 πρὸς
2519 3245 2649 3329 τὸν

248 3375 568 3479 Πατέρα,
601 3374 951 3479 ἐπιτρέπω-ει
987 3382 1134 3461 τοῖς
1169 3380 1520 3476 μαθηταῖς
1559 3374 1945 3476 νηστεύειν·
2009 3377 2195 3455 οὕτω
2232 3375 2350 3454 καὶ
2386 3376 2514 3473 τῆς
2551 3377 2649 3457 εἶς
2737 3384 2986 3465 ,fflffl‘h-

135 3526 221 3588 25
244 3498 412 3584 τοὺς
474 3498 809 3606 πτωχοὺς
869 3500 1274 3598 ἐπιμελείας
1329 3497 1491 3580 τότε
1550 3497 1805 3584 αὐτοὺς
1859 3499 2283 3602 ἀδεέστερον
2341 3499 2640 3577 ἀντιλα·
2736 3468 2807 3502 ¹¹⁸
2831 3464 2907 3516 15'

243 3625 513 3721 βέσθαι
552 3627 804 3731 φησὶν,
832 3624 1207 3726 ἀθορύβως
1242 3658 1320 3704 τε
1355 3631 1649 3722 μᾶλλον
1680 3627 1797 3704 καὶ
1834 3620 2355 3729 σχολαιότερον
2391 3655 2649 3723 κατορ-

245 3747 514 3829 θώσειν
556 3744 689 3847 τὴν
724 3748 1252 3855 φιλοπτωχίαν·
1316 3745 1491 3851 ὅπερ
1548 3751 1666 3828 καὶ
1722 3746 1999 3851 γέγονε.
2078 3744 2262 3846 μετὰ
2316 3742 2459 3849 γὰρ
2514 3742 2649 3843 τὴν

244 3871 625 3977 ἀνάληψιν
681 3880 811 3952 τοῦ
872 3875 1231 3975 Σωτῆρος,
1292 3869 1411 3951 ὅτε
1475 3871 1708 3952 οὐκέτι
1768 3869 2215 3971 ἠκολούθουν
2272 3873 2377 3976 τῷ
2443 3870 2644 3946 διδα-

242 3995 529 4104 σκάλῳ,
566 3997 735 4076 ἀλλ’
775 3993 1223 4100 ἐσχόλασαν,
1261 3991 1426 4075 τότε
1472 3993 1774 4078 ἐντόνως
1822 3994 2109 4095 ἅπαντα
2143 3990 2237 4072 τὰ
2272 3996 2649 4098 καρποφο-
2672 4004 2715 4069 b

137 4153 223 4212 30
242 4121 556 4226 ρούμενα
596 4125 694 4205 εἶς
728 4115 896 4205 τοῦς
927 4120 1239 4221 πένητας
1275 4119 1697 4220 ἀνήλισκον.

316 4360 369 4414 8.
405 4358 709 4429 προδιδόναι
732 4375 780 4414 a.
1002 4356 1084 4413 16.
1118 4360 1387 4413 παντελῶς
1409 4364 1533 4427 post
1570 4355 1587 4375 ’
1627 4353 1761 4423 όπης
1783 4351 2092 4424 transponit
2114 4369 2164 4406 a.
2368 4352 2452 4407 18.
2488 4354 2650 4406 ταῦτα

242 4432 353 4487 ak.
377 4429 565 4485 ταύτης
589 4428 753 4484 habet
776 4427 898 4485 Cat.
926 4427 1081 4484 Harl.
1344 4444 1431 4494 ²4·
1467 4424 1602 4481 οὕτω
1658 4425 1745 4479 ὅτε
1770 4441 1820 4479 a.
2068 4425 2157 4478 28.
2193 4421 2280 4476 ὅτε
2306 4431 2651 4495 assumptum

242 4543 311 4581 ex
333 4526 445 4582 mk.
474 4522 533 4597 [ὅ
545 4513 592 4542 '⁸
614 4523 691 4598 8.]
906 4541 996 4596 3ο.
1034 4523 1318 4596 ἀνήλισκον
1340 4523 1448 4579 a.k.
1473 4521 1843 4579 ἀναλίσκοντες
1868 4518 1989 4575 Cat.
2016 4519 2172 4575 Harl.
2197 4515 2303 4575 Ed.
