3238 5158
566 310 700 375 406
1186 312 1265 376 B.
1313 309 1739 376 cYRILLI
1798 311 2379 378 ALEXANDR.
2766 310 2995 390 xiv.4.

571 484 614 521 ‘⁶
651 471 1063 575 ἀπάντησιν
1115 483 1247 556 τοῦ
1305 474 1578 580 Κυρίου
1633 480 1734 561 εἷς
1786 474 1980 580 ἀέρα,
2035 479 2156 557 καὶ
2208 477 2412 558 οὔπω
2462 472 2782 557 πάντοτε
2848 471 3003 555 σὺν

571 609 616 647 “
657 599 903 707 Κυρίῳ
957 596 1336 699 ἐσόμεθα.”

511 837 549 891 4
800 840 915 907 Καὶ
965 843 1133 909 ὅπου
1185 842 1321 920 &reb
1373 842 1606 919 ὕπάΓω
1659 837 1909 926 οἴδατε,
1963 843 2071 910 καί
2123 844 2245 911 τήν
2298 842 2457 912 ὁδὸν
2511 838 2764 910 οἴδατε.

516 1024 552 1067 0
688 1012 1307 1116 Προαποδημήσω
1361 1013 1495 1114 μὲν
1548 1014 1798 1118 ἔγωγε,
1858 1016 2112 1122 φησὶν,
2170 1016 2581 1115 ἐτοιμάσων
2635 1016 2808 1115 ὑμῖν
2862 1017 3009 1113 Τἣς

573 1133 834 1217 ἀνόδου
869 1137 1096 1219 τόπον
1127 1142 1258 1238 τῆς
1291 1144 1389 1223 εἷς
1426 1138 1794 1243 οὐρανούς·
1858 1140 2029 1218 ἀλλ’
2068 1144 2129 1221 εἰ
2173 1139 2560 1237 βούλεσθε,
2599 1140 2719 1218 καὶ
2754 1138 3009 1245 φίλον
3036 1159 3083 1219 5

574 1261 741 1358 ὑμῖν
772 1260 858 1341 τὸ
895 1263 972 1342 ἐν
1006 1263 1302 1348 ἐκείναις
1338 1261 1751 1343 καταλύσαι
1797 1270 1954 1348 ταῖς
2000 1271 2272 1363 μοναῖς,
2309 1268 2428 1343 καὶ
2475 1265 2640 1366 περὶ
2687 1270 3008 1343 πολλοῦ

570 1386 970 1487 πεποίησθε
1027 1383 1112 1467 τὸ
1168 1392 1268 1472 εἷς
1321 1385 1457 1489 τὴν
1501 1386 1651 1467 ἅνω
1700 1387 2043 1489 γενέσθαι
2089 1388 2331 1487 πόλιν,
2371 1389 2492 1468 καὶ
2546 1394 2696 1472 τοῖς
2752 1387 3009 1490 ἁγίοις

571 1514 1152 1611 συναυλισθῆναι
1210 1510 1645 1611 πνεύμασιν,
1705 1507 1930 1593 οἴδατε
1984 1510 2094 1607 τῆν
2150 1508 2312 1612 aar,
2367 1510 2765 1602 τουτέστιν,
2831 1510 3001 1611 ἐμέ·

575 1632 662 1713 δι’
719 1637 894 1735 ἐμοῦ
951 1633 1096 1739 γὰρ
1152 1634 1463 1733 πάντως,
1518 1638 1635 1715 καὶ
1704 1635 1791 1714 οὐ
1852 1635 1939 1715 δι’
1999 1635 2242 1740 ἐτέρου
2305 1634 2496 1720 τινὸς
2559 1633 2694 1735 τὴν
2756 1637 3009 1721 οὕτως

577 1759 1030 1866 άξιάγαστον
1066 1760 1609 1862 ἀποκερδανεῖτε
1649 1757 1880 1865 χάριν·
1941 1760 2025 1839 οὐ
2062 1757 2205 1862 γὰρ
2242 1760 2478 1864 ἕτερος
2514 1761 2681 1860 ὑμῖν
2714 1759 3009 1866 ἀνοίξει
3042 1795 3127 1837 ιο

574 1879 740 1966 τοὺς
810 1880 1170 1985 οὐρανοὺς,
1228 1883 1389 1962 οὐδὲ
1460 1883 1693 1977 βατὸν
1766 1883 2126 1991 ἀποδείξει
2197 1881 2375 1964 ποτὲ
2446 1881 2532 1963 τὸ
2605 1889 3008 1969 παντελῶς

576 2004 874 2100 ἀστιβές
905 2039 983 2084 τε
1021 2008 1140 2084 καὶ
1185 2005 1399 2106 ἄηθες
1450 2012 1595 2090 τοῖς
1647 2006 1793 2088 ἀπὸ
1842 2011 1969 2108 τῆς
2017 2010 2157 2109 γῆς
2206 2006 2493 2112 χωρίον,
2533 2011 2592 2086 εἶ
2625 2003 2726 2104 μὴ
2762 2002 3006 2102 μόνος

240 2152 373 2211 ’166
393 2151 475 2206 Α.
514 2128 738 2232 αέγώ.
819 2132 939 2208 καὶ
981 2127 1260 2229 ἀληθὴς
1311 2131 1351 2209 5
1401 2128 1647 2233 λόγος.
1727 2129 1845 2210 διὰ
1900 2128 2043 2234 γάρ
2096 2164 2205 2210 τοι
2262 2139 2478 2210 τοῦτο
2525 2132 2643 2209 καὶ
2696 2130 2737 2207 5
2784 2163 2996 2231 προ-

577 2249 814 2357 φήτης
868 2253 1208 2354 Ἱερεμίας
1270 2255 1346 2333 ἐν
1405 2253 1796 2354 Πνεύματι,
1858 2253 2128 2354 ταύτην
2193 2254 2379 2354 ἡμᾶς
2441 2253 2576 2352 τὴν
2638 2251 2808 2332 ὁδὸν
2875 2251 3003 2333 ὅτι

237 2375 410 2493 {¹⁸12-
575 2375 906 2474 μάλιστα
959 2374 1188 2478 ζητεῖν
1221 2377 1754 2480 παρεκελεύετο,
1793 2379 2031 2480 λέγων
2066 2388 2110 2426 “
2138 2382 2369 2477 Στῆτε
2418 2379 2534 2457 ἐπὶ
2583 2383 2739 2461 ταῖς
2791 2377 2999 2462 ὁδοῖς
3034 2413 3111 2473 15

576 2510 623 2548 “
658 2504 774 2582 καὶ
838 2497 1250 2605 ἐρωτήσατε
1307 2504 1601 2606 τρίβους
1662 2501 1934 2605 Κυρίου
1994 2502 2338 2601 αἰωνίους,
2395 2504 2512 2582 καὶ
2569 2500 2753 2581 ἴδετε
2809 2503 3001 2583 ποία

579 2637 623 2673 “
658 2628 859 2707 ἐστὶν
895 2627 941 2726 ἡ
995 2623 1159 2710 ὁδὸς
1207 2626 1253 2725 ἡ
1303 2625 1567 2730 ἀγαθὴ,
1601 2629 1721 2706 καὶ
1769 2625 2093 2729 βαδίζετε
2145 2630 2221 2706 ἐν
2254 2627 2455 2730 αὐτῇ,
2495 2628 2614 2706 καὶ
2648 2624 2999 2729 εὑρήσετε

581 2760 624 2798 “
658 2749 1022 2853 ἁγνισμὸν
1072 2757 1226 2835 ταῖς
1280 2756 1556 2856 ψυχαῖς
1611 2752 1882 2851 ὑμῶν.”
1950 2753 2102 2831 ὁδοὶ
2157 2748 2289 2849 μὲν
2339 2748 2484 2853 γὰρ
2543 2750 2812 2852 Κυρίου
2868 2758 2999 2830 καὶ

578 2872 834 2977 τρίβοι,
891 2871 1075 2954 κατὰ
1131 2872 1260 2954 τὸν
1312 2872 1720 2978 προφήτην,
1778 2871 1868 2953 τὰ
1924 2872 2252 2979 σωτήρια
2311 2880 2457 2953 τῶν
2511 2873 2739 2975 ἁγίων
2791 2907 2991 2976 προ·

581 3003 834 3102 φητῶν
866 2995 1435 3101 συγγράμματα·
1502 2998 1676 3078 ἀλλ’
1719 2996 1786 3077 εἴ
1833 3032 1939 3082 τις
1991 2998 2230 3082 αὐτοῖς
2279 2996 2407 3077 τὸν
2459 3005 2630 3076 νοῦν
2677 2996 2985 3098 ἐπιοτὴ-
3024 3028 3110 3069 20

582 3155 754 3221 σειε,
789 3121 922 3221 τὴν
958 3120 1127 3213 ὁδὸν
1164 3120 1450 3224 εὑρήσει
1496 3120 1631 3222 τὴν
1671 3120 1974 3224 ἀγαθὴν,
2012 3121 2346 3202 τουτέστι
2380 3119 2736 3224 Χριστὸν,
2774 3122 2860 3200 δι’
2903 3121 2995 3201 οὗ

581 3249 695 3324 καὶ
763 3247 803 3325 5
866 3241 1137 3329 τέλειος
1198 3243 1553 3349 ἁγνισμὸς
1617 3251 1774 3330 ταῖς
1837 3245 2206 3348 ἡμετέραις
2266 3249 2543 3351 ψυχαῖς
2603 3245 2988 3348 ἐγγίνεται·

242 3379 279 3481 1².
294 3364 472 3493 {2¹³⁰ss
511 3366 555 3431 b
582 3370 1037 3469 δικαιούμεθα
1094 3368 1240 3473 γὰρ
1289 3367 1409 3449 διὰ
1457 3373 1586 3470 τῆς
1633 3370 1972 3468 πίστεως,
2019 3373 2136 3449 καὶ
2188 3370 2381 3453 θείας
2429 3367 2993 3467 ἀναδεικνύμεθα

581 3489 871 3598 φύσεως
927 3497 1248 3573 κοινωνοὶ
1304 3498 1396 3597 τῇ
1450 3492 1734 3600 μεθέξει
1787 3500 1914 3573 τοῦ
1958 3493 2218 3596 Ἀγίου
2276 3493 2721 3593 Πνεύματος.
2786 3489 2991 3572 ἀλλὰ

578 3617 696 3694 καὶ
760 3612 971 3698 αὐτὸς
1041 3616 1081 3693 5
1144 3615 1846 3721 μεγαλοφωνότατος
1919 3614 2303 3723 προφήτης
2366 3614 2690 3700 Ἡσαΐας
2763 3618 2990 3700 οὕτως
3021 3646 3105 3707 ²5

243 3753 485 3803 Euxxv.
579 3739 747 3838 ἡμῖν
810 3737 937 3818 τὸν
990 3736 1325 3842 Χριστὸν
1400 3736 1807 3843 διεκήρυττε
1878 3740 2120 3843 λέγων
2191 3752 2233 3789 “
2258 3736 2539 3819 Ἔσται
2612 3742 2759 3819 ἐκεῖ
2824 3738 2991 3822 ὁδὸς

578 3872 622 3911 “
659 3859 961 3967 καθαρὰ,
1004 3864 1122 3942 καὶ
1175 3859 1340 3946 ὁδὸς
1391 3862 1563 3965 ἁγία
1614 3861 2131 3965 κληθήσεται·”
2191 3866 2339 3943 ἐκεῖ
2387 3863 2475 3942 δέ
2520 3898 2662 3944 που
2718 3865 2985 3970 φησὶν,

577 3988 653 4066 ἐν
706 3993 853 4071 τοῖς
903 3985 1192 4091 χρόνοις
1247 3985 1586 4087 δηλονότι
1642 3991 1772 4087 τῆς
1830 3986 2013 4082 μετὰ
2072 3987 2346 4091 σαρκὸς
2403 3989 2804 4088 οἰκονομίας
2863 3996 2993 4068 τοῦ

581 4115 1070 4212 Μονογενοῦς·
1131 4109 1297 4196 ὁδὸς
1344 4109 1489 4215 γὰρ
1527 4113 1695 4212 ἡμῖν
1730 4112 1984 4216 γέγονε
2036 4110 2319 4215 καθαρὰ
2366 4116 2484 4191 καὶ
2536 4113 2737 4215 ἁγία,
2780 4111 2867 4192 δι’
2904 4111 2993 4213 ἧς

654 4339 845 4407 18-24.
884 4339 1035 4394 Haec
1059 4339 1186 4395 citat
1214 4340 1415 4396 Catena
1439 4341 1495 4395 in
1525 4339 1853 4395 Hieremiam
1880 4339 2201 4411 Prophetam
2232 4338 2378 4412 (cod.
2403 4340 2459 4395 in
2487 4339 2629 4395 Bibl.
2657 4338 2990 4395 Pau-imbue

580 4409 1056 4482 Hierosolymitani
1081 4411 1547 4482 Constantinopoli
1581 4419 1930 4466 conservatus
1961 4411 2054 4467 fol.
2083 4425 2206 4482 205,
2231 4410 2352 4465 cod.
2382 4410 2524 4466 Bibl.
2551 4409 2990 4467 Mediceo-Laur.

577 4478 724 4607 Elati
748 4499 802 4537 v.
826 4499 881 4553 9,
905 4480 999 4538 fol.
1029 4482 1148 4554 138.
1174 4482 1245 4538 cf.
1275 4481 1526 4538 Ghielerii
1553 4480 1675 4536 Cat.
1702 4480 1740 4535 i.
1763 4481 1914 4552 591).
2189 4497 2277 4553 23.
2314 4483 2406 4552 τῆς
2428 4480 2687 4538 οω.“οοά.
2714 4479 2987 4536 Medione·
