3238 5158
233 353 326 419 ix.
354 372 418 435 2,
443 375 506 442 3.
617 357 734 422 IN
794 357 863 422 S.
912 356 1425 424 JOANNEM.
1515 358 1708 424 LIB.
1742 358 1862 424 VI.
1954 357 2161 425 cAP.
2207 355 2265 422 Ῑ.
2519 357 2641 418 145

348 517 371 544 ¹
855 522 874 549 t
1409 523 1431 552 t
2035 522 2059 550 t
2216 522 2249 552 ν
2524 519 2560 548 ν

235 552 473 626 rev-rep
520 522 1122 627 διαγογγυζὸντας
1168 526 1286 605 καὶ
1337 534 1686 628 λεγοντας
1720 529 1819 607 Oi
1864 557 2166 627 πατερες
2202 527 2478 630 εφαγον
2514 554 2646 617 ομ-

236 648 468 750 φακα,
490 647 605 724 καὶ
645 651 709 726 οἰ
747 647 1031 734 ὀδόντες
1066 655 1212 728 τῶν
1241 648 1502 730 τέκνων
1528 649 2010 756 ἐγομφίασαν.
2054 659 2094 696 “
2122 649 2269 729 Καὶ
2306 644 2643 749 ἐγένετο,”
2735 646 2895 763 ἓξὲξ·

239 770 456 872 φησὶ,
490 779 534 815 “
558 767 782 873 λόγος
823 774 1094 876 Κυρίου
1129 773 1311 877 πρὸς
1347 772 1439 873 μὲ
1476 772 1715 877 λέγων
1745 773 1874 854 Υἱὲ
1911 771 2311 877 ἀνθρώπου,
2338 770 2444 854 τίς
2483 770 2648 867 ὑμῖν
2743 791 2853 840 1-4·

242 901 289 938 ‘⁶
328 891 373 991 ἡ
428 894 821 996 παραβολὴ
881 900 1061 996 αὕτη
1122 900 1198 977 ε’ν
1251 905 1354 1007 τῷ
1409 897 1741 1003 Ἰσραὴλ,
1797 897 2131 1001 λέγοντες
2187 900 2287 977 Oi
2351 893 2650 997 πατέρες

176 1028 214 1089 5
243 1025 289 1062 “
325 1015 606 1122 ἔφαγον
650 1019 971 1125 ὄμφακα,
1008 1024 1126 1101 καὶ
1175 1028 1240 1102 οἰ
1290 1020 1572 1108 ὀδόντες
1626 1029 1771 1103 τῶν
1820 1022 2085 1104 τέκνων
2135 1019 2642 1126 ε’γομφίασαν;

245 1149 290 1187 “
327 1138 427 1242 ζῶ
474 1140 639 1243 ἐγὼ,
678 1145 871 1246 λέγει
928 1145 1217 1250 Κύριος,
1258 1146 1383 1227 ἐὰν
1431 1147 1721 1249 γένηται
1778 1148 1822 1246 ἡ
1875 1142 2269 1249 παραβολὴ
2322 1144 2502 1242 αὕτη
2549 1140 2650 1220 ἔτι
2674 1153 2717 1220 b

245 1276 293 1313 “
330 1267 689 1368 λεγομένη
725 1270 801 1348 ἐν
826 1274 930 1377 τῷ
965 1270 1293 1374 Ἰσραήλ·
1335 1270 1442 1351 ὅτι
1479 1278 1715 1352 πᾶσαι
1752 1275 1825 1351 αἰ
1862 1274 2098 1376 ψυχαὶ
2136 1267 2304 1367 ε’μαί
2332 1273 2538 1364 εἰσιν,
2568 1262 2652 1345 ὃν

248 1398 291 1436 “
327 1390 675 1494 τρόπονὴ
713 1393 920 1499 ψυχὴ
957 1403 1086 1475 τοῦ
1121 1393 1395 1497 πατρὸς
1432 1398 1618 1476 οὕτω
1658 1399 1774 1475 καὶ
1805 1396 1849 1495 ἡ
1886 1393 2096 1499 ψυχὴ
2132 1400 2260 1474 τοῦ
2298 1397 2471 1486 υἰοῦ,
2493 1390 2662 1487 ε’μαί

248 1523 294 1561 “
332 1521 539 1595 εἰσιν·
599 1518 642 1617 ἦ
680 1518 887 1622 ψυχὴ
926 1520 970 1618 ἡ
1009 1518 1526 1622 ἁμαρτάνουσα
1562 1522 1743 1621 αὕτη
1781 1522 2258 1600 ἀποθανεῖται.
2317 1519 2357 1597 ὁ
2396 1514 2472 1596 δὲ
2511 1515 2657 1598 υἱὸς
2747 1539 2823 1588 lb·
2854 1551 2931 1588 ²0·

145 1666 222 1709 10
250 1648 296 1684 “
333 1639 422 1719 οὐ
459 1638 779 1746 λήψεται
815 1640 948 1741 τὴν
982 1643 1258 1723 ἀδικίαν
1293 1652 1422 1724 τοῦ
1457 1641 1754 1748 πατρὸς,
1784 1644 1943 1723 οὐδὲ
1983 1644 2024 1722 ὁ
2059 1642 2300 1747 πατὴρ
2337 1637 2656 1746 λήψεται

249 1772 296 1809 “
330 1761 468 1862 τὴν
506 1766 785 1845 ἀδικίαν
818 1775 948 1847 τοῦ
985 1772 1137 1848 υἰοῦ
1170 1769 1414 1848 αὑτοῦ·
1486 1769 1791 1853 ἕκαστος
1828 1769 1904 1847 έν
1939 1773 2029 1871 τῇ
2067 1767 2302 1873 ἀδικίᾳ
2339 1766 2578 1861 αὑτοῦ,
2609 1760 2655 1870 ᾖ
2748 1785 2993 1846 (Mb-²4·

251 1898 296 1936 ‘⁶
333 1888 673 1992 ἥμαρτεν,
709 1893 1167 1972 ἀποθανεῖται
1224 1895 1298 1973 ἒν
1346 1893 1596 1997 αὖτῇ.”
1666 1890 1837 1972 ἀλλ’
1877 1887 2072 1990 οἶμαι
2127 1897 2372 1994 ληρεῖν
2410 1889 2660 1968 οὐδένα

251 2021 611 2093 τοσοῦτον
649 2017 746 2098 ὦς
802 2016 1093 2112 νομίσαι
1149 2015 1243 2096 τὰ
1294 2016 1667 2097 κάλλιστα
1716 2016 1849 2116 μὲν
1894 2019 2020 2097 οὐκ
2073 2018 2148 2096 ἐν
2194 2019 2382 2120 ἀρχῇ
2435 2048 2651 2111 νομο-

254 2140 561 2236 θετῆσαι
618 2138 828 2237 Θεὸν,
886 2148 1601 2239 μεταβεβουλεῦσθαι
1664 2141 1749 2220 δέ
1793 2174 1950 2225 πως
2005 2144 2122 2219 καὶ
2176 2139 2660 2243 μετεσκέφθαι
2685 2174 2721 2216 ο

154 2284 227 2345 ¹5
256 2259 344 2341 τὸ
406 2260 714 2360 ἄμεινον,
758 2267 876 2343 καὶ
930 2267 1027 2348 ὡς
1082 2264 1206 2344 ἕνα
1258 2271 1404 2344 τῶν
1460 2267 1625 2345 καθ’
1679 2266 1865 2364 ἡμᾶς
1920 2261 2663 2368 ὑστεροβουλήσαντα

254 2384 478 2484 μόλις
530 2388 1047 2487 ἐπινομοθετεῖν
1103 2392 1533 2487 δεδυνῆσθαι
1587 2386 1682 2469 τὰ
1733 2388 2316 2492 πρεπωδέστερα.
2416 2393 2474 2466 εἰ
2533 2383 2665 2483 μὲν

255 2510 409 2615 γὰρ
467 2511 888 2610 ἐπαινοῦμεν
941 2514 1190 2610 ἐκεῖνα,
1242 2519 1388 2594 τῶν
1443 2513 1789 2618 δευτέρων
1844 2513 2180 2615 δηλονότι
2236 2511 2353 2593 διὰ
2407 2511 2663 2591 τούτου

259 2633 879 2739 κατηγορήσομεν,
955 2643 1014 2716 εἰ
1087 2637 1163 2717 δὲ
1235 2645 1382 2722 τοῖς
1457 2639 1805 2741 δευτέροις·
1881 2636 2500 2744 ἀποψηφιούμεθα
2582 2634 2667 2714 τὸ

261 2766 491 2858 νικᾶν,
575 2760 863 2846 πάντως
956 2761 1189 2862 δήπου
1279 2769 1426 2843 τῶν
1509 2763 1933 2862 ἡττωμένων
2021 2759 2662 2863 καταγνωσόμεθα.

158 2916 235 2959 20
260 2886 496 2990 ἑαυτῷ
533 2895 915 2989 τοιγαροῦν
953 2885 1417 2987 νομοθετήσει
1460 2887 1802 2967 τάναντία
1840 2884 2046 2981 Θεὸς,
2086 2889 2201 2965 καὶ
2239 2884 2669 2986 διημάρτηκε

262 3008 593 3110 καθάπερ
641 3010 841 3110 ἡμεῖς·
891 3018 1020 3091 τοῦ
1067 3010 1368 3108 δέοντος,
1408 3006 1581 3091 ποτὲ
1629 3009 1761 3109 μὲν
1797 3012 2048 3099 ἐκεῖνα,
2089 3007 2267 3089 ποτὲ
2320 3007 2394 3087 δὲ
2446 3016 2672 3086 ταῦτα

264 3139 758 3232 θεσμοθετῶν.
858 3135 1028 3213 ἀλλ’
1082 3130 1278 3232 οἶμαι
1331 3142 1474 3219 πᾶς
1528 3169 1638 3219 τις
1690 3137 1837 3238 ἐρεῖ
1883 3141 2039 3218 ταῖς
2092 3131 2225 3233 μὲν
2280 3130 2671 3236 εἰρημέναις
2695 3142 2740 3207 d

260 3260 595 3342 ἀτοπίαις
645 3260 796 3338 κατ’
837 3257 1088 3338 οὐδένα
1140 3257 1492 3339 δύνασθαι
1544 3257 1815 3362 τρόπον
1852 3256 1984 3359 τὴν
2022 3258 2218 3340 θείαν
2252 3260 2672 3338 ὑποκεῖσθαι

266 3382 524 3490 φύσιν,
563 3383 733 3463 ἀλλ’
777 3380 930 3462 οὐδ’
970 3379 1059 3463 ἀν
1094 3383 1628 3490 ἀφαμαρτῆσαί
1658 3418 1835 3464 ποτε
1871 3392 2001 3464 τοῦ
2038 3383 2342 3466 δέοντος.

167 3539 240 3599 25
384 3504 801 3614 Ἀπόδειξιν
837 3507 961 3586 οὖν
999 3507 1142 3611 ἄρα
1192 3510 1321 3606 τῆς
1370 3509 1814 3610 ἀσυγκρίτου
1864 3509 2278 3614 φιλοτιμίας
2325 3508 2544 3586 αὑτοῦ
2590 3503 2676 3586 τὸ

267 3630 639 3736 εἰρημένον
687 3630 1023 3736 εἰσφέρει,
1069 3630 1463 3730 τουτέστιν,
1503 3631 1887 3716 ἀποδιδοὺς
1944 3633 2294 3735 ἁμαρτίας
2347 3630 2678 3733 πατέρων

269 3759 386 3837 ἐπὶ
424 3754 636 3835 τέκνα
674 3754 805 3839 ἕως
839 3755 1078 3857 τρίτης
1117 3757 1234 3835 καὶ
1278 3754 1619 3858 τετάρτης
1667 3762 1938 3856 γενεᾶς.
2015 3755 2124 3835 ὅτι
2174 3751 2319 3858 γὰρ
2370 3756 2528 3837 ἔθος
2579 3759 2683 3860 τῷ

271 3880 774 3988 φιλανθρώπῳ
810 3884 977 3987 Θεῷ
1027 3877 1130 3979 μὴ
1180 3884 1627 3985 παραχρῆμα
1673 3877 1998 3982 κολάζειν
2035 3877 2199 3963 τοὺς
2235 3874 2672 3977 πλημμελή-

273 4037 572 4101 σαντας,
625 4000 1061 4083 ἀναδύεσθαι
1116 4001 1195 4082 δὲ
1248 4010 1540 4103 μᾶλλον
1595 4010 1714 4083 καὶ
1769 4009 1863 4087 εἰς·
1924 4002 2227 4107 χρόνους
2280 4000 2681 4082 ἀνατιθέναι

174 4155 249 4213 3ο
270 4124 588 4232 μακροὺς
638 4124 769 4212 τὰς
822 4129 1184 4230 τιμωρίας,
1238 4128 1455 4207 αὐτοῦ
1505 4126 1847 4240 λέγοντος
1897 4125 2240 4227 συνήσεις
2278 4137 2321 4173 “
2353 4129 2500 4208 Καὶ
2555 4123 2684 4206 τὸν
2705 4163 2741 4205 e
2768 4121 2915 4238 {¹⁰¹
2930 4119 3001 4172 vi.

346 4339 402 4394 3.
435 4323 570 4391 πρός·
591 4343 654 4391 με
686 4320 750 4376 Β.
773 4322 907 4392 πρὸς
929 4320 1019 4390 ε’μὸ
1046 4320 1229 4376 Holst.
1255 4319 1360 4374 Ed.
1540 4337 1592 4391 9.
1631 4319 1962 4375 ἀποθανεῖται
1986 4338 2035 4374 ει.
2059 4319 2330 4374 ἀπολεῖται
2353 4318 2684 4374 ἀποθανεῖται

275 4393 360 4462 (=·
386 4392 744 4460 ἀποθανεῖται)
773 4391 838 4446 Β.
862 4393 1132 4446 ἀπολεῖται
1160 4391 1258 4447 Ht.
1286 4389 1387 4446 Ed.
1817 4407 1900 4445 11.
1937 4390 2107 4460 ἀδικίᾳ
2137 4390 2253 4446 B.a.
2279 4392 2426 4461 κακίᾳ
2456 4389 2553 4444 Ht.
2581 4389 2684 4444 Ed.

281 4464 365 4519 16.
405 4463 788 4546 ἐπινομοθετεῖν
818 4462 1130 4532 δεδυνῆσθαι
1162 4461 1228 4518 Β.
1254 4462 1339 4517 ‘'n-2
1367 4460 1665 4532 νομοθετεῖν
1697 4458 1948 4516 δύνασθαι
1979 4461 2087 4586 gul
2126 4461 2404 4531 νομοθέτην
2436 4460 2687 4529 δυνῆσθαι

274 4534 576 4674 wlff,
599 4531 916 4603 emendans)
943 4532 1090 4589 Aub.
1282 4546 1370 4605 25.
1406 4531 1499 4588 οὖν
1521 4537 1862 4604 assumptum
1888 4550 1951 4587 ex
2032 4573 2047 4588 .
2141 4528 2470 4602 φιλοτιμίας]
2495 4551 2689 4602 ponpo-

364 4706 512 4752 VOL.
546 4706 623 4751 11.
1490 4704 1533 4749 U
