3238 5158
200 337 357 403 xvii.
392 357 615 426 1415.
684 343 799 408 IN
861 344 931 409 S.
969 340 1492 415 JOANNEM.
1580 342 1775 411 LIB.
1823 345 1946 411 ΧΙ.
2034 345 2239 411 cAP.
2270 343 2391 410 IX.
2482 343 2610 410 709

198 503 429 607 τάτην
476 508 929 612 ἀγαπώντων
979 508 1190 615 ζωήν.
1267 511 1353 590 οὐ
1397 507 1540 614 γὰρ
1587 509 1777 609 ἡδεῖς
1823 515 1972 595 τοῖς
2022 511 2102 590 ἐν
2149 509 2406 619 κόσμῳ
2462 514 2611 590 τῶν

198 629 433 731 ἁγίων
482 634 550 711 οἱ
604 631 840 736 λόγοι,
878 633 1342 739 διασύροντες
1395 635 1504 715 ἀεὶ
1557 631 1653 715 τὰ
1707 635 1785 715 ἐν
1817 637 2000 743 τῷδε
2054 629 2160 743 τ’(ξί
2211 633 2354 744 βίῳ
2389 630 2602 729 κακὰ,

195 756 317 834 καὶ
370 753 739 859 βδελυρὰν
794 758 1315 866 ἀποφαίνοντες
1374 753 1510 857 τὴν
1567 758 1646 838 ἐν
1704 755 1961 868 κόσμῳ
2024 756 2230 863 ζωὴν,
2286 788 2601 860 κατηγο-ε
2715 760 2726 770 ’

192 880 489 980 ροῦντές
533 913 612 961 τε
665 884 794 981 τῆς
843 882 1195 985 ἀμαρτίας
1241 883 1371 982 τῆς
1421 882 1499 961 ἐν
1540 882 1757 990 αὐτῷ,
1794 884 1911 963 καὶ
1956 888 2236 987 πικροῖς
2284 878 2608 986 ἐλέγχοις

126 1030 167 1092 5
196 1001 792 1110 κατατοξεύοντες
836 1003 1004 1091 τοῦς
1056 1002 1317 1110 οἷσπερ
1365 1001 1458 1085 ἀν
1491 1006 1821 1114 φαίνοιτο
1863 1004 1948 1087 τὸ
1994 1006 2275 1088 πταίειν
2308 1002 2444 1105 ἡδὺ
2491 1005 2608 1084 καὶ

195 1132 351 1210 τοῖς
422 1128 756 1232 ἐπιγείοις
823 1130 1407 1234 ε’γκαλινδεῖσθαι
1469 1136 1736 1228 κακοῖς,
1800 1131 1917 1210 καὶ
1990 1127 2414 1236 πλεονεξίας
2476 1125 2610 1228 μὲν
2637 1133 2684 1200 d

197 1247 500 1352 ἀπάσης
548 1250 1308 1358 καταστρατευόμενοι,
1359 1252 1790 1361 φιλοδοξίαν
1838 1251 1916 1334 δὲ
1964 1252 2442 1350 διαπτύοντες,
2492 1253 2612 1332 καὶ

192 1370 337 1473 τὴν
371 1375 685 1456 ἀπασῶν
713 1376 988 1482 μητέρα
1030 1384 1178 1459 τῶν
1214 1383 1455 1459 κακῶν
1489 1376 2075 1485 φιλοχρηματίαν
2107 1375 2620 1479 παραιτεῖσθαί

195 1531 277 1578 τε
331 1501 449 1578 καὶ
498 1502 596 1583 ὦς
644 1499 1088 1606 ποῤῥοπάτω
1140 1506 1505 1583 ποιεῖσθαι
1551 1497 2034 1598 διδάσκοντες,
2070 1497 2273 1579 ἀλλά
2321 1499 2441 1578 καὶ
2481 1501 2612 1597 τῆς

89 1655 169 1697 10
197 1623 505 1728 ἀρχαίας
556 1623 838 1726 ἀπάτης
891 1623 1032 1733 ἔξω
1087 1624 1440 1732 φερεσθαι
1493 1627 1640 1705 δεῖν
1691 1621 2204 1722 ἐπιτάττοντες,
2254 1623 2371 1702 καὶ
2424 1620 2610 1725 πρὸς

195 1745 329 1827 τὸν
389 1752 537 1827 τῶν
598 1746 797 1829 ὅλων
861 1749 1036 1830 ἱέναι
1095 1747 1290 1830 Θεὸν
1349 1754 1500 1833 τοῖς
1572 1746 1859 1852 ἀρκύων
1919 1746 2098 1828 εἴσω
2170 1750 2611 1843 διαβολικῶν

196 1870 670 1972 εἶλημμένοις.

316 1996 782 2097 Μεμίσηνται
829 1995 1068 2078 τοίνυν
1122 1994 1243 2077 διὰ
1292 1993 1523 2078 ταῦτά
1570 2001 1826 2104 φησιν,
1862 1991 1923 2077 ὦ
1970 1992 2245 2100 Πάτερ.
2325 1995 2410 2076 οῦ
2459 1991 2607 2099 γάρ

196 2116 323 2200 ε’πί
359 2152 514 2200 τισι
557 2125 707 2201 τῶν
758 2125 1084 2226 αἰσχρῶν
1131 2119 1360 2224 ἤγουν
1412 2122 1729 2203 ἀνοσίων
1779 2118 2376 2224 κατεγνωσμένοι,
2416 2122 2605 2201 δυσ·

88 2268 167 2330 15
198 2240 637 2349 αχθεῖττεροί
655 2277 813 2327 πως
849 2252 996 2329 τοῖς
1031 2245 1109 2324 ἐν
1143 2242 1399 2354 κόσμῳ
1434 2242 1846 2349 γεγόνασιν,
1867 2245 2039 2325 ἀλλ’
2070 2246 2354 2349 ἐπείπερ
2381 2248 2608 2331 αὐτοῖς

196 2365 308 2447 τὶν
362 2366 564 2471 παρὰ
615 2375 759 2449 σοῦ
811 2362 1077 2450 &Qum
1121 2370 1348 2473 λόγον,
1396 2371 1494 2453 ὡς
1541 2368 1661 2450 διὰ
1707 2378 1922 2450 τοῦτο
1969 2366 2233 2450 λοιπὸν
2285 2367 2428 2475 ἔξω
2487 2369 2605 2449 καὶ

192 2489 458 2576 αὐτοὺς
491 2490 826 2596 γενέσθαι
861 2500 993 2574 τοῦ
1027 2490 1327 2594 κόσμου,
1365 2489 1688 2597 καθάπερ
1724 2490 1882 2596 ἐγώ.
1964 2490 2428 2601 φρονήματος
2461 2489 2606 2597 γὰρ

194 2622 329 2695 τοῦ
366 2614 850 2723 γεωδεστέρου
885 2620 1004 2698 καὶ
1040 2614 1559 2702 καταστάσεως
1597 2619 1949 2718 κοσμικῆς
1997 2613 2372 2726 διῴκισται
2418 2649 2605 2698 παν-

192 2746 425 2824 τελῶς
457 2740 503 2841 ἦ
537 2740 614 2821 ἐν
648 2745 958 2850 Χριστῷ
992 2742 1323 2823 πολιτεία
1375 2744 1493 2821 καὶ
1546 2739 1712 2845 ζωὴ,
1748 2740 1835 2842 ἧς
1884 2742 2001 2821 καὶ
2052 2736 2352 2821 κατόπιν
2385 2738 2596 2847 ἐρχό-

80 2887 171 2930 ²0
194 2897 398 2963 μενοι
443 2861 627 2945 κατά
674 2898 760 2967 γε
805 2896 892 2945 το
941 2861 1234 2973 ἐφικτον
1265 2864 1815 2969 παρελάσαιμεν
1857 2863 1948 2946 ἂν
1984 2899 2102 2945 και
2147 2865 2346 2945 αὐτοι
2389 2898 2476 2947 το
2525 2865 2605 2944 ἐν

194 2992 346 3071 τοῖς
381 2988 458 3067 ἐν
493 2985 749 3096 κόσμῳ
785 2988 1408 3094 καταλογίζεσθαι.
1488 2987 1607 3070 διά
1641 2997 1855 3071 τοῦτο
1890 2996 2039 3074 τοῖς
2072 2988 2348 3095 ἰ’χνεσιν
2382 2988 2603 3070 αὐτοῦ
2625 3019 2662 3062 a
2706 3007 2835 3063 081
2850 3006 2934 3066 Δ.

195 3118 753 3193 κατακολουθεῖν
806 3147 849 3193 ο
905 3113 1293 3200 θεσπέσιος
1347 3114 1517 3214 ἡμῖν
1566 3113 1844 3222 διέταξε
1886 3118 2203 3198 Παῦλος·
2273 3110 2602 3221 ἑψόμεθα
2690 3081 2892 3265 {³³:012}

195 3231 276 3315 δε
337 3234 499 3316 τότε
560 3234 893 3335 μάλιστα
953 3242 1219 3356 καλῶς,
1277 3237 1397 3319 ὅτε
1451 3236 1643 3339 μόνα
1701 3243 1994 3345 φρονεῖν
2055 3238 2447 3340 ἀγαπῶμεν
2508 3233 2602 3317 τά

197 3356 669 3462 ὑπερκόσμια,
708 3363 826 3441 καὶ
867 3395 1018 3443 ανω
1060 3347 1521 3469 φρονήματος
1565 3369 1918 3467 σαρκικοῦ
1966 3394 2096 3442 τον
2130 3365 2383 3441 οἰκεῖον
2415 3357 2601 3460 στή-

78 3511 166 3573 25
195 3515 457 3567 σαντες
501 3492 689 3582 νοῦν,
727 3491 824 3569 εἷς
866 3482 1054 3585 μόνα
1094 3486 1467 3586 βλέπομεν
1500 3486 1594 3567 τὰ
1630 3487 1709 3566 ἐν
1743 3493 1889 3570 τοῖς
1924 3484 2268 3588 οὐρανοῖς.
2346 3479 2602 3564 ἑαυτὸν

193 3603 275 3686 δὲ
326 3603 555 3687 πάλιν
606 3608 1175 3711 συγκατατάττει
1229 3616 1379 3694 τοῖς
1425 3614 1778 3712 μαθηταῖς
1823 3605 1942 3689 διὰ
1997 3606 2082 3688 τὸ
2126 3605 2597 3711 ἀνθρώπινον,

193 3728 282 3811 οὗ
332 3732 450 3811 καὶ
499 3730 684 3813 κατὰ
731 3734 1039 3834 μίμησιν
1087 3732 1265 3815 ὅταν
1299 3740 1532 3816 νοοῖτο
1579 3731 1826 3841 τυχὸν,
1839 3734 1936 3819 ὧς
1986 3731 2364 3838 ἅνθρωπος
2411 3731 2597 3835 πρὸς

190 3860 345 3935 πᾶν
379 3851 563 3940 εἶδος
617 3855 862 3955 ἄνιμεν
898 3859 1174 3961 ἀρετῆς,
1223 3858 1546 3963 καθοίπερ
1594 3857 1856 3963 ἀρτίως
1902 3857 2264 3961 ἐλέγομεν,
2300 3852 2602 3937 ἅπασαν

187 3976 326 4077 μὲν
379 3977 516 4081 τὴν
566 3981 645 4061 ἐν
697 3978 957 4090 κόσμῳ
1013 3981 1413 4068 διαθέοντες
1469 3981 1850 4087 ἁμαρτίαν,
1909 3977 2290 4085 ἀλλότριοί
2345 4012 2427 4060 τε
2482 3981 2599 4059 καὶ
2623 4007 2669 4076 b

71 4126 163 4188 30
189 4102 387 4210 ξένοι
458 4109 606 4185 τῶν
674 4106 754 4185 ἐν
825 4105 1022 4214 αὐτῷ
1088 4112 1328 4188 κακῶν
1387 4104 1976 4210 ἀναδεδειγμένοι.
2078 4101 2401 4206 καθάπερ
2473 4101 2602 4181 οὖν

186 4223 443 4328 ἀμέλει
498 4231 617 4309 καὶ
661 4229 704 4309 ὁ
740 4234 926 4316 θεῖος
976 4228 1147 4330 ἡμῖν
1193 4231 1611 4312 ἐπιστέλλει
1649 4234 1953 4315 Παῦλος
2001 4226 2173 4332 περί
2217 4259 2294 4306 τε
2344 4226 2600 4320 ἑαυτοῦ

192 4529 297 4661 ²7?
303 4515 670 4645 ὦιιῖὧξοξὲαν
693 4516 760 4575 Ε.
785 4516 1097 4592 φιλοδοξίας
1124 4517 1227 4576 Ed.
1768 4519 1822 4578 8.
1861 4515 2052 4592 κακῶν]
2078 4515 2155 4577 ἵσ.
2182 4520 2367 4576 κακιῶν
2391 4515 2600 4592 Migue.
