3238 5158
591 339 725 405 840
1202 337 1281 405 Β.
1329 334 1753 412 CYRILLI
1812 333 2396 400 ALEXANDR.
2619 355 2734 399 ιιι
2754 351 2865 420 49,
2891 345 3006 418 50.

593 508 884 604 πολλῆς
959 504 1196 586 τοίνυν
1268 506 1387 584 καὶ
1461 505 1806 606 ἀκριβοῦς
1867 502 2297 601 οἰκονομίας
2343 501 2384 580 5
2454 500 2722 604 Κύριος
2792 499 3006 599 ἡμῶν

593 628 883 730 Ἰησοῦς
914 632 1045 727 τῆς
1093 626 1398 728 ἐνούσης
1448 628 1688 711 αὐτοῖς
1737 626 2071 710 ὑπονοίας
2119 622 2467 722 μεθιστὰς
2514 621 2679 708 τοὺς
2710 626 3008 726 ,ἀκροω-

592 750 864 850 μένους,
900 754 997 836 ὡς
1034 751 1180 833 ἀπὸ
1215 755 1451 857 ψιλοῦ
1487 753 1605 830 καὶ
1654 750 1878 850 μόνου
1925 757 2055 829 τοῦ
2104 748 2555 852 ἀνθρωπίνου
2600 747 3008 851 προσώπου

591 874 1039 980 μετακομίζει
1088 874 1216 957 τὸν
1261 873 1488 977 λόγον
1523 876 1640 955 ἐπὶ
1688 871 1818 955 τὸν
1855 871 2380 979 ἀναντιῤῥήτως
2430 907 2506 953 τε
2558 874 2674 952 καὶ
2724 873 2995 973 ὁμολο-

591 1000 957 1102 γουμένως
1010 999 1662 1103 προσκυνούμενον,
1703 1001 1891 1104 φημὶ
1947 996 2036 1099 δὴ
2091 996 2220 1078 τὸν
2256 995 2450 1078 Θεὸν
2500 999 2617 1078 καὶ
2668 996 2997 1100 Πατέρα,
3033 1011 3078 1074 5

596 1121 713 1203 διὰ
771 1122 1044 1211 παντὸς
1107 1127 1365 1229 χρῆναι
1426 1121 1699 1227 τρόπου
1761 1119 1896 1223 τὴν
1952 1123 2381 1203 ἀπαίδευτον
2436 1129 2584 1202 τῶν
2638 1123 3005 1202 Ἰουδαίων

595 1249 893 1351 καρδίαν
942 1251 1385 1330 ἐκδυσονπεῖν
1433 1245 1773 1348 οἰόμενος,
1822 1249 1940 1327 καὶ
1995 1246 2603 1353 μεταχειρίζεσθαι
2657 1247 3006 1329 ποικίλως

433 1410 462 1476 ·,
529 1387 575 1452 d
597 1370 764 1456 τοὺς
798 1372 1189 1457 ἀσυνέτους
1224 1373 1601 1477 ἐπιχειρῶν
1636 1376 1735 1456 εἰς
1770 1368 1855 1452 τὸ
1891 1370 2298 1468 βούλεσθαι
2335 1375 2584 1471 μαθεῖν
2620 1370 2713 1451 τὰ
2761 1369 3003 1469 ἀληθῆ

597 1498 717 1578 καὶ
769 1498 1351 1601 πρεπωδέστερα.
1450 1496 1797 1581 τοιούτοις
1849 1493 1982 1596 μὲν
2034 1497 2162 1576 οὖν
2213 1494 2691 1601 ἀποχρήσαιτ’
2750 1494 2840 1574 ἅν
2892 1528 3005 1577 τις

599 1618 850 1724 λόγοις
892 1655 969 1702 τε
1021 1624 1138 1702 καὶ
1190 1618 1629 1726 θεωρήμασι,
1666 1618 1796 1704 τὰς
1833 1625 1981 1700 τῶν
2017 1619 2333 1701 ἀνοσίων
2368 1624 2736 1724 αἰρετικῶν
2772 1625 2999 1725 φιλο·
3040 1643 3131 1684 10

597 1745 873 1851 ψογίας
924 1742 1474 1848 διακρουόμενος
1518 1741 1881 1843 οἰομένων,
1919 1742 2031 1824 ὅτι
2064 1750 2266 1843 μεῖον
2297 1743 2440 1851 ἕξει
2478 1742 2663 1824 κατά
2708 1778 2778 1823 τι
2823 1750 3008 1844 γοῦν

599 1869 642 1948 5
678 1865 878 1968 Υἱὸς,
917 1872 1015 1953 ὦς
1050 1867 1233 1972 πρὸς
1270 1867 1400 1949 τὸν
1434 1869 1689 1949 ἑαυτοῦ
1724 1864 2142 1972 γεννήτορα,
2181 1865 2298 1948 διὰ
2350 1865 2435 1949 τὸ
2485 1867 2712 1975 φάναι
2748 1875 3008 1949 λαλεῖν

598 1989 733 2091 μὲν
790 1993 918 2098 ἀφ’
973 1994 1227 2073 ἑαυτοῦ
1288 1991 1531 2094 μηδὲν,
1589 1990 1931 2073 δεδόσθω
1993 1991 2226 2095 γεμὴν
2281 1989 2558 2090 ἐντολῆν,
2618 1999 2873 2072 λαλεῖν
2924 2025 3008 2073 τε

601 2117 791 2195 οὕτω
828 2114 1158 2221 καθάπερ
1194 2115 1639 2219 ἠκροάσατο.

720 2242 865 2320 Καὶ
902 2241 1235 2344 ἀρκέσειν
1271 2239 1404 2339 μὲν
1441 2237 1638 2341 οἶμαι
1676 2243 1795 2321 καὶ
1831 2250 2079 2339 ταῦτα,
2103 2238 2304 2340 πλὴν
2339 2244 2475 2344 ἐρῶ
2511 2276 2581 2321 τι
2614 2243 2733 2321 καὶ
2768 2240 3008 2343 ἕτερον
3046 2268 3128 2331 15

600 2366 731 2461 τῆς
794 2364 1078 2446 ἐκείνων
1138 2365 1726 2469 ἀθυρογλωττίας
1790 2362 1923 2466 τὴν
1979 2366 2189 2469 ὕβριν
2248 2366 2732 2471 ἀπογυμνοῦν.
2835 2363 3011 2472 φέρε

543 2524 582 2571 e
603 2484 767 2591 γὰρ,
796 2492 858 2567 εἰ
894 2492 1103 2589 δοκεῖ,
1140 2486 1385 2595 βραχὺ
1421 2490 2010 2594 περιστείλαντες
2044 2493 2173 2589 τῆς
2205 2487 2386 2590 μετὰ
2420 2486 2696 2592 σαρκὸς
2730 2493 3007 2569 οἰκονο-

602 2612 772 2712 μίας
807 2613 885 2693 ἕν
919 2647 1006 2716 γε
1042 2619 1148 2721 τῷ
1189 2613 1496 2725 παρόντι
1545 2613 1678 2695 τὸν
1714 2611 1964 2718 λόγον,
2000 2615 2108 2696 ἐπ’
2151 2615 2371 2694 αὐτοῦ
2419 2613 2845 2715 δεικνύωμεν
2878 2621 3011 2694 τοῦ

607 2741 1071 2840 Μονογενοῦς
1122 2739 1356 2842 ὀρθῶς
1403 2772 1481 2817 τε
1536 2739 1657 2819 καὶ
1712 2744 1957 2823 καλῶς
2006 2739 2371 2841 εἰρημένον
2419 2738 2504 2819 τό
2533 2736 2702 2820 Ὀτι
2752 2736 2889 2840 ἐγω
2937 2736 3011 2845 ἐξ
3160 2843 3177 2850 ἢ

605 2860 897 2965 ‘'poam-03
932 2866 1000 2942 οὐ
1035 2861 1267 2960 λάλω,
1305 2867 1474 2941 ἀλλ’
1517 2870 1546 2942 o‘
1586 2854 1909 2971 πεμψας
1941 2898 2036 2968 με
2075 2859 2305 2970 Πατηρ
2341 2864 2544 2949 αὖτίς
2586 2898 2705 2969 μοι
2755 2858 3010 2954 ἐντολην
3040 2894 3129 2939 20

606 2980 851 3069 omme
886 2988 959 3066 τί
1000 2987 1169 3068 εἴπω
1224 2993 1344 3067 καὶ
1396 2987 1468 3067 τί
1511 2988 1829 3081 λαλήσω.
1909 2984 2122 3071 αὐτὸς
2172 2983 2316 3091 γὰρ
2366 2983 2466 3067 ὧν
2502 2987 2544 3066 5
2589 2985 2728 3091 ζῶν
2761 3019 2840 3066 τε
2891 2988 3011 3066 καὶ

601 3109 1092 3231 ἐνυπόστατος
1127 3110 1375 3214 Λόγος
1423 3119 1553 3225 τοῦ
1604 3116 1799 3229 Θεοῦ
1850 3115 1969 3193 καὶ
2011 3112 2326 3218 Πατρὸς,
2362 3116 2767 3217 ἀναγκαίως
2814 3117 3005 3217 διερ·

604 3236 888 3336 μηνεύει
941 3233 1036 3316 τὰ
1085 3236 1162 3315 ἐν
1206 3237 1424 3344 αὐτῷ,
1460 3239 1578 3341 καὶ
1628 3235 1714 3317 τὸ
1770 3240 1868 3322 ὡς
1921 3239 2000 3317 ἐν
2046 3238 2343 3339 θελήσει
2397 3243 2654 3320 δοκοῦν
2696 3243 2802 3346 τῷ
2855 3239 3010 3347 ἰδίῳ

270 3385 395 3447 ’118
413 3385 497 3441 A.
547 3398 583 3439 a
606 3358 982 3463 γεννήτορι
1038 3358 1320 3466 ἐξάγων
1371 3365 1468 3445 εἰς
1533 3367 1716 3469 φῶς,
1772 3354 1877 3448 ὦς’
1931 3364 2229 3462 ἐντολῆς
2292 3363 2590 3464 δύναμιν
2642 3361 3012 3469 εἰληφέναι

609 3481 868 3589 φησίν·
955 3481 1094 3562 ἴδοι
1169 3481 1238 3564 δ’
1307 3484 1398 3565 ἄν
1457 3519 1566 3569 τις
1631 3488 1749 3566 καὶ
1822 3487 1936 3593 ἐφ’
2001 3487 2205 3587 ἡμῶν
2280 3489 2516 3568 αὐτῶν
2587 3484 2854 3587 ἀληθὲς
2924 3485 3010 3567 τὸ
3041 3525 3127 3588 25

606 3612 932 3710 πρᾶγμα,
971 3608 1090 3687 καὶ
1143 3608 1279 3713 οὐχ
1327 3607 1580 3712 ἑτέρως
1632 3609 1824 3715 ἕχον.
1906 3609 2128 3714 λόγος
2178 3609 2323 3715 γὰρ
2378 3613 2419 3692 5
2471 3610 2933 3720 προφορικὸς,
2970 3614 3012 3692 5

608 3732 686 3812 ἐν
721 3730 1064 3814 συνθέσει
1099 3729 1371 3839 λέξεων
1407 3734 1526 3812 καὶ
1559 3732 1925 3838 ῥημάτων,
1962 3732 2080 3814 διά
2111 3769 2191 3816 τε
2225 3740 2473 3845 φωνῆς
2505 3741 2632 3837 τῆς
2666 3735 3013 3841 ἐνάρθρου

608 3855 793 3960 πρὸς
823 3854 908 3937 τὸ
947 3856 1088 3964 ἔξω
1126 3857 1750 3958 διακτυπούμενος,
1787 3858 2306 3961 ἐντελλομένης
2340 3858 2594 3965 ὥσπερ
2640 3863 2835 3969 αὐτῷ
2883 3865 3015 3963 τῆς

609 3980 951 4085 ἡμετέρας
1014 3983 1349 4081 διανοίας,
1412 3980 1842 4065 ἐκκαλυπτει
1906 3981 2001 4065 τὰ
2058 3986 2136 4064 ἐν
2199 3985 2403 4092 αὐτῇ,
2459 3989 2578 4066 καὶ
2647 3991 2708 4067 εἰ
2768 3985 2871 4086 μὴ
2934 3986 3013 4066 ἐν

610 4102 849 4212 χρόνῳ
902 4112 1155 4213 μακρῷ
1213 4105 1296 4186 τὸ
1352 4112 1660 4209 πρᾶγμα
1709 4108 2005 4209 γίνεται·
2091 4106 2243 4209 ἅμα
2295 4106 2439 4214 γάρ
2487 4143 2560 4189 τι
2605 4112 2916 4209 συνῆκεν
2970 4110 3012 4189 5
3040 4140 3129 4201 30

612 4236 799 4325 νοῦς,
837 4231 954 4308 καὶ
990 4230 1342 4332 παρέθετο
1389 4236 1479 4337 τῇ
1531 4237 1768 4339 φωνῇ·
1830 4232 1875 4332 ἦ
1926 4228 2004 4314 δὲ
2049 4231 2234 4337 πρὸς
2281 4232 2367 4314 τὸ
2417 4232 2559 4341 ἔξω
2610 4231 3016 4337 βαδίζουσα

611 4350 705 4431 τά
751 4354 828 4431 ἐν
876 4359 980 4460 τῷ
1026 4353 1258 4450 βάθει,
1304 4353 1397 4435 τὰ
1451 4357 1527 4434 ἐν
1571 4361 1677 4463 τῷ
1732 4356 1841 4438 νοῒ
1894 4355 2326 4460 διερμηνεύει
2380 4354 3015 4462 παραλλάττουσα

680 4524 733 4578 5.
771 4510 835 4580 δὴ
862 4509 927 4567 Ε.
950 4511 1008 4565 δέ
1034 4511 1137 4568 Ed.
1342 4531 1424 4569 10.
1460 4514 1555 4584 μὲν
1577 4532 1676 4603 pro
1699 4537 1757 4570 τε
1783 4516 1849 4572 Ε.
1954 4517 2307 4590 φιλοψογίαις
2331 4516 2397 4574 Ε.
2597 4536 2679 4586 14.
2716 4515 3017 4589 ἠκροάσατο

613 4581 679 4637 Ε.
704 4579 924 4654 ἦκροᾶτο
949 4581 1052 4638 Ed.
1268 4601 1358 4656 32.
1394 4583 1739 4656 διερμηνεῦειν
1764 4586 1970 4660 Migne.
