3238 5158
601 349 727 411 108
1204 348 1283 412 B.
1332 347 1750 413 CYRILLI
1808 347 2391 414 ALEXANDR.
2735 344 2870 410 viii.
2891 344 3005 425 48.

599 513 1092 611 δαιμονιῶντα,
1140 514 1353 617 φασὶ,
1399 510 1527 592 τὸν
1576 514 1654 592 ἐκ
1704 517 1898 592 Θεοῦ
1952 511 2329 618 πεφηνότα
2384 516 2716 611 τολμῶσι
2769 507 3017 611 λέγειν

602 633 815 733 Θεὸν,
889 636 1089 715 αὐτοὶ
1163 641 1455 735 μᾶλλον
1527 637 1603 715 ἐν
1675 637 1949 720 ἑαυτοῖς
2032 633 2118 715 τὸ
2202 669 2464 739 πικρον
2535 632 2818 738 ἔχοντες
2891 633 3018 711 καὶ

269 765 423 893 30⁰¹·-
409 763 516 815 .xii.
605 757 959 864 θεομάχον
1013 757 1401 858 δαιμόνιον·
1464 759 1690 843 οὐδεὶς
1744 757 1890 864 γὰρ
1950 758 2147 861 λε’γει
2191 756 2564 858 Ἀνοίθεμα
2604 758 2895 858 Ἰησοῦς
2948 760 3016 834 εἰ

538 906 581 971 (1
602 881 704 984 μὴ
758 884 832 962 ἐν
870 881 1339 986 Βεελζεβοῦλ,
1376 881 1563 962 κατὰ
1609 879 1743 983 τὴν
1795 890 1926 963 τοῦ
1978 881 2284 963 Παύλου
2333 880 2609 988 φωνήν.
2689 887 3018 988 ψεῦσται

602 1003 733 1104 μὲν
791 1006 917 1086 οὖν
979 1009 1095 1085 καὶ
1152 1007 1493 1110 ὑβρισταὶ
1549 1010 1666 1085 καὶ
1732 1007 2051 1109 λοίδοροι
2114 1009 2234 1086 καὶ
2299 1003 2417 1084 διὰ
2480 1004 2756 1085 τούτων
2811 1003 3016 1088 ὄντες
3041 1034 3080 1094 5

602 1128 1041 1227 ἁλώσονται,
1078 1132 1197 1209 καὶ
1249 1134 1629 1235 θεομαχεῖν
1666 1129 2074 1229 εἰθισμένοι,
2113 1127 2247 1229 τὴν
2283 1126 2712 1232 πρέπουσαν
2745 1127 3010 1207 ἀποτί-

603 1286 827 1333 σουσι
864 1254 1067 1353 δίκην
1103 1258 1207 1360 τῷ
1241 1251 1481 1334 πάντα
1519 1251 1850 1358 ἰσχύοντι
1887 1258 2119 1357 κριτῇ.

717 1376 1078 1478 Ζητητέον
1145 1376 1222 1457 δὲ
1287 1374 1520 1456 πάλιν
1582 1379 1718 1456 κάν
1776 1376 2008 1484 τούτῳ
2068 1374 2202 1477 τὴν
2264 1376 2524 1473 αἰτίαν,
2588 1374 2676 1454 δι’
2740 1372 2831 1473 ἣν
2893 1375 3017 1454 καὶ

599 1502 1032 1610 Σαμαρείτην
1067 1496 1251 1581 εἶναι’
1292 1505 1484 1606 φασι
1538 1502 1656 1580 καὶ
1697 1496 2156 1608 ὃαιμονιῶντα
2191 1499 2320 1580 τὸν
2361 1495 2654 1602 Κύριον.
2736 1493 2823 1577 τὸ
2865 1496 3017 1601 γὰρ

596 1624 994 1729 προθέντας
1049 1629 1273 1704 εἰπεῖν
1309 1629 1418 1704 Οὐ
1477 1622 1720 1709 καλῶς
1775 1628 1964 1731 ἡμεῖς
2020 1622 2327 1729 λέγομεν,
2375 1623 2801 1728 ὑπεμφαίνει
2854 1655 3015 1705 πως
3045 1656 3121 1700 ιο

599 1752 698 1834 ὡς
745 1751 852 1829 ἐπ’
892 1748 1143 1832 αἰτίαις
1196 1749 1350 1828 τισὶ
1409 1750 1525 1826 καὶ
1581 1750 1678 1831 ὡς
1731 1750 2165 1858 Σαμαρείτην
2212 1746 2661 1851 διασύρουσι,
2698 1747 2815 1825 καὶ
2866 1742 3016 1844 μὴν

601 1875 719 1952 καὶ
792 1868 876 1951 τὸ
948 1872 1215 1974 ἕτερον,
1283 1869 1463 1975 ὅπερ
1528 1876 1657 1971 τῆς
1719 1873 2003 1952 ἐκείνων
2068 1870 2229 1951 ἔστι
2292 1874 2665 1971 τολμῆσαι
2731 1872 3007 1978 φωνῆς.

546 2029 582 2074 e
606 1995 857 2075 οὐκοῦν
895 1994 1347 2097 Σαμαρείτην
1399 1991 1583 2075 εἶναί
1633 2001 1871 2100 φασιν
1924 1998 2021 2080 ὡς
2074 1998 2612 2101 ἀδιαφοροῦντα
2665 1995 2828 2097 περὶ
2880 1990 3015 2076 τὰς

604 2116 897 2218 νομικὰς
961 2117 1281 2217 ἐντολὰς,
1348 2121 1467 2199 καὶ
1530 2116 1668 2218 τὴν
1723 2127 1854 2198 τοῦ
1913 2117 2302 2214 σαββάτου
2365 2117 2588 2199 λύσιν
2647 2120 2723 2197 ἐν
2781 2117 3014 2196 οὐδενὶ

604 2240 1083 2344 λογιζόμενον.
1160 2243 1243 2322 οὐ
1293 2240 1435 2345 γὰρ
1486 2240 1790 2345 ἀκριβὴς
1838 2240 2039 2346 παρὰ
2089 2250 2238 2325 τοῖς
2285 2242 2759 2345 Σαμαρείταις
2806 2242 3014 2320 ἐστὶν
3044 2271 3117 2331 ¹5

601 2364 1076 2465 ’Ῑουδαῖσμὸς,
1110 2365 1442 2465 μέμικται
1492 2367 1588 2445 δέ
1619 2400 1776 2451 πως
1813 2367 2011 2448 ἔθεσι
2044 2373 2196 2450 τοῖς
2230 2367 2527 2450 ὀθνείοις
2564 2367 2682 2445 καὶ
2717 2365 3001 2465 Ἑλλη-

603 2495 822 2573 νικοῖς
873 2489 920 2589 ἡ
976 2487 1258 2568 ἐκείνων
1306 2490 1627 2593 λατρεία.
1692 2488 1739 2592 ἢ
1796 2492 1960 2570 καθ’
2002 2490 2241 2595 ἕτερον
2286 2489 2512 2592 λόγον
2556 2488 3013 2591 Σαμαρείτην

603 2611 946 2714 λέγουσιν
993 2610 1211 2693 αὐτὸν
1263 2609 1460 2711 εἶναι,
1517 2613 1804 2718 ἐπείπερ
1861 2615 2334 2718 Σαμαρείταις
2386 2611 2478 2713 ἦν
2526 2612 2682 2696 ἔθος
2736 2612 3012 2698 ἑαυτοῖς

601 2735 733 2837 μὲν
779 2736 909 2837 τὴν
958 2735 1413 2841 καθαρότητα
1467 2744 1850 2842 μαρτυρεῖν
1895 2772 1974 2818 τε
2029 2740 2148 2818 καὶ
2201 2734 2742 2843 ἐπιψεύδεσθαι,
2788 2770 3012 2817 κατα-

270 2887 405 2942 569
425 2884 503 2941 A.
546 2897 582 2938 a
603 2861 863 2964 κρίνειν
898 2859 976 2941 δὲ
1022 2860 1187 2946 τοὺς
1236 2861 1516 2964 ἑτέρους
1565 2864 1663 2945 ὡς
1712 2861 2325 2963 μεμολυσμένους.
2403 2857 2521 2940 διὰ
2556 2859 2825 2961 ταύτην
2859 2858 3011 2965 γὰρ
3040 2897 3122 2938 20

270 2995 435 3061 snpra
451 2995 515 3045 iv.
604 2981 799 3087 οἶμαι
855 2984 992 3085 τὴν
1043 2982 1424 3090 πρόφασιν
1478 2993 1525 3031 “
1552 2986 1671 3064 Οὐ
1732 2991 2199 3091 συγχρῶνται
2252 2985 2585 3065 Ἰουδαῖοι
2640 2984 3003 3086 Σαμαρεί-

268 3076 317 3127 9·
605 3117 649 3157 “
683 3110 907 3207 ταις,”
976 3107 1159 3190 κατὰ
1232 3108 1316 3190 τὸ
1390 3108 1917 3212 γεγραμμένον,
1993 3116 2507 3211 παραιτοῦνται
2580 3104 2656 3188 δὲ
2730 3110 2848 3188 καὶ
2920 3106 3011 3190 τὸ

603 3232 867 3334 ἑτέροις
920 3234 1114 3312 τισὶν
1168 3232 1711 3336 ἐπιμίσγεσθαι,
1755 3228 2468 3332 καταμυσαττόμενοι
2522 3227 2793 3334 τρόπον
2847 3229 3011 3312 τινὰ

605 3352 731 3433 τὸν
793 3357 1113 3435 ἐντεῦθεν
1174 3353 1582 3456 μολυσμὸν,
1652 3356 1939 3457 ἐπείπερ
2010 3355 2250 3439 αὐτοῖς
2318 3353 2404 3435 τὸ
2475 3355 2700 3437 οὕτως
2760 3361 3010 3457 ληρεῖν

604 3478 835 3579 ὀρθῶς
874 3476 1062 3581 ἔχειν
1098 3480 1309 3558 δοκεῖ.
1399 3479 1883 3584 καταδικάζων
1919 3476 1996 3559 δὲ
2029 3482 2157 3578 τῆς
2191 3479 2557 3559 Ἰουδαίων
2591 3479 3008 3579 κακοηθείας
3040 3517 3118 3579 25

606 3601 647 3679 ὁ
703 3600 990 3705 Κύριος,
1045 3599 1234 3683 υἱοὺς
1287 3596 1421 3698 μὲν
1477 3599 1733 3686 αὐτοὺς
1788 3600 2129 3683 ἀπεκάλει
2183 3609 2313 3682 τοῦ
2366 3598 2735 3701 διαβόλου,
2780 3603 3011 3710 ἐαυτῷ

606 3724 838 3827 γεμὴν
874 3724 958 3806 τὸ
994 3730 1371 3808 παντελῶς
1405 3724 1820 3807 ἆνυπαίτιον
1854 3732 1949 3810 εἰς
1984 3727 2355 3830 ἁμαρτίαν,
2393 3728 2511 3806 καὶ
2554 3724 3009 3828 καθαρότητα

270 3856 482 3984 {2526
609 3847 743 3947 τὴν
778 3853 876 3931 εἰς
924 3848 1146 3954 ἄκρον
1183 3850 1647 3953 ἐπιμαρτυρεῖ
1690 3848 1931 3952 λέγων
1970 3860 2013 3899 “
2040 3852 2173 3935 Τίς
2221 3850 2312 3957 ἐξ
2355 3852 2553 3950 ὑμῶν
2586 3848 2866 3955 ἐλέγχει
2914 3884 3009 3948 με

610 3979 654 4020 “
689 3975 851 4076 περὶ
896 3972 1247 4076 ἁμαρτίας
1273 3974 1338 4071 ;''
1395 3980 1609 4053 τοῦτο
1647 3969 1724 4054 δὲ
1761 3973 1851 4074 ἦν
1886 3977 2203 4079 ἐναργῶς
2252 3974 2479 4081 ἑαυτῷ
2518 3970 2649 4074 μὲν
2682 3970 3003 4075 καθαρό-

540 4113 584 4178 b
606 4130 809 4195 τητα,
843 4095 959 4177 διὰ
994 4105 1122 4177 τοῦ
1158 4094 1259 4196 μὴ
1296 4096 1655 4178 δύνασθαι
1690 4105 2098 4200 περιπεσεῖν
2135 4097 2467 4206 ἁμαρτία,
2495 4096 2628 4197 τὴν
2665 4093 3006 4177 ἀνωτάτω
3035 4128 3123 4187 30

683 4315 730 4352 1.
768 4298 1104 4367 δαιμονιῶντα
1131 4298 1197 4354 Β.
1221 4300 1537 4390 δαιμονῶντα
1562 4300 1665 4356 Ed.
1787 4302 1928 4372 φασὶ
1951 4309 2292 4373 assumptum
2316 4319 2382 4357 ex
2413 4300 2476 4355 Β.
2507 4299 2689 4355 Ηοῑεῑ.
2693 4300 2809 4390 qui
2834 4286 3008 4371 φησὶν

604 4367 877 4424 exhibent.
1517 4376 1647 4428 σοῦς
1674 4371 1738 4426 Β.
1765 4381 1828 4427 ut
1852 4389 2018 4442 supra
2042 4389 2074 4427 2
2092 4390 2121 4426 ο
2144 4382 2197 4427 et
2221 4372 2366 4428 alibi.
2392 4372 2597 4441 Ἰησοῦν
2622 4389 2672 4427 a.
2693 4371 2874 4439 Ἰησοῦ
2899 4370 3006 4427 Ed.

604 4456 658 4510 9.
695 4439 1032 4508 δαιμονιῶηιι
1058 4438 1125 4494 Β.
1148 4440 1301 4507 δαιμο
1303 4447 1466 4497 νῶντιι
1460 4379 1596 4497 Ih-
1746 4459 1829 4498 10.
1864 4463 1907 4497 π
1904 4443 2150 4512 ροθέντας
2176 4441 2296 4498 Cat.
2326 4441 2479 4498 Harl.
2504 4449 2640 4497 teste
2661 4441 2807 4496 Aub.
2833 4463 3006 4511 προσ-

604 4508 785 4566 θέντας
811 4508 914 4563 Ed.
992 4510 1143 4566 Nihil
1167 4512 1348 4565 notavi
1373 4512 1441 4567 de
1465 4514 1903 4568 a.12.na1
1928 4530 2035 4568 aso.
2059 4531 2126 4568 ex
2153 4513 2218 4568 B.
2221 4531 2270 4569 a.
2462 4525 2548 4580 25.
2587 4512 2731 4567 δοκεῖ
2752 4511 3007 4568 emenda

607 4578 806 4656 Heyee.
834 4580 1003 4637 δοκειν
1026 4580 1092 4637 Β.
1120 4581 1245 4650 δοκῇ
1274 4580 1371 4638 Ht.
1400 4580 1503 4638 Ed.
1598 4584 1689 4653 τῆς
1717 4583 1781 4640 Β.
1811 4582 2028 4641 Has-212
2051 4582 2198 4641 Aub.
2369 4595 2456 4656 27.
2492 4581 2579 4655 τὸ]
2607 4581 2699 4639 τὸν
2724 4581 2934 4654 Migue.
