3238 5158
601 341 733 407 236
1210 346 1290 410 B.
1336 344 1761 410 CYRILLI
1820 342 2400 409 ALEXANDR.
2812 362 2878 403 x.
2912 336 3012 402 16.

510 581 586 643 16
614 585 730 652 Καὶ
791 587 963 653 ἄλλα
1025 590 1321 678 πρόβατα
1389 591 1545 678 ἔχω,
1608 591 1651 655 ἃ
1720 591 1839 656 οὐκ
1909 589 2084 656 ἔστιν
2143 589 2220 654 ἐκ
2281 590 2401 654 τῆς
2472 587 2680 652 αὐλῆς
2741 583 3008 650 ταύτης·

711 708 977 779 κάκεῖνα
1032 712 1134 782 δεῖ
1180 738 1263 793 με
1316 711 1599 797 ἀΓαΓεῖν,
1656 716 1763 781 καὶ
1821 719 1941 782 τῆς
2000 719 2235 804 φωνῆς
2287 736 2412 792 μου
2469 712 2842 791 ἅκούσουσι,
2898 708 3008 773 καί

708 840 1047 912 remor-:rut
1097 839 1212 918 μία
1266 840 1530 923 ποίμνη,
1584 835 1681 908 εἷς
1737 842 1998 920 ποιμήν.

720 1011 1219 1116 Πολυτρόπως
1267 1011 1397 1094 τὸν
1441 1015 1753 1094 ἄτακτον
1784 1020 2190 1119 περικροτεῖ
2227 1018 2654 1116 Φαρισαῖον·
2718 1008 2829 1089 ὅτι
2872 1007 3008 1107 μὲν

607 1130 752 1237 γὰρ
799 1138 929 1235 τῆς
973 1142 1120 1217 τῶν
1155 1136 1549 1242 προβάτων
1585 1140 2017 1223 ἐπιστασίας
2063 1136 2244 1218 ὅσον
2277 1135 2551 1217 οὐδέπω
2594 1131 3002 1239 παρωσθή·
3037 1156 3075 1218 5

273 1279 404 1334 656
423 1277 501 1333 Δ.
525 1278 586 1333 'a
608 1291 835 1356 σεται,
911 1259 1248 1368 κατάρξει
1320 1261 1396 1343 δὲ
1468 1269 1763 1363 μᾶλλον
1836 1262 2049 1347 αὐτὸς
2114 1265 2232 1343 καὶ
2308 1259 2817 1362 καθηγήσεται,
2889 1254 3011 1335 διὰ

606 1389 915 1463 πολλῶν
979 1386 1401 1493 ὑπεμφαίνει
1466 1383 1735 1489 λόγων.
1845 1386 2313 1488 ὑποσημαίνει
2378 1384 2454 1464 δὲ
2518 1383 2627 1464 ὅτι
2702 1389 2851 1467 τοῖς
2924 1380 3016 1488 ἐξ

606 1504 916 1610 Ἰσραὴλ
1001 1510 1686 1615 εὐγνωμονεστέροις
1761 1509 1891 1595 τὰς
1978 1513 2054 1590 ἐκ
2135 1516 2280 1590 τῶν
2356 1513 2580 1591 ἐθνῶν
2654 1508 3008 1614 ἀναμίξας·

481 1732 504 1741 -
607 1631 900 1736 ἀγέλας,
944 1635 1027 1714 οὐ
1082 1633 1303 1743 μόνης
1359 1633 1821 1737 ἡγεμονεύσει
1876 1638 2005 1734 τῆς
2043 1635 2428 1732 Ἰουδαίων,
2473 1631 2645 1711 ἀλλ’
2692 1633 2829 1732 ἤδη
2886 1634 3010 1711 καὶ

607 1761 706 1841 εἶς
761 1755 945 1858 ὅλην
999 1761 1303 1838 διατενεΐ
1347 1756 1481 1858 τὴν
1534 1762 1675 1862 γῆν
1728 1763 1856 1857 τῆς
1911 1760 2164 1839 ἑαυτοῦ
2219 1755 2435 1864 δόξης
2500 1757 2585 1838 τὸ
2650 1762 2829 1864 φῶς,
2887 1758 3009 1836 καὶ
3041 1787 3118 1830 10

608 1878 904 1959 καλέσει
957 1881 1140 1981 πρὸς
1196 1884 1643 1985 θεογνωσίαν
1696 1882 1863 1968 τούς
1917 1881 2385 1988 ἁπανταχόσε
2442 1880 2683 1979 λαούς,
2738 1882 2869 1961 οὐκ
2933 1882 3011 1960 ἐν

609 2001 795 2109 μόνῃ
843 2008 934 2109 τῇ
970 2005 1281 2113 Ἰουδαίᾳ
1336 2008 1672 2109 γνωστὸς
1728 2005 1903 2088 εἶναι
1959 2005 2540 2112 καταδεχόμενος,
2577 2006 2835 2107 ὥσπερ
2880 2005 3009 2084 οὖν

610 2127 685 2205 ἐν
734 2128 1009 2232 ἀρχαῖς,
1057 2128 1313 2237 ἁπάσῃ
1369 2127 1444 2209 δέ
1497 2139 1792 2232 μᾶλλον
1841 2139 1931 2238 τῇ
1987 2133 2103 2213 ὑπ’
2144 2130 2449 2233 οὐρανὸν
2495 2131 2851 2235 προτιθεὶς
2908 2134 3008 2211 εἰς

610 2248 1023 2332 ἀπόλαυσιν
1060 2256 1186 2352 τῆς
1235 2257 1551 2354 ἀληθοῦς
1604 2257 2044 2359 θεογνωσίας
2092 2254 2225 2356 τὴν
2258 2252 2686 2355 ἐπιστήμην.
2768 2253 2880 2333 ὅτι
2930 2252 3006 2334 δὲ

538 2386 581 2452 b
608 2374 1068 2478 παιδαγωγὸς
1124 2384 1217 2461 εἷς
1273 2378 1642 2475 εὐσέβειαν
1696 2387 1845 2465 τοῖς
1898 2381 2180 2462 ἔθνεσιν
2234 2379 2601 2485 ἀνεδείχθη
2654 2375 3005 2481 Χριστὸς,
3038 2404 3115 2466 15

608 2496 901 2595 ἐκμάθοι
949 2533 1057 2586 τις
1105 2499 1194 2582 ἂν
1229 2506 1346 2583 καὶ
1395 2505 1564 2585 λίαν
1602 2504 1933 2591 εὐκόλως·
1989 2503 2226 2605 μεστὴ
2263 2504 2408 2608 γὰρ
2445 2504 2489 2604 ἡ
2530 2501 3007 2590 θεόπνευστος

604 2622 855 2731 γραφὴ
892 2632 1039 2706 τῶν
1072 2629 1186 2708 ἐπὶ
1223 2628 1454 2737 τούτῳ
1491 2637 1923 2733 μαρτυριῶν,
1961 2632 2078 2709 καὶ
2113 2627 2207 2731 ἦν
2241 2627 2373 2729 μὲν
2410 2632 2506 2714 ὡς
2540 2628 2716 2708 ἔοικε
2753 2662 3001 2732 παρα·

603 2747 877 2854 τρέχειν
913 2751 1042 2830 οὐκ
1078 2749 1365 2837 ἀπεικὸς
1402 2753 1661 2833 ἀνέντα
1696 2761 1843 2838 τοῖς
1880 2752 2419 2858 εὐμαθεστέροις
2456 2751 2588 2853 τὴν
2621 2754 2733 2832 ἐπὶ
2773 2753 3008 2860 τούτῳ

605 2869 927 2976 ζήτησιν·
985 2879 1328 2977 παραθεὶς
1378 2877 1444 2955 δ’
1487 2877 1614 2955 οὖν
1652 2874 1845 2972 ὅμως
1893 2876 2021 2958 δύο
2073 2883 2220 2957 τῶν
2272 2884 2673 2984 προφητῶν
2717 2872 2764 2976 ἢ
2817 2883 3009 2980 τρεῖς

604 3000 765 3101 περὶ
800 2998 1055 3079 τούτου
1091 2997 1357 3101 λόγους
1391 3002 1527 3103 ἐρῶ
1561 2997 1792 3081 πάλιν
1826 2998 1921 3079 τὰ
1965 3001 2250 3107 ἐφεξῆς.
2332 3001 2529 3107 φησί
2572 3034 2716 3081 που
2764 3000 3008 3081 τοίνυν
3035 3035 3115 3078 20

273 3142 359 3192 Fa-
382 3143 515 3207 1v.4.
608 3121 649 3200 ὁ
715 3122 901 3206 Θεὸς
966 3124 1083 3203 καὶ
1150 3120 1411 3227 Πατὴρ
1473 3127 1638 3228 περὶ
1702 3124 1922 3204 αὐτοῦ
1978 3135 2022 3172 “
2055 3122 2247 3205 Ἰδού
2310 3126 2701 3229 μαρτύριον
2763 3124 3008 3204 ἔθνεσι

609 3253 654 3288 “
690 3244 961 3326 δέδωκα
996 3245 1230 3343 αὐτὸν,
1268 3248 1588 3353 ἄρχοντα
1641 3250 1758 3327 καὶ
1808 3246 2391 3352 προστάσσοντα
2437 3248 2774 3330 ἕθνεσιν.”
2854 3251 2995 3327 διε-

549 3405 586 3449 ο
608 3366 1020 3470 μαρτύρατο
1077 3370 1221 3473 γὰρ
1284 3378 1434 3455 τοῖς
1493 3370 1779 3452 ἔθνεσιν
1834 3373 1875 3451 ὁ
1928 3372 2257 3476 Χριστὸς
2317 3372 2619 3472 μάθημα
2685 3371 2852 3457 δούς
2919 3372 3008 3453 τὸ

608 3489 989 3593 σωτήριον,
1027 3494 1144 3571 καὶ
1179 3494 1263 3571 δι’
1303 3490 1405 3572 ὧν
1441 3495 1944 3600 ἀνασώζεσθαι
1981 3501 2166 3601 χρῆν
2204 3496 2725 3581 ἀνυποστόλως
2762 3498 3007 3578 εἰπών.

585 3611 931 3726 ομελῳδὸς
967 3613 1045 3694 δὲ
1082 3617 1122 3693 ὁ
1156 3620 1343 3700 θεῖος
1380 3617 1702 3722 καθάπερ
1742 3626 1837 3705 εἶς
1875 3622 2138 3702 θίασον
2172 3621 2297 3702 ἕνα
2334 3616 2498 3705 τούς
2536 3619 3009 3728 ἁπανταχόσε
3038 3659 3116 3722 ²5

611 3742 875 3835 καλῶν,
942 3739 1058 3817 καὶ
1120 3734 1301 3842 πρὸς
1366 3737 1692 3841 οὐράνιον
1750 3743 2001 3847 ἑορτὴν
2061 3746 2614 3849 συναγείρεσθαι
2681 3744 2812 3845 τὴν
2883 3744 3009 3854 ὐφ’

272 3860 360 3975 ff·
381 3860 502 3913 ²¹⁹5·
608 3859 795 3967 ἡλίῳ
858 3861 1165 3941 κελεύων
1221 3872 1264 3910 “
1293 3861 1552 3944 Πάντα
1606 3863 1700 3946 τὰ
1755 3867 1944 3969 ἔθνη,
2002 3870 2214 3973 φησὶ,
2271 3868 2671 3973 κροτήσατε
2728 3877 3005 3974 χεῖρας,

608 3993 652 4030 “
688 3984 1111 4092 ἀλαλάξατε
1160 3991 1264 4094 τῷ
1317 3993 1485 4097 Θεῷ
1540 3993 1615 4069 ἐν
1666 3996 1875 4098 φωνῇ
1932 3990 2508 4095 ἀγαλλιάσεως.”
2575 3992 2748 4073 ἀλλ’
2788 3993 2856 4073 εἴ
2904 4027 3012 4101 τῳ

607 4108 846 4208 δοκοίη
909 4111 1026 4190 καὶ
1097 4113 1226 4209 τῆς
1298 4114 1486 4193 οὕτω
1558 4121 1903 4219 λαμπρᾶς
1969 4118 2085 4196 καὶ
2150 4119 2475 4214 ἀοιδίμου
2540 4116 3014 4221 πανηγύρεως

271 2007 356 2057 Pa.
378 2006 518 2059 lxxv.

679 4385 730 4423 2.
766 4369 845 4423 δεῖ
866 4391 931 4437 με
955 4369 1059 4424 hoc
1084 4371 1270 4428 ordine
1296 4374 1361 4428 B.
1503 4391 1553 4458 5.
1586 4377 1900 4436 ἐπιστασίας
1921 4379 2226 4434 emendavit
2246 4380 2390 4434 Aub.
2417 4380 2708 4436 ἐπιστάσας
2736 4380 2802 4434 Β.
2823 4380 3011 4437 Holst.

645 4479 658 4493 .
710 4439 726 4459 ’
767 4461 792 4493 ε
831 4439 1006 4510 φαίνει
1034 4440 1099 4494 Β.
1130 4441 1227 4498 Ht.
1252 4445 1553 4500 emendant
1578 4458 1641 4501 ut
1663 4447 1885 4503 adnotat
1909 4450 2022 4518 ipse
2048 4449 2192 4505 Aub.
2344 4467 2425 4505 10.
2461 4451 2680 4505 διατενεῖ
2703 4469 2752 4505 a.
2777 4450 3013 4506 διατελεῖ

686 4519 726 4563 t.
813 4511 908 4564 arl.
933 4510 1183 4573 διαβαίνει
1211 4512 1312 4567 Ed.
1462 4533 1544 4585 13.
1580 4517 1758 4587 ἁπάσῃ
1785 4520 1840 4572 δέ
1864 4521 2072 4587 μᾶλλον
2093 4519 2186 4591 τῇ]
2213 4521 2382 4577 ἅπασι
2406 4521 2462 4575 δι’
2488 4524 2596 4576 τοῖς
2620 4539 2669 4574 a.
2824 4537 2908 4591 17.
2945 4521 3012 4592 ἦν

604 4579 854 4635 emendat
881 4580 1077 4655 Heyse.
1105 4580 1166 4651 ἣν
1191 4582 1255 4637 Β.
1285 4581 1388 4638 Ed.
1413 4583 1610 4641 desunt
1634 4587 1763 4643 haec
1787 4589 1842 4643 in
1869 4606 1917 4644 a.
2135 4607 2221 4662 23.
2258 4591 2380 4648 δοὺς
2403 4608 2513 4646 om.
2539 4590 2684 4646 Aub.
