3238 5158
2593 516 2630 556 a
2671 481 2808 559 949'
2833 503 2906 559 A.

1029 1246 1506 1324 ΚΕΦΑΛΗ
1593 1251 1692 1325 Δ.

150 1510 288 1580 Ὀτι
332 1516 457 1582 κατ’
489 1517 706 1584 οὐδένα
747 1519 971 1602 τρόπον
1010 1518 1280 1600 ἀδικήσει
1322 1525 1429 1584 τοῦ
1471 1522 1621 1585 Tio&
1663 1521 1772 1601 τὴν
1815 1521 1996 1602 δόξαν
2042 1522 2112 1587 τὸ
2155 1522 2463 1606 εἰληφέναι
2505 1548 2564 1588 τι

341 1637 632 1723 λέγεσθαι
675 1643 834 1722 παρὰ
877 1645 984 1705 τοῦ
1027 1646 1195 1707 Θεοῦ
1241 1643 1339 1707 καὶ
1383 1642 1645 1725 Πατρὸς,
1697 1643 1943 1728 ἔχοντος
1992 1643 2218 1725 εὐσεβῆ
2268 1647 2375 1708 τοῦ

278 1769 286 1774 ’
1059 1755 1403 1841 πράγματος
1444 1759 1656 1842 λόγον.

101 2041 135 2098 5
282 2016 514 2084 Καθὼς
566 2016 826 2084 ἔδωκας
881 2018 1062 2104 αὐτῷ
1115 2018 1415 2088 ἐξουσίαν
1469 2021 1685 2086 πάσης
1738 2020 2000 2110 σαρκὸς,
2051 2020 2158 2086 ἵνα
2213 2023 2343 2086 πᾶν
2395 2018 2433 2089 ὃ
2592 2050 2623 2089 2

539 2142 837 2209 δέδωκας
890 2143 1084 2229 αὐτῷ,
1137 2143 1337 2211 δώσει
1390 2140 1612 2212 αὐτοῖο
1666 2146 1834 2236 ζωήν
1889 2143 2177 2212 αἰώνιον.
2587 2137 2630 2200 b

262 2383 279 2408 ’
349 2384 860 2470 ΞΗΓΕΙΤΑῙ
905 2382 1135 2467 πάλιν
1169 2390 1288 2466 καὶ
1324 2385 1443 2468 διὰ
1477 2388 1752 2468 τούτων
1786 2388 1955 2487 ἡμῖν
1994 2388 2034 2467 ὁ
2071 2384 2399 2490 Χριστὸς
2430 2383 2562 2464 τὸν

157 2510 280 2605 τῆς
334 2504 557 2614 δόξης
618 2507 912 2612 τρόπον,
972 2510 1057 2590 δι’
1127 2510 1349 2613 οὗπερ
1415 2508 1504 2591 ἂν
1569 2512 1609 2592 ὁ
1677 2509 1809 2611 μὲν
1874 2507 2060 2594 Θεὸς
2120 2511 2237 2590 καὶ
2304 2507 2564 2612 Πατὴρ

157 2631 409 2711 εὐκλεᾶ
465 2633 584 2711 καὶ
637 2631 1150 2741 ἐπιδοξότατον
1198 2638 1563 2743 ἀποφανεῖ
1608 2635 1739 2715 τὸν
1792 2634 1971 2714 ἰ’διον
2027 2632 2230 2731 Υὶὸν,
2273 2634 2555 2712 ἀντιδο-

65 2790 134 2832 ιο
156 2750 606 2860 ξασθήσετάι
663 2755 737 2836 δὲ
793 2761 912 2838 καὶ
967 2756 1180 2844 αὐτὸς
1233 2758 1432 2861 παρὰ
1478 2765 1606 2839 τοῦ
1666 2758 1844 2838 ἰδίου
1899 2756 2359 2860 γεννήματος.
2434 2759 2552 2835 ἐκ·

152 2879 494 2960 πλατύνει
551 2878 628 2960 δὲ
681 2879 811 2961 τὸν
846 2879 1077 2983 λόγον
1121 2885 1238 2962 καὶ
1297 2880 1637 2990 διαφανὲς
1692 2881 2055 2986 ἐργάζεται
2097 2881 2182 2962 τὸ
2230 2880 2561 2984 θεώρημα

151 2998 327 3104 πρὸς
371 3002 720 3108 ἡμετέραν
761 3003 1139 3108 οἰκοδομήν
1192 3041 1269 3086 τε
1325 3010 1441 3087 καὶ
1496 3006 1775 3106 ὄνησιν.
1856 3003 2094 3087 πάντα
2145 3004 2292 3108 γὰρ
2347 3004 2563 3085 εἰδότι

151 3128 253 3234 τῷ
306 3132 480 3234 Θεῷ
531 3130 647 3209 καὶ
699 3133 940 3232 Πατρὶ
993 3130 1100 3215 τίς
1155 3131 1201 3231 ἡ
1246 3138 1376 3211 τοῦ
1439 3130 1912 3212 διδάσκεσθαι
1976 3131 2179 3236 χρεία
2242 3126 2371 3209 τὸν
2431 3133 2562 3228 τῆς

152 3248 504 3351 αἰτήσεως
561 3251 880 3355 τρόπον,
958 3261 1172 3334 καλεῖ
1219 3263 1603 3357 τοιγαροῦν
1656 3253 1791 3354 τὴν
1850 3253 2050 3357 παρὰ
2112 3249 2405 3356 Πατρὸς
2462 3257 2557 3337 εἰς
2584 3288 2621 3331 ο

59 3404 127 3466 ¹5
151 3373 334 3473 ἡμᾶς
389 3374 766 3476 εὐμένειαν.
840 3377 1074 3478 ἐπειδὴ
1128 3377 1271 3483 γάρ
1327 3380 1527 3459 ἐστιν
1583 3375 1948 3482 ἀρχιερεὺς
2000 3383 2145 3459 τῶν
2201 3376 2558 3479 ἡμετέρων

149 3502 435 3604 ψυχῶν,
473 3499 653 3579 καθὸ
688 3499 1007 3606 πέφηνεν
1042 3501 1439 3606 ἅνθρωπος,
1477 3501 1704 3583 καίτοι
1732 3498 1920 3584 Θεὸς
1957 3500 2300 3604 ὑπάρχων
2337 3496 2558 3606 φύσει

148 3621 328 3720 μετὰ
381 3623 695 3727 Πατρὸς,
749 3623 880 3709 τὰς
936 3623 1112 3730 ὑπὲρ
1167 3626 1369 3726 ἡμῶν
1423 3623 1771 3734 διαλέξεις
1826 3630 2128 3707 ποιεῖται
2179 3623 2547 3723 πρεπωδέ-

147 3779 409 3846 στατα,
453 3746 819 3829 πιστεύειν
861 3748 1049 3848 ἡμᾶς
1095 3749 1498 3830 ἀναπείθων
1540 3747 1651 3829 ὅτι
1697 3751 1814 3830 καὶ
1866 3757 1992 3829 νῦν
2038 3747 2352 3848 ἱλασμός
2396 3750 2556 3830 ἐστι
2647 3755 2896 3872 ξίῇὖζω·

145 3875 306 3972 περὶ
352 3877 501 3951 τῶν
538 3872 905 3976 ἁμαρτιῶν
941 3873 1166 3973 ἡμῶν,
1203 3876 1320 3954 καὶ
1361 3872 1834 3978 παράκλητος
1877 3873 2161 3971 δίκαιος,
2198 3870 2382 3952 κατὰ
2422 3872 2556 3973 τὴν
2749 3859 2764 3883 '

59 4045 125 4088 20
144 3991 484 4074 Ἰωάννου
525 3994 801 4102 φωνήν.
880 3993 990 4077 διὸ
1042 3998 1159 4077 καὶ
1203 3997 1244 4076 ὅ
1285 4001 1585 4080 Παῦλος
1633 4004 1891 4077 τοῦτον
1925 3996 2112 4095 ἡμᾶς
2158 4000 2554 4078 διακεῖσθαι

143 4116 271 4198 τὸν
306 4116 581 4222 τρόπον
617 4117 998 4219 ἐθελήσας,
1039 4118 1453 4201 ἐπιστέλλει
1503 4130 1548 4167 “
1579 4121 1698 4200 Οὐ
1746 4119 1892 4223 γὰρ
1936 4121 2192 4225 ἔχομεν
2225 4119 2555 4225 ἀρχιερέα
2645 4137 2779 4264 {fb-
2801 4137 2872 4188 iv·

143 4250 188 4288 “
222 4241 325 4342 μὴ
371 4242 761 4344 δυνάμενον
796 4249 1278 4345 συμπαθῆσαι
1322 4249 1476 4328 ταῖς
1509 4245 1906 4328 ἀσθενείαις
1955 4243 2176 4344 ἡμῶν,
2213 4276 2550 4344 πεπειρα-
2577 4265 2623 4332 d

143 4374 186 4411 “
221 4365 442 4464 με’νον
501 4364 578 4448 δὲ
638 4365 823 4447 κατὰ
880 4368 1118 4449 πάντα
1175 4367 1340 4448 καθ’
1404 4366 1787 4467 ὁμοιότητα
1853 4369 2069 4473 χωρὶς
2134 4365 2551 4468 ἆμαρτίας.”

575 4587 676 4638 1-4
710 4588 820 4626 om.
850 4571 915 4626 E.
1484 4569 1537 4625 6.
1576 4570 1737 4625 δόσει
1761 4569 1828 4626 Ε.
1853 4571 1999 4639 Moy
2025 4568 2128 4625 Ed.
