3238 5158
280 299 537 382 xivam,
571 323 670 391 13.
747 306 856 371 IN
915 308 984 373 S.
1032 305 1547 376 JOANNEM.
1640 312 1834 377 LIB.
1882 312 2002 378 IX.
2095 313 2300 377 CAP.
2350 312 2407 377 Ι.
2557 312 2690 375 459

281 465 622 569 μειζόνων
669 474 1260 583 ἀντιπαρεξάγων
1306 475 1392 557 τὸ
1448 476 1744 581 μέγεθος
1768 473 1862 558 “A
1903 475 2040 580 ε’γῶ
2091 474 2443 576 πεποίηκά
2497 481 2687 581 φησι

283 596 541 688 ποιήσει
583 604 703 676 καὶ
741 600 1019 708 μειζονα
1053 599 1316 682 τούτων·
1383 603 1469 682 οὖ
1516 601 1663 705 γὰρ
1712 601 2076 702 ἀτονήσας
2125 604 2287 703 περὶ
2323 598 2417 679 τὰ
2453 599 2685 703 μείζω,

281 715 496 822 μέχρι
546 726 694 801 τῶν
727 725 1257 824 τετελεσμένων
1299 725 1432 826 τὴν
1468 726 1732 806 οἰκείαν
1765 725 2125 826 ἐπέστησε
2168 725 2490 823 δύναμιν,
2521 725 2675 804 ἐπι-

280 843 586 928 τελέσας
635 843 713 925 δὲ
766 845 953 951 ἅπερ
996 852 1214 955 ἐχρῆν
1260 854 1378 930 καὶ
1425 850 1571 931 ὅσα
1616 884 1757 954 περ
1805 849 2025 955 τυχὸν
2058 856 2154 935 εἰς
2200 847 2430 947 μέσον
2462 882 2683 949 παρε-

212 991 253 1048 5
280 966 578 1065 κόμισεν
611 971 653 1049 ὁ
689 969 951 1075 καιρὸς,
992 972 1102 1053 ὅτι
1137 970 1239 1072 μὴ
1276 975 1522 1080 μέχρις
1565 975 1847 1055 ἐκείνων
1883 977 2342 1079 ἀφικνεῖσθαι
2388 970 2681 1052 δύναται

276 1094 407 1191 τῆς
439 1093 742 1195 ἐνούσης
776 1095 1111 1204 ἐξουσίας
1161 1101 1355 1206 αὐτῷ
1403 1097 1485 1179 τὸ
1533 1095 2000 1202 ἀπερινόητον
2035 1097 2352 1200 μέγεθος,
2391 1096 2667 1176 ἐκδιδά-

277 1249 439 1296 σκει
487 1221 865 1322 χρησίμως
916 1219 1033 1301 διὰ
1080 1229 1226 1303 τῶν
1262 1222 1668 1327 εἰρημένων.
1747 1219 1917 1302 ἀλλ’
1958 1221 2075 1301 ἵνα
2121 1218 2254 1322 τὴν
2288 1217 2498 1326 τάξιν
2530 1226 2675 1299 τῶν
2698 1250 2735 1294 e

275 1343 757 1443 προκειμένων
792 1345 1238 1448 τηρήσαντες
1288 1351 1379 1453 τῇ
1426 1352 1554 1448 τῆς
1605 1347 1871 1453 λέξεως
1918 1346 2178 1452 θεωρία
2212 1351 2358 1424 τῶν
2393 1347 2667 1447 ἀκροω-

276 1461 508 1560 μένων
568 1467 696 1547 τὸν
770 1478 938 1551 νοῦν
999 1470 1508 1573 ἐπιστήσωμεν
1570 1474 1780 1577 Ἀμήν
1846 1477 2036 1578 φησι
2110 1468 2304 1572 λέγω
2377 1472 2527 1574 ὑμῖν
2584 1467 2676 1548 O

172 1628 255 1667 10
280 1589 602 1671 πιστεύων
646 1600 738 1679 εἰς
792 1593 915 1701 ἔμε
968 1594 1063 1677 τοῖ
1118 1596 1309 1749 ἔργα
1341 1594 1396 1680 ἁ.
1450 1596 1588 1700 ἔγω
1642 1633 1813 1677 ποιω
1873 1599 2179 1680 κακεῖνος
2234 1594 2491 1689 ποιήσει
2551 1628 2672 1673 και

276 1713 553 1821 μείζονα
584 1716 813 1799 τούτων
848 1723 1107 1814 ποιήσει
1145 1721 1243 1802 ’ὅτι
1282 1719 1418 1825 ἐγω
1457 1757 1617 1830 προς
1655 1757 1759 1801 τον
1798 1716 2074 1827 Πατέρα
2110 1716 2502 1823 πορεύομαι.

391 1834 573 1918 Εἶτα
628 1841 708 1920 τί
750 1851 983 1941 τοῦτο,
1031 1845 1330 1952 φήσειεν
1378 1844 1470 1924 ἄν
1517 1878 1623 1929 τις
1679 1850 1825 1924 τῶν
1875 1842 2343 1945 ἀκροωμένων
2392 1840 2675 1922 ἐπιεικέ-

271 1995 553 2064 στερον,
609 1964 694 2045 τὸ
751 1968 1193 2070 πορεύεσθαί
1248 1978 1436 2079 φημι
1502 1968 1685 2074 πρὸς
1750 1966 1879 2051 τὸν
1930 1966 2226 2070 Πατέρα
2284 1964 2414 2046 τὸν
2459 1965 2668 2063 Υὶὸν,

267 2085 451 2190 πρὸς
512 2087 597 2168 τὸ
660 2089 1014 2171 δύνασθαι
1076 2099 1472 2197 κατορθοῦν
1526 2095 1645 2174 καὶ
1707 2091 1801 2173 τὰ
1866 2092 1968 2172 ἔτι
2031 2091 2243 2194 μείζω
2297 2097 2444 2171 τῶν
2496 2089 2668 2194 παρ’

158 2241 242 2301 15
269 2213 488 2293 αὑτοῦ
560 2216 1024 2317 δεδειγμένων
1095 2215 1261 2303 τοὺς
1333 2217 1809 2302 πιστεύοντας
1884 2224 1982 2300 εἰς
2055 2214 2321 2312 αὐτόν;
2412 2216 2667 2296 οὐκοῦν

266 2338 754 2440 κεκρυμμένην
816 2339 976 2420 τινὰ
1038 2344 1340 2445 θεωρίαν
1400 2329 1719 2447 εἰσφέρει
1781 2340 1866 2421 τὸ
1923 2340 2305 2441 εἰρημένον.
2401 2340 2480 2420 τί
2536 2340 2662 2421 οὖν
2683 2372 2721 2412 a
2761 2359 2902 2414 804
2917 2359 3004 2415 A·

266 2463 491 2561 ἐστιν,
527 2460 569 2541 ὅ
626 2469 835 2569 φησι,
881 2462 1090 2570 δέχου
1145 2465 1456 2569 λέγοντα
1508 2466 1729 2572 τυχόν
1751 2462 1857 2545 Ὠ
1902 2472 2047 2544 τῶν
2094 2466 2285 2562 ἐμῶν
2327 2464 2664 2567 ὑπηρέται

267 2585 516 2691 λόγων
551 2591 671 2668 καὶ
705 2587 994 2691 γνήσιοι
1028 2595 1382 2699 φοιτηταί,
1421 2593 1550 2677 ἕως
1585 2592 1719 2691 μέν
1752 2588 1896 2671 σῦν
1931 2592 2096 2688 ὑμῖν
2129 2587 2259 2672 τὰς
2296 2590 2663 2693 διατριβὰς

269 2711 655 2815 ἐποιούμην
715 2715 831 2795 ἐπὶ
889 2719 1018 2815 τῆς
1082 2721 1239 2818 γῆς,
1294 2713 1871 2815 ἐπολιτευσοὶμην
1928 2716 2024 2799 ὡς
2082 2712 2477 2818 ἄνθρακι-ος,
2534 2716 2664 2793 οὐκ

154 2870 241 2911 20
270 2837 581 2943 ἄκρατον
620 2841 783 2938 ὑμῖν
817 2843 946 2941 τῆς
994 2842 1326 2941 θεότητος
1367 2838 1501 2940 τὴν
1535 2837 1875 2947 ἐξουσίαν
1913 2838 2403 2947 ἐπεδειξάμην·
2458 2833 2660 2918 εἶπόν

265 2997 345 3045 τε
400 2965 516 3043 καὶ
568 2962 905 3069 πέπραχα
955 2963 1371 3068 πρεπόντως
1423 2998 1579 3049 πως
1638 2968 1754 3043 καὶ
1812 2970 1916 3071 τῷ
1977 2967 2105 3063 τῆς
2166 2962 2661 3053 ταπεινώσεως

263 3087 500 3196 μέτρῳ
554 3092 671 3169 καὶ
729 3096 832 3198 τῷ
885 3088 1209 3194 σχήματι
1265 3094 1369 3197 τῷ
1423 3091 1917 3192 δουλοπρεπεῖ.
1995 3087 2231 3187 ἐπειδὴ
2275 3087 2350 3167 δέ
2398 3085 2659 3168 λοιπὸν

263 3215 493 3292 ἐκεῖνα
529 3212 980 3314 καθηκόντως
1014 3209 1456 3310 τετέλεσται,
1492 3215 1608 3293 καί
1647 3213 2118 3315 πεπλήρωταί
2143 3247 2267 3312 μοι
2302 3215 2428 3312 τῆς
2477 3210 2659 3310 μετὰ

260 3335 539 3440 σαρκὸς
575 3340 974 3437 οἰκονομίας
1008 3337 1093 3417 τὸ
1128 3336 1546 3441 μυστήριον·
1605 3339 1950 3437 πείσομαι
1983 3336 2128 3440 γὰρ
2164 3336 2348 3417 ὅσον
2382 3336 2657 3418 οὐδέπω
2682 3357 2726 3422 b

145 3490 231 3550 25
265 3459 396 3542 τὸν
427 3461 761 3561 θάνατον,
797 3465 914 3542 καὶ
950 3460 1449 3566 ἐγερθήσομαι’
1507 3469 1914 3569 χαριεῖσθαι
1962 3463 2038 3542 δὲ
2089 3464 2252 3560 ὑμῖν
2286 3461 2652 3565 ἐπαγγέλ-

261 3596 486 3686 λομαι
540 3589 656 3667 καί
706 3585 800 3667 τὰ
853 3585 955 3667 ἔτι
1003 3589 1276 3697 μείζονα
1324 3593 1469 3667 τῶν
1517 3589 1602 3668 δι’
1644 3591 1816 3686 ἐμοῦ
1871 3586 2254 3684 θαυμάτων
2301 3587 2657 3667 δύνασθαι

256 3719 618 3813 πληροῦν,
658 3709 1013 3813 παρόντος
1051 3710 1151 3791 ἔτι
1181 3720 1316 3800 ,τοῦ
1352 3718 1599 3813 καιροῦ
1637 3713 1753 3790 καὶ
1787 3714 1916 3810 τῆς
1950 3714 2065 3791 ἐπὶ
2101 3711 2375 3795 τούτοις
2425 3719 2646 3818 φιλο·

254 3837 519 3930 τιμίας.
599 3834 960 3943 πορεύομαι
1017 3831 1161 3937 γὰρ
1215 3836 1379 3941 πρὶς
1435 3837 1540 3916 τον
1579 3834 1859 3943 Πατέρα
1913 3834 2414 3938 συνεδρεύσων
2459 3838 2654 3945 αὐτῷ

255 3957 594 4057 δηλονότι
649 3962 767 4039 καὶ
821 3959 1473 4059 συμβασιλεύσων,
1521 3960 1619 4043 ὡς
1667 3957 1854 4044 Θεὸς
1907 3962 1985 4038 ἐκ
2034 3964 2248 4059 Θεοῦ,
2296 3963 2653 4040 ἀκατακα-

138 4117 225 4174 30
253 4084 511 4193 λύπτῳ
566 4081 857 4184 δυνάμει
912 4087 1029 4163 καὶ
1085 4083 1383 4190 ἐξουσία
1423 4108 1434 4115 ”
1430 4144 1634 4165 ......
1675 4087 1803 4184 τῆς
1857 4085 2162 4181 ἐμαυτοῦ
2221 4084 2511 4189 φύσεως
2565 4082 2651 4166 τὸ

322 4360 379 4419 5.
416 4346 612 4416 ἐκείνην
636 4346 702 4402 E.
1099 4363 1186 4403 12.
1220 4369 1308 4419 γρ.
1332 4346 1712 4418 ἐπιεικέστερος
1735 4345 1839 4402 Ed.
1863 4364 1975 4417 mg.
2003 4344 2382 4417 ἐπιεικέστερον
2403 4348 2565 4404 habet
2592 4350 2650 4405 F.

255 4436 343 4491 19.
381 4416 502 4507 ουκ]
530 4419 614 4472 καὶ
637 4418 730 4473 οῦκ
758 4416 902 4473 Catt.
1276 4430 1362 4486 25.
1396 4419 1482 4472 καὶ
1497 4435 1604 4507 pro
1631 4418 1688 4473 δε
1715 4417 1780 4472 Ε.
2154 4419 2240 4472 28.
2261 4418 2559 4504 πορεύομαι
2584 4420 2650 4474 Ε.

245 4487 576 4561 πορεύσομαι
482 4488 707 4558 μαιΕᾶ.
1166 4505 1252 4559 29.
1288 4489 1587 4557 ἀκαταληπτ
1487 4510 1632 4570 ηπτφ
1659 4487 1841 4565 Cord„
1866 4486 1960 4542 ned
1984 4487 2391 4563 ἅκατακαλύπτω
2415 4490 2577 4544 habet
2600 4506 2650 4543 c.

245 4579 340 4634 30.
381 4560 629 4633 Spatium
662 4577 725 4632 19
750 4559 860 4614 sere
881 4560 981 4616 litt.
1008 4559 1222 4616 exhibet
1247 4560 1312 4615 E.
1383 4559 1715 4615 Abbrevmnt
1736 4576 1783 4615 c.
1785 4552 1974 4613 Cord.

1360 4665 1397 4729 3
1429 4663 1474 4706 N
1508 4663 1545 4709 2
