3238 5158
611 344 743 407 544
1220 346 1298 411 B.
1344 342 1768 411 CYRILLI
1829 345 2417 411 ALEXANDR.
2839 364 2944 405 xv.
2973 357 3022 401 1.

614 515 1129 615 καταφλυαρεῖ,
1196 512 1435 615 λέγων
1498 514 1595 596 ὡς
1660 512 1945 616 ἐπείπερ
2009 513 2092 591 οὐ
2153 517 2591 610 σωματικῶς
2657 511 2790 606 τῆς
2853 506 3030 607 πρὸς

615 630 833 712 αὐτὸν
888 635 1254 722 κοινωνίας
1307 636 1697 743 ἐξήμμεθα,
1751 636 1996 716 πίστει
2051 633 2126 715 δὲ
2180 642 2478 735 μᾶλλον
2533 636 2655 713 καὶ
2710 633 3029 712 διαθέσει

614 759 743 854 τῆς
798 755 982 837 κατὰ
1025 757 1153 838 τὸν
1188 756 1408 858 νόμον
1451 758 1759 863 ἀγάπης,
1797 762 1882 840 οὖ
1933 758 2065 860 τὴν
2109 757 2372 861 σάρκα,
2411 761 2623 866 φησὶ,
2664 754 2808 857 τὴν
2855 755 3032 834 ἰδίαν

617 878 947 978 ἄμπελον
1001 882 1358 983 ὠνόμασε,
1414 891 1705 980 μᾶλλον
1762 883 1840 965 δὲ
1894 882 2029 984 τὴν
2084 882 2404 984 θεότητα.
2509 882 2745 961 καίτοι
2807 881 2892 959 τί
2948 876 3030 977 δή

616 1037 813 1101 ποτε,
873 1007 1055 1109 φαίη
1118 1008 1225 1091 τίς
1288 1006 1398 1105 ἀν,
1448 1006 1576 1087 τὸν
1628 1005 2225 1111 πρεπωδέστερόν
2275 1040 2354 1087 τε
2422 1041 2536 1086 και
2600 1002 3031 1105 οἰκειότερον
3051 1018 3082 1078 5

620 1135 768 1212 τοῖς
842 1128 1259 1234 θεωρήμασι
1331 1130 1602 1233 τρόπον
1666 1135 1895 1239 ἀφεὶς,
1960 1135 2075 1214 ἐπὶ
2138 1130 2224 1212 τὸ
2288 1128 2483 1212 πολυ
2556 1128 3032 1233 διωρισμένον

553 1264 599 1330 b
621 1252 921 1358 ε’πείγῃς
997 1251 1045 1353 ἢ
1119 1254 1264 1407 γὰρ
1339 1257 1497 1359 οὐχὶ
1572 1257 2166 1359 πρεπωδέστερον
2238 1257 2355 1334 καὶ
2435 1250 2619 1334 κατὰ
2691 1251 2840 1352 τὴν
2910 1256 3032 1351 τῆς

621 1376 896 1480 σαρκὸς
951 1379 1340 1477 κοινωνίαν,
1377 1378 1710 1479 αμπελον
1750 1415 1883 1480 μεν
1929 1377 2105 1460 εἶναι
2161 1378 2489 1478 δώσομεν
2531 1374 2664 1457 τὸν
2698 1377 3026 1525 Ἰησοῦν,

623 1496 911 1585 ἑαυτους
983 1501 1060 1582 δὲ
1138 1501 1473 1603 κλήματα
1559 1502 1678 1584 δια
1750 1503 1836 1584 τὸ
1910 1504 2263 1610 ὃμοφυεὝς
2242 1564 2265 1602 ,
2349 1505 2640 1609 ὁμοφυῆ
2715 1499 2875 1604 γὰρ
2947 1504 3027 1604 τῇ
3175 1486 3178 1579 Ῑ

622 1620 927 1732 ἀμπελῳ
973 1623 1069 1705 τὰ
1115 1626 1204 1734 ἐξ
1246 1628 1486 1727 αὐτῆς.
1567 1632 1686 1708 καὶ
1737 1626 1964 1708 ταῦτά
2014 1636 2274 1732 φαμεν,
2327 1628 2454 1707 οὐκ
2508 1628 3026 1730 ἐπιχειροῦντες
3047 1655 3096 1694 10
3177 1642 3178 1647 ’

622 1749 932 1851 ἀναιρεῖν
1003 1745 1088 1829 ·r6
1170 1757 1652 1831 συνενοῦσθαι
1734 1751 2090 1832 δύνασθαι
2171 1755 2275 1859 τῷ
2346 1755 2677 1856 Χριστῷ,
2757 1747 2886 1828 διά
2960 1780 3026 1825 τε
3179 1756 3180 1819 1

621 1873 935 1956 πίστεως
1009 1874 1225 1975 ὀρθῆς
1300 1877 1417 1954 καὶ
1492 1874 1779 1977 ἀγάπης
1842 1882 2281 1977 εἰλικρινοῦς,
2345 1873 2892 1957 ἀποδεικνύντες
2961 1870 3026 1951 δὲ

620 2002 913 2094 μᾶλλον
967 1995 1077 2076 ὅτι
1127 2000 1244 2076 καὶ
1297 2005 1787 2097 πνευματικῶς
1842 2000 1960 2078 καὶ
2013 2004 2457 2099 σωματικῶς,
2513 1994 2860 2103 ἄμπελος
2911 1994 3028 2094 μὲν

625 2120 666 2198 6
715 2117 1065 2220 Χριστὸς,
1115 2119 1455 2220 κλήματα
1500 2120 1578 2202 δὲ
1634 2123 1848 2223 ἡμεῖς.

733 2240 983 2322 Ἀλλὰ
1037 2243 1183 2346 γὰρ
1235 2247 1274 2325 6
1324 2244 1456 2343 μὲν
1497 2252 1628 2346 τῆς
1683 2246 2023 2348 ἀληθείας
2079 2243 2302 2349 λόγος
2357 2247 2638 2327 ἁπλοῦς
2695 2244 2824 2322 καὶ
2879 2245 3023 2321 δια·
3051 2266 3095 2321 15
3183 2300 3184 2367 1

562 2399 599 2443 ο
625 2365 878 2472 φανὴς,
916 2367 1346 2472 πανούργως
1383 2369 1461 2449 δὲ
1512 2372 1552 2448 6
1604 2372 1690 2451 δι’
1732 2371 2051 2456 ἐναντίας
2098 2376 2540 2474 παραιτεῖται
2581 2366 2717 2468 μὲν
2755 2368 3026 2464 ὀμολο·
3183 2370 3184 2375 ’

623 2496 796 2593 γεῖν,
835 2489 944 2570 ὅτι
991 2495 1110 2571 καὶ
1153 2499 1582 2594 σωματικῶς
1634 2493 1957 2595 ἄμπελος
2008 2492 2097 2596 ἦν
2135 2495 2174 2574 6
2212 2491 2558 2598 Χριστὸς,
2594 2487 2724 2570 ἅτε
2778 2489 2878 2591 δὴ
2926 2494 3032 2568 καὶ

624 2613 759 2715 τὴν
811 2616 996 2696 ἰδίαν
1046 2624 1195 2701 τοῖς
1250 2618 1599 2719 κλήμασι,
1642 2620 2019 2700 τουτέστιν
2072 2621 2265 2720 ἡμῖν,
2305 2617 2763 2725 χαριζόμενος
2827 2617 3031 2721 ζωήν·

628 2737 952 2844 καθάπερ
988 2742 1116 2820 οὖν
1150 2748 1298 2826 τοῖς
1334 2741 1831 2851 ἐμπεφυκόσιν
1866 2746 2046 2851 αὐτῇ
2092 2743 2458 2843 κλήμασιν
2494 2743 2538 2842 ἡ
2591 2739 2921 2842 αἰσθητή
2970 2774 3038 2821 τε
3185 2739 3186 2758 ³

630 2867 750 2943 καὶ
812 2866 928 2944 ε’πὶ
991 2869 1125 2966 γῆς
1188 2866 1537 2966 ἄμπελος,
1595 2869 1996 2973 περιτρέπει
2048 2867 2124 2948 δὲ
2179 2870 2295 2947 καὶ
2349 2864 2666 2970 βιάζεται
2721 2863 2871 2965 τὴν
2917 2874 3040 2945 τοῦ
3061 2894 3108 2934 ²³

632 2986 985 3088 νοήματος
1038 2988 1338 3091 δύναμιν
1386 2995 1500 3073 ἐπι
1554 2991 1785 3092 μόνην
1830 2994 2050 3073 αὑτοῦ
2102 2990 2237 3092 τὴν
2280 2990 2600 3091 θεότητα.
2677 2985 3044 3070 δυνασθω

629 3108 775 3265 γὰρ
827 3114 1013 3193 οὕτω
1069 3119 1552 3221 συκοφαντεῖν
1606 3115 1829 3217 αὐτὴν
1878 3116 2079 3223 ᾠήθη
2135 3115 2223 3216 δὴ
2278 3112 2524 3211 πάλιν,
2578 3114 2808 3193 ἐκεῖνο
2863 3148 3047 3216 προ-

631 3237 879 3317 τείνων
933 3240 1227 3337 ἀμαθῶς
1284 3245 1376 3320 Ει
1438 3238 1583 3345 γὰρ
1640 3240 1962 3339 ἄμπελος
2014 3239 2147 3341 μέν
2202 3242 2404 3320 ἐστιν
2458 3240 2499 3317 6
2550 3235 2751 3336 Υἱὸς,
2816 3241 3042 3347 φησὶ,

295 3376 463 3493 ξέξΰ
565 3380 610 3445 d
634 3360 950 3464 γεωργὸς
1000 3362 1077 3442 δὲ
1134 3365 1173 3443 6
1222 3363 1500 3466 Πατὴρ,
1548 3363 1931 3473 ἑτεροφυὴς
1982 3360 2057 3444 δε
2106 3363 2334 3445 πάλιν
2384 3364 2425 3441 6
2467 3357 2646 3443 Υἱὸς
2702 3364 2808 3445 ὡς
2863 3396 3050 3464 προς

631 3481 764 3583 τὴν
802 3484 1150 3584 αμπελον,
1187 3488 1322 3591 οὐχ
1357 3485 1742 3588 ὃμοούσιος
1776 3487 1983 3566 ἔσται
2019 3494 2123 3595 τῷ
2163 3488 2468 3590 Πατρὶ
2437 3520 2478 3565 ο
2515 3484 2719 3581 Υἱὸς,
2761 3486 2994 3592 φησί.
3071 3503 3118 3560 ¹5

748 3611 895 3687 Καὶ
931 3608 1126 3705 βαθυ
1160 3609 1293 3709 μέν
1329 3644 1399 3691 τι
1446 3615 1564 3691 καὶ
1614 3611 1873 3715 πικρὸν
1911 3618 2026 3692 καὶ
2071 3612 2406 3714 θεώρημα
2451 3610 3055 3712 δυσανάτρεπτον

631 3733 1058 3837 ἐπιτειχῖσαι
1095 3733 1354 3837 νομίζει
1389 3741 1540 3819 τοῖς
1588 3739 1719 3836 τῆς
1755 3736 2204 3836 Ἐκκλησίας
2247 3735 2629 3838 δόγμασιν,
2667 3735 3053 3816 ἁλώσεται

633 3852 711 3935 δὲ
745 3856 947 3937 οὐδὲν
982 3856 1200 3957 ἦττον
1236 3860 1615 3940 κάντεῦθεν
1653 3867 1922 3964 ληρῶν.
1998 3867 2290 3965 πρῶτον
2325 3894 2456 3958 μεν
2489 3855 2634 3962 γὰρ
2670 3861 3054 3962 ἀλλογενῆ

634 3977 817 4060 κατὰ
879 3979 1108 4089 φύσιν
1164 3981 1793 4081 διαβεβαιούμενος
1859 3981 2035 4065 εἶναι
2097 3982 2224 4065 τὸν
2278 3983 2480 4081 wau,
2537 3985 2655 4061 καὶ
2716 3986 2856 4081 τῆς
2919 3994 3058 4065 τοῦ

634 4101 962 4189 τεκόντος
1018 4107 1269 4191 οὐσίας
1324 4106 1467 4215 ἔξω
1517 4112 1752 4207 τιθεὶς,
1789 4116 1944 4195 πῶς
1989 4108 2081 4189 ἂν
2126 4109 2228 4188 ἔτι
2275 4107 2550 4211 πατέρα
2600 4109 2870 4207 καλοίη
2921 4109 3058 4190 τὸν
3077 4136 3114 4192 f

637 4227 852 4326 Θεὸν,
890 4227 1044 4310 υἱὸν
1080 4232 1155 4312 δὲ
1193 4230 1384 4316 ὅλως
1418 4230 1547 4312 τὸν
1584 4231 1811 4331 Υἱόν;
1876 4239 1935 4313 εἰ
1969 4232 2111 4336 γὰρ
2150 4230 2250 4333 μὴ
2286 4230 2775 4335 γεγεννῆσθαί
2807 4238 3062 4340 φησιν

639 4350 877 4453 αὐτὸν,
947 4357 1301 4454 τουτέστι,
1374 4363 1757 4460 προελθεῖν
1831 4361 1908 4438 ἐκ
1979 4361 2108 4458 τῆς
2181 4357 2432 4440 οὐσίας
2502 4360 2631 4434 τοῦ
2710 4357 3059 4461 Πατρὸς,

642 4523 799 4631 2611.
836 4507 910 4632 «ἒ
921 4524 1016 4579 pro
1038 4507 1188 4633 ἕᾶΕ.
1394 4525 1481 4576 ²4·
1518 4507 1664 4581 Υἱὸς]
1692 4508 2010 4583 Legendum
2033 4518 2097 4565 ut
2121 4508 2230 4565 vid.
2254 4509 2501 4581 γεωργός.
2704 4520 2795 4578 25.
2833 4509 2966 4566 ἔστι
2995 4510 3062 4566 Β.

766 4599 817 4631 n
934 4600 1015 4633 rot
