3238 5158
190 326 380 389 xm.
562 308 679 374 IN
739 308 1375 394 s.⁴JoANNEM.
1465 311 1791 382 max,
1883 313 2091 382 CAP.
2139 312 2238 379 11.
2469 310 2595 376 535

196 481 240 519 ιι
291 470 325 501 «ν
611 479 629 505 ‚
1102 474 1124 502 ν
1438 486 1472 505 ..
1697 486 1731 505 α·
1822 479 1841 506 ·
2119 476 2140 505 e
2332 475 2371 503 »⁵
2580 473 2601 501 ‚
2774 472 2828 523 h.
2852 469 2908 522 ii.

276 506 506 576 αγιον,
572 508 670 560 εις
742 509 1284 581 κατοικητηριον
1345 512 1475 559 του
1540 484 1733 559 Θεου
1803 513 1881 559 εν
1939 483 2333 577 Πνευματι,
2437 477 2577 555 καθ
2629 484 2673 550 d
2694 472 2782 591 ¹²³}

192 596 435 700 ἕτερον
479 598 567 678 δέ
610 633 770 680 τινα
824 596 1094 705 τρόπον
1145 605 1676 701 οἰκοδομεῖσθαι
1728 601 1910 706 πρὸς
1965 609 2178 684 τοῦτο
2231 598 2332 701 μὴ
2390 595 2603 679 δυνά-

193 755 416 821 μενοι,
453 730 512 805 εὶ
549 722 650 825 μὴ
688 724 986 829 γέγονεν
1022 727 1192 827 ἡμῖν
1229 727 1556 827 θεμέλιος
1593 728 1634 807 ὁ
1672 724 2017 831 Χριστός·
2079 726 2265 806 οὕτω
2302 719 2608 805 κάνθάδε

195 844 382 926 κατὰ
440 846 575 947 τὴν
637 849 810 951 ἴσην
874 859 1002 932 τοῦ
1066 850 1420 953 νοήματος
1480 850 1898 954 ἀναλογίαν,
1964 851 2293 950 ἄμπελον
2357 843 2612 928 ἑαυτὸν

130 965 382 1076 ξεῖναί
419 978 610 1080 φησι
657 981 803 1056 τῶν
837 977 927 1083 ἐξ
970 978 1189 1076 αὐτῆς
1240 972 1631 1077 κλημάτων
1669 978 1767 1061 ὡς
1815 976 2089 1080 μητέρα
2137 977 2255 1055 καὶ
2305 968 2606 1078 τροφόν.

197 1095 761 1198 ἀνεγεννήθημεν
813 1099 959 1205 γὰρ
1014 1101 1104 1208 ἐξ
1151 1103 1371 1182 αὑτοῦ
1422 1135 1497 1184 τε
1549 1102 1666 1182 καὶ
1726 1103 1803 1181 ἐν
1858 1101 2052 1209 αὐτῷ
2108 1102 2185 1180 ἐν
2245 1105 2319 1179 Π
2323 1096 2611 1195 νεύματι
2669 1149 2676 1156 ν

196 1216 380 1322 πρὸς
415 1226 915 1329 καρποφορίαν
954 1225 1155 1329 ζωῆς,
1183 1228 1344 1331 οὐχὶ
1380 1229 1508 1325 τῆς
1545 1226 1851 1329 ἀρχαίας
1887 1226 2006 1305 καὶ
2041 1228 2382 1320 παλαιᾶς,
2411 1219 2613 1302 ἀλλὰ

197 1347 327 1443 τῆς
396 1347 473 1426 ἐν
539 1346 897 1448 καινότητι
959 1349 1275 1435 πίστεώς
1339 1384 1417 1431 τε
1485 1354 1602 1431 καὶ
1668 1346 1958 1450 ἀγάπης
2016 1352 2142 1448 τῆς
2206 1353 2302 1435 εἶς
2361 1342 2604 1425 αὐτόν.

201 1470 721 1574 διατηρούμεθα
794 1473 870 1553 δὲ
942 1471 1127 1578 πρὸς
1190 1471 1275 1555 τὸ
1343 1474 1531 1580 ἔχειν
1598 1470 1683 1554 τὸ
1752 1469 1948 1571 εἶναι,
2011 1467 2610 1577 προσπεφυκότες

90 1622 176 1662 10
203 1591 454 1697 ὥσπερ
526 1598 718 1705 αὐτῷ
791 1601 910 1678 καὶ
975 1598 1207 1710 ἀπρὶξ
1264 1595 1587 1704 ἐχόμενοι
1652 1601 1780 1697 τῆς
1844 1595 2375 1701 παραδοθείσης
2437 1594 2609 1694 ἡμῖν
2632 1632 2670 1677 e

205 1717 416 1819 ἀγιάς
475 1721 770 1822 ἐντολῆς
833 1725 951 1804 καὶ
1015 1720 1133 1803 διὰ
1194 1731 1322 1803 τοῦ
1390 1721 1648 1825 σώζειν
1713 1721 2126 1824 ἐπείγεσθαι
2188 1720 2273 1800 τὸ
2336 1721 2415 1800 ἐκ
2480 1722 2608 1817 τῆς

204 1843 546 1945 εὐγενείας
608 1844 904 1948 ἀγαθὸν,
959 1846 1308 1944 τουτέστι,
1367 1845 1485 1927 διὰ
1557 1854 1686 1927 τοῦ
1759 1844 1859 1946 μὴ
1920 1844 2302 1950 ἀνέχεσθαι
2360 1849 2612 1924 λυπεῖν

200 1967 387 2047 κατά
420 2003 491 2048 τι
526 1976 704 2072 γοῦν
740 1969 931 2055 ὅλως
982 1969 1068 2051 τὸ
1115 1969 1510 2051 ἐνοικισθέν
1546 1970 1716 2070 ἡμῖν
1736 1967 2003 2072 Ἀγιον
2043 1975 2359 2068 Πνεῦμα,
2398 1969 2485 2048 δι’
2525 1966 2611 2047 οὗ

202 2100 551 2173 κατοικεῖν
611 2095 688 2175 ἐν
754 2095 923 2194 ἡμῖν
984 2101 1242 2175 νοεῖται
1309 2093 1521 2179 Θεός.
1636 2092 1820 2174 κατὰ
1895 2094 2053 2174 τίνα
2124 2090 2268 2197 γὰρ
2340 2090 2611 2195 τρόπον

89 2239 173 2298 15
201 2213 423 2313 ἐσμὲν
473 2219 550 2298 ἐν
597 2224 906 2328 Χριστῷ
969 2223 1086 2301 καὶ
1143 2217 1358 2304 αὐτὸς
1410 2221 1487 2299 ἐν
1541 2218 1731 2320 ἡμῖν,
1780 2216 1993 2303 αὐτὸς
2048 2217 2215 2318 ἡμῖν
2273 2219 2314 2298 ὁ
2369 2214 2610 2323 σοφὸς

199 2336 538 2441 Ἰωάννης
575 2345 906 2451 ἐπιδείξει
950 2344 1186 2447 λέγων
1224 2353 1270 2391 “
1294 2346 1427 2426 Ἐν
1462 2343 1694 2452 τούτῳ
1742 2342 2190 2447 γινώσκομεν
2227 2341 2336 2422 ὅτι
2385 2339 2608 2438 ἐσμὲν

205 2473 248 2512 “
282 2466 358 2545 ἐν
402 2469 596 2575 αὐτῷ
651 2471 767 2549 καὶ
823 2468 1036 2553 αὐτὸς
1091 2472 1169 2549 ἐν
1216 2469 1408 2569 ἡμῖν,
1452 2470 1531 2549 ἐκ
1580 2476 1711 2549 τοῦ
1749 2474 1819 2548 Π
1828 2467 2168 2567 νεύματος
2217 2468 2301 2548 οῦ
2350 2467 2609 2548 ἔδωκεν

205 2601 250 2639 “
288 2591 522 2691 ἡμῖν,”
578 2597 695 2675 καὶ
758 2595 986 2676 πάλιν
1043 2604 1087 2643 “
1122 2595 1256 2677 Ἐν
1309 2592 1540 2703 τούτῳ
1601 2594 2058 2697 γινώσκομεν
2112 2593 2222 2674 ὅτι
2286 2597 2361 2674 ἐν
2417 2594 2668 2701 afa-<53⁸
2710 2612 2846 2668 858
2863 2609 2947 2668 Δ.

207 2725 251 2762 “
285 2719 533 2815 ἐσμεν·
617 2721 658 2799 ὁ
728 2720 966 2821 λέγων
1029 2722 1106 2800 ἐν
1169 2720 1362 2828 αὐτῷ
1422 2719 1655 2818 μένειν
1717 2720 1996 2827 ὀφείλει
2058 2718 2293 2804 καθὼς
2356 2721 2614 2804 ἐκεῖνος
2699 2686 2943 2817 ὲεξῖἷω

90 2868 181 2929 20
208 2851 255 2888 “
288 2842 768 2946 περιεπάτησε
832 2847 949 2925 καὶ
1011 2843 1223 2929 αὐτὸς
1284 2845 1759 2947 περιπατεῖν·”
1843 2841 1884 2924 ὃ
1952 2847 2070 2925 καὶ
2126 2850 2277 2930 τοῖς
2340 2847 2613 2948 ἀκροω-

205 2962 448 3064 μένοις
500 2967 962 3073 σαφέστερον
1009 2966 1361 3053 καθιστὰς
1415 2970 1603 3049 οὕτω
1660 2971 1852 3075 φησὶ
1906 2968 2133 3050 πάλιν
2171 2978 2214 3017 “
2239 2969 2337 3049 ‘O
2374 2974 2614 3072 τηρῶν
2700 2954 2786 3097 {232
2805 2970 2877 3022 ffi-

207 3099 253 3138 ‘⁶
290 3088 423 3175 τὰς
469 3088 768 3175 ἐντολὰς
819 3091 1039 3173 αὐτοῦ
1085 3094 1160 3171 ἐν
1205 3092 1398 3200 αὐτῷ
1444 3092 1657 3190 μένει,
1693 3095 1809 3172 καὶ
1861 3089 2075 3176 αὐτὸς
2122 3094 2199 3172 ἐν
2236 3093 2491 3200 αὐτῷ.”
2552 3096 2613 3172 εὶ

205 3213 354 3319 γὰρ
407 3216 454 3315 ἦ
508 3213 813 3319 τήρησις
866 3221 1012 3296 τῶν
1067 3219 1384 3297 ἐντολῶν
1438 3217 1571 3316 τὴν
1628 3223 1725 3301 εἰς
1779 3216 1997 3297 αὐτὸν
2045 3215 2339 3319 ἀγάπην
2387 3215 2608 3321 ἐργά-

206 3342 415 3446 ζεται,
452 3341 888 3441 κολλώμεθα
926 3339 1001 3422 δὲ
1047 3338 1164 3422 διὰ
1211 3346 1339 3440 τῆς
1387 3342 1675 3443 ἀγάπης
1722 3342 1935 3448 αὐτῷ,
1972 3347 2128 3426 πῶς
2172 3342 2298 3422 οὐκ
2346 3339 2616 3442 ἀληθὲς

91 3490 191 3569 {a
206 3469 283 3548 ἐν
336 3466 613 3551 τούτοις
673 3467 1002 3573 φαίνεται
1055 3465 1141 3546 τὸ
1199 3465 1607 3567 εἰρημένον,
1690 3465 1908 3569 ὅνπερ
1963 3465 2111 3569 γὰρ
2162 3463 2433 3568 τρόπον
2484 3470 2616 3565 τῆς

205 3591 536 3691 ἀμπέλου
585 3588 669 3671 τὸ
713 3590 1031 3694 πρέμνον
1065 3594 1194 3690 τῆς
1244 3593 1424 3675 ἰδίας
1472 3593 1591 3672 καὶ
1640 3589 1942 3692 ἐνούσης
1991 3593 2184 3700 αὐτῷ
2233 3589 2613 3692 ποιότητος

205 3721 525 3823 φυσικῆς
586 3720 900 3799 διακονεῖ
954 3749 1033 3796 τε
1091 3718 1208 3795 καὶ
1269 3716 1575 3817 διανέμει
1634 3722 1784 3801 τοῖς
1839 3714 2170 3816 κλήμασι
2233 3715 2366 3816 τὴν
2419 3715 2601 3798 ἀπό·
2633 3734 2679 3800 b

204 3852 494 3937 λαυσιν,
551 3843 774 3925 οὕτως
830 3841 871 3920 ὁ
931 3838 1356 3943 Μονογενὴς
1415 3848 1543 3921 τοῦ
1601 3845 1795 3921 Θεοῦ
1851 3839 2110 3943 Λόγος,
2165 3845 2295 3940 τῆς
2348 3876 2426 3923 τε
2481 3849 2612 3923 τοῦ

206 3969 401 4049 Θεοῦ
439 3967 558 4047 καὶ
595 3961 888 4066 Πατρὸς
937 3967 1055 4045 καὶ
1106 3969 1234 4064 τῆς
1283 3964 1535 4044 ἑαυτοῦ
1580 3962 1874 4070 φύσεως
1918 3964 2050 4062 τὴν
2084 3967 2293 4045 οἱονεὶ
2330 3966 2604 4068 συγγέ-

89 4123 178 4183 30
205 4122 400 4169 νειαν
454 4094 603 4171 τοῖς
658 4088 885 4189 ἁγίοις
937 4090 1258 4188 ἐντίθησι
1316 4086 1403 4169 τὸ
1467 4094 1767 4188 Πνεῦμα
1830 4087 2095 4188 διδοὺς,
2156 4086 2278 4171 ἅτε
2339 4088 2429 4190 δὴ
2495 4096 2612 4171 καὶ

204 4217 716 4295 συνενωθεῖσιν
780 4212 972 4321 αὐτῷ
1036 4212 1156 4294 διά
1218 4248 1296 4294 τε
1362 4217 1490 4312 τῆς
1553 4215 1871 4299 πίστεως
1932 4217 2048 4301 καὶ
2108 4216 2237 4312 τῆς
2301 4213 2613 4296 εἶσοίπαν

2698 2343 2947 2423 ign-Iom-

2696 2425 2768 2461 ιιι.
2789 2424 2868 2476 ²4·

278 4426 332 4483 6.
372 4427 427 4483 ἐν
449 4425 589 4497 αὐτῷ
613 4446 671 4478 τε
698 4424 778 4477 καὶ
806 4424 834 4478 ε’
888 4426 1045 4481 αὐτοῦ
1069 4425 1285 4481 inverso
1309 4425 1497 4482 ordine
1524 4418 1667 4482 citt.
2021 4443 2102 4483 12.
2139 4427 2446 4499 συγγενείας
2472 4426 2616 4481 Catt.

212 4519 297 4627 lg.
338 4492 832 4624 “gmssd'4a'fv
866 4496 957 4622 Ettii.
983 4496 1151 4553 invito
1178 4497 1243 4553 Ε.
1769 4495 1850 4551 16.
1889 4496 2133 4567 ἐπιδείξει
2160 4497 2225 4553 Es
2251 4498 2481 4568 ἐπιδείξῃ
2508 4497 2614 4553 Ed.

213 4588 235 4627 1
284 4611 299 4626 .
335 4592 375 4626 π
447 4591 497 4624 ιν
574 4609 587 4621 .
613 4586 721 4636 εμπ
791 4588 840 4621 ιν
953 4607 967 4621 .
