3238 5158
623 341 756 404 482
1233 339 1313 404 Β.
1360 338 1778 404 CYRILLI
1839 339 2418 407 ALEXANDR.
2775 339 2920 404 xiv.
2949 357 3060 405 20.

631 510 930 589 Παῦλος
1004 500 1445 610 ἐξηγήσατο’
1531 504 1800 609 τρόπον
1869 505 1945 587 δὲ
2019 510 2136 588 ε’πί
2208 504 2486 589 τούτοις
2558 509 2709 584 τῶν
2784 504 3066 606 ἑτέρων

627 627 1082 731 περιεκτικὸν,
1144 630 1185 709 ὁ
1243 628 1482 736 σοφος
1542 628 2072 732 εὖαγγελιστὴς
2114 629 2476 730 Ἰωάννης.
2569 626 2846 732 γράφει
2910 623 3071 729 γὰρ

290 738 512 871 {2313}
631 753 816 832 οὕτω
849 756 1014 854 περὶ
1050 758 1384 856 Χριστοῦ
1424 764 1466 802 “
1499 760 1630 838 Εἰς
1673 753 1767 834 τὰ
1803 755 1948 835 ἴδια
1991 751 2201 854 ἦλθε,
2243 757 2361 834 καὶ
2398 761 2466 833 οἰ
2504 753 2665 833 ἴδιοι
2699 749 2940 831 αὐτὸν
2977 751 3072 830 οὐ

629 876 1156 978 “παρέλαβον·
1220 876 1384 958 ὅσοι
1422 876 1498 959 δὲ
1536 875 1812 973 ’ἔλαβον
1847 876 2087 977 αὑτὸν,
2125 879 2383 959 ἔδωκεν
2419 879 2656 961 αὐτοῖς
2699 876 3074 983 ἐξουσίαν

627 1010 671 1050 “
706 1000 918 1081 τέκνα
956 1006 1147 1082 Θεοῦ
1184 1002 1547 1105 γενέσθω,
1583 1010 1734 1087 τοῖς
1769 1002 2245 1085 πιστεύουσιν
2277 1009 2376 1087 εἰς
2412 1003 2497 1082 τὸ
2533 1001 2766 1100 ὄνομα
2802 1003 3070 1098 αὐτοῦ,
3093 1029 3128 1089 5
3203 994 3204 1009 ’

651 1123 777 1204 ὀἳ
832 1126 958 1205 οὐκ
1014 1125 1105 1232 ἐξ
1158 1125 1498 1225 αἱμάτων,
1555 1126 1715 1207 οὐδὲ
1775 1128 1854 1207 ἐκ
1918 1124 2324 1226 θελήματος
2387 1161 2683 1229 σαρκος,
2742 1124 2920 1205 οὐδὲ
2987 1130 3072 1206 ἐκ

628 1259 673 1298 “
710 1248 1117 1349 θελήματος
1167 1250 1453 1355 ἀνδρὸς,
1494 1252 1667 1330 ἀλλ’
1708 1253 1787 1331 ἐκ
1826 1256 2019 1331 Θεοῦ
2056 1251 2611 1354 ἐγεννήθησανῗ
2668 1250 3072 1354 πρόδηλον

628 1374 756 1454 οὖν
816 1409 960 1477 αρα
1028 1378 1145 1455 καὶ
1207 1381 1441 1456 πᾶσιν
1500 1371 1698 1474 οἶμαι
1765 1373 2125 1482 διαφανες,
2187 1409 2297 1455 οτι
2358 1373 2634 1455 τούτων
2690 1375 2912 1454 ἕνεκα
2975 1374 3068 1474 δὴ

571 1530 609 1577 ο
629 1498 961 1600 μάλιστα
996 1506 1142 1580 τῶν
1178 1504 1425 1579 αἰτιῶν
1462 1497 1650 1584 Θεος
1687 1503 1806 1580 καὶ
1838 1502 1915 1580 ἐκ
1953 1505 2149 1580 Θεοῦ
2183 1497 2368 1579 κατὰ
2404 1498 2706 1604 φύσιν
2669 1495 3063 1604 υπάρχων,

630 1626 1008 1729 ἅνθρωπος
1042 1622 1337 1778 γέγονεν
1375 1625 1415 1703 ὁ
1456 1622 1973 1727 Μονογενὴς,”
1939 1660 2054 1705 ινα
2104 1621 2440 1724 δηλονότι
2486 1624 2889 1728 κατακρίνῃ
2927 1622 3067 1722 μὲν
3091 1659 3150 1702 ιο

627 1746 761 1848 τὴν
796 1749 1152 1852 ἁμαρτίαν
1188 1750 1264 1828 ἐν
1301 1753 1391 1854 τῇ
1430 1751 1674 1852 σαρκὶ,
1715 1782 2043 1854 νεκρωσῃ
2094 1748 2173 1828 δὲ
2220 1753 2325 1856 τῷ
2377 1750 2530 1855 ἰδίῳ
2581 1746 2880 1854 θανάτῳ
2933 1745 3066 1828 τὸν

629 1871 961 1970 θάνατον,
1000 1874 1117 1951 καὶ
1157 1870 1349 1956 υἱους
1385 1872 1571 1970 ἡμᾶς
1608 1871 1955 1979 ἀποδείξῃ
1995 1876 2212 1968 Θεοῦ,
2246 1906 2431 1974 προς
2466 1870 2551 1952 τὸ
2591 1868 2770 1973 ὑπὲρ
2819 1869 3066 1975 φυσιν

628 1996 913 2103 ἀξίωμα
961 1992 1127 2080 τοὺς
1183 1994 1395 2081 ὄντας
1447 1998 1565 2075 ἐπὶ
1618 1999 1748 2095 τῆς
1801 2000 1938 2098 γῆς
1983 1993 2481 2103 ἀναγεννήσας
2529 1997 2605 2075 ἐν
2645 1992 3058 2092 Πνεύματι.

627 2117 718 2220 ἦν
774 2118 917 2222 γὰρ
974 2118 1204 2220 δήπου
1259 2122 1377 2200 καὶ
1431 2116 1638 2218 μάλα
1693 2126 1957 2216 καλῶς,
2016 2118 2199 2199 κατὰ
2253 2121 2536 2200 τουτονὶ
2592 2118 2719 2199 τὸν
2775 2118 3062 2221 τρόπον

629 2243 1421 2351 ἀνακεφαλαιώσασθαι
1472 2242 1700 2324 πάλιν
1737 2245 1855 2324 καὶ
1909 2250 2004 2327 εἰς
2054 2242 2140 2323 τὸ
2191 2245 2493 2349 ἀρχαῖον
2529 2244 2940 2339 ἀναλαβεῖν
2973 2242 3058 2323 τὸ
3085 2272 3143 2333 ις

630 2372 1119 2468 διολισθῆσαν
1153 2368 1379 2471 γένος,
1419 2369 1773 2467 τουτέστι,
1810 2365 1895 2449 τὸ
1933 2367 2414 2472 ἀνθρώπινον.

748 2490 994 2573 Πάλιν
1049 2490 1365 2592 ἑκάστην
1419 2496 1522 2599 τῷ
1590 2490 1795 2600 λόγῳ
1857 2492 2296 2596 παραθέντες
2354 2497 2501 2571 τῶν
2555 2489 2819 2595 ἀρτίως
2887 2493 3060 2592 ἡμῖν

566 2628 611 2695 d
635 2618 1013 2723 εἰρημένων
1050 2623 1314 2716 αἰτιῶν,
1352 2619 1456 2698 ἐπ’
1497 2618 1679 2723 αὐτῇ
1727 2617 1819 2697 τὰ
1869 2615 2105 2698 εἰκότα
2151 2615 2501 2720 λέγωμεν.
2584 2622 2736 2700 πῶς
2778 2614 2936 2720 γὰρ
2971 2618 3059 2698 ἂν

634 2748 750 2824 καὶ
786 2742 1048 2846 πρέποι
1096 2749 1282 2822 νοεῖν
1319 2740 1676 2845 ζητητέον,
1713 2739 1824 2821 ὅτι
1875 2740 2234 2845 κατέκρινε
2280 2740 2414 2841 τὴν
2450 2740 2811 2844 ἁμαρτίαν
2847 2745 2934 2823 ἐν
2970 2737 3059 2848 τῇ

633 2870 878 2970 σαρκὶ,
914 2867 1216 2973 πέμψας
1267 2864 1396 2947 τὸν
1431 2865 1613 2946 ἴδιον
1649 2864 1830 2946 Υἰὸν
1867 2867 1907 2945 ὁ
1946 2862 2133 2949 Θεὸς
2185 2868 2304 2946 καὶ
2353 2864 2611 2966 Πατὴρ
2660 2866 2737 2944 ἐν
2778 2867 3052 2964 ὃμοιῶ·
3079 2901 3142 2946 20

633 3025 807 3093 ματι
855 2990 1131 3093 σαρκὸς
1182 2991 1557 3094 ἁμαρτίας.
1637 2988 1829 3070 Θεὸν
1864 2988 2007 3092 γὰρ
2059 2988 2234 3070 ὄντα
2284 2986 2473 3069 κατὰ
2520 2987 2776 3096 φύσιν,
2797 2995 2948 3100 ,καὶ
2985 2993 3060 3070 ἐκ

634 3119 765 3217 τῆς
800 3115 1053 3199 οὐσίας
1091 3114 1308 3195 αὐτοῦ
1343 3112 1721 3220 πεφηνότα
1758 3117 1876 3193 καὶ
1910 3110 1997 3194 τὸ
2033 3113 2387 3216 ἀτρεπτον
2421 3113 2681 3220 ἔχοντα
2717 3119 3060 3219 φυσικῶς

635 3243 765 3338 τῆς
821 3238 1166 3338 ἰδιότητος
1221 3239 1460 3336 αὐτοῦ,
1512 3237 1629 3318 διά
1684 3272 1762 3317 τε
1818 3245 2031 3317 τοῦτο
2083 3233 2185 3336 μὴ
2242 3236 2479 3318 εἰδότα
2532 3245 2925 3324 παντελῶς
2978 3237 3062 3319 τὸ

638 3367 1031 3444 διολισθεῖν
1076 3368 1173 3448 εἰς
1231 3361 1605 3465 ἁμαρτίαν,
1645 3359 1870 3463 ἤγουν
1914 3361 2509 3465 παρατρέπεσθαί
2552 3395 2679 3444 ποι
2730 3360 2929 3464 πρὸς
2979 3360 3062 3443 τὸ

641 3485 744 3586 μὴ
800 3487 966 3590 ἕχον
1022 3488 1274 3589 ὀρθῶς,
1320 3493 1419 3570 εἰς
1474 3484 1606 3585 τὴν
1663 3484 2217 3566 ὑποπίπτουσαν
2269 3492 2362 3590 τῇ
2416 3489 2637 3590 σαρκὶ
2694 3487 3063 3590 ἁμαρτίαν
3085 3517 3146 3580 ²5

584 3641 621 3685 e
645 3613 1043 3709 καταβῆναι
1096 3609 1644 3711 παρεσκεύασεν
1690 3611 2030 3708 ἐθελοντὶ,
2065 3609 2184 3690 ’ἵνα
2238 3610 2422 3689 ἰδίαν
2464 3607 2689 3710 αὐτὴν
2725 3613 3056 3711 ποιησά-

642 3765 853 3834 μενος
898 3730 1160 3836 σάρκα,
1196 3730 1378 3833 πρὸς
1429 3731 1514 3811 τὸ
1564 3733 1745 3814 ἴδιον
1791 3735 2009 3813 αὐτοῦ
2058 3736 2176 3814 καὶ
2228 3732 2546 3841 φυσικὸν
2579 3736 3058 3842 μεταστήσῃ,

643 3856 994 3953 τουτέστι,
1050 3854 1134 3935 τὸ
1188 3852 1290 3956 μὴ
1351 3855 1805 3960 ἁμαρτάνειν.
1899 3858 1984 3938 οὐ
2048 3855 2192 3963 γὰρ
2256 3857 2486 3959 δήπου
2547 3858 3065 3960 διακεισόμεθα

645 3986 1079 4088 φρονοῦντες
1114 3981 1363 4083 ὀρθῶς,
1400 3979 1511 4060 ὅτι
1547 3980 1635 4081 δὴ
1672 3981 1872 4090 μόνῳ
1906 3987 2010 4090 τῶ
2047 3981 2279 4091 οἰκείῳ
2328 3987 2477 4090 ναῷ
2525 3990 2739 4064 τοῦτο
2789 4019 3060 4089 κατ-ορ,

645 4104 910 4185 θώσων
954 4103 1249 4208 γέγονεν
1294 4103 1669 4207 ἅνθρωπος
1719 4105 1760 4184 ὁ
1817 4105 2266 4208 Μονογενής’
2333 4113 2479 4188 ποῦ
2530 4103 2673 4211 γὰρ
2724 4104 2818 4186 ἂν
2867 4108 3065 4195 ὅλως
3084 4149 3140 4210 30

646 4230 878 4336 ὁρῷτο
912 4233 1040 4329 τῆς
1078 4232 1174 4314 ὡς
1210 4230 1394 4329 ἡμᾶς
1430 4227 1745 4336 ἀφίξεως
1779 4228 1865 4309 τὸ
1900 4228 2449 4335 μεγαλοπρεπὲς
2487 4233 2605 4310 καὶ
2641 4231 3057 4337 ὠφέλιμον,

720 4456 774 4511 8.
720 4453 937 4511 Selom
961 4473 1060 4529 pro
1081 4454 1223 4528 οἶμαι
1248 4456 1315 4513 Ε.
1574 4474 1661 4512 21.
1697 4456 1951 4541 ἁμαρτίαν
1973 4457 2040 4512 Ε.
2299 4471 2385 4529 25.
2424 4456 2862 4531 Legendumne‘
2831 4458 3058 4531 αμαρτίς

648 4548 689 4581 cr
703 4527 718 4547 '
786 4548 819 4580 α
692 4530 935 4654 ‘RE
1177 4546 1265 4601 30.
1302 4528 1571 4601 ἅνθρωπος
1593 4529 1809 4602 ’γέγονεν
1829 4529 2044 4584 inverso
2067 4527 2257 4584 ordine
2282 4528 2350 4586 Ε.
2670 4544 2765 4601 31.
2801 4532 2967 4603 ὁρᾶτο
2990 4531 3056 4587 Ε.

771 4619 844 4654 m
