3238 5158
605 311 738 374 424
1215 310 1289 375 B.
1340 309 1764 374 CYRILLI
1825 309 2401 374 ALEXANDR.
2789 310 2945 373 xiv.
2975 329 3037 393 9.

609 472 774 553 ὅποι
822 471 998 554 ποτὲ
1049 476 1402 569 βαδιεῖται
1456 476 1585 572 τῆς
1640 473 1910 557 εὐθείας
1967 476 2138 553 ὁδοῦ
2194 472 2628 555 διεκπίπτων
2673 474 2714 551 ὁ
2768 469 3042 572 λόγος,

611 603 728 676 καὶ
767 603 864 681 εἶς
901 594 1052 675 οἷον
1091 596 1501 700 ἀποκομίζει
1539 596 1912 700 βάραθρον
1950 596 2115 683 τοὺς
2150 601 2377 678 ἐκεῖνα
2410 593 3037 702 πεφρονηκότας;

552 747 587 791 θ
611 718 814 798 ἀλλὰ
850 722 983 817 ναὶ,
1022 721 1336 817 δύναται,
1375 723 1585 826 φησὶ,
1625 719 1853 799 καίτοι
1889 719 2187 822 γενητὸς
2240 721 2583 826 ὑπάρχων
2622 722 2662 799 ὁ
2699 717 2891 802 ’Υἱὸς
2946 717 3049 796 τὰ

609 848 736 946 τῆς
788 843 1081 951 φύσεως
1132 844 1312 949 ἔργα
1355 853 1711 949 πληροῦν,
1749 844 1973 951 δόξαν
2010 847 2196 925 οὕτω
2233 852 2337 951 τῷ
2373 850 2542 950 Θεῷ
2579 847 2698 924 καὶ
2740 844 3039 944 Πατρί.

610 963 764 1049 εἶτα
815 970 891 1049 τί
938 968 1196 1050 τούτου
1252 975 1581 1076 φανεῖται
1637 966 1722 1049 τὸ
1779 968 2409 1073 δυσσεβέστερον;
2458 967 2680 1049 ὀὐδὲν
2715 965 2873 1070 γὰρ
2934 967 3045 1046 ἔτι
3074 991 3111 1050 5

609 1091 695 1172 τὸ
731 1093 970 1198 μεῖζον
1006 1096 1163 1195 ἤτοι
1207 1093 1293 1173 τὸ
1338 1093 1568 1175 πλέον
1600 1096 1676 1174 ἐν
1717 1099 1884 1200 Θεῷ
1916 1093 2116 1196 παρὰ
2152 1092 2285 1194 τὴν
2320 1095 2581 1190 κτίσιν,
2616 1098 2675 1171 εἰ
2720 1094 2843 1172 καὶ
2896 1091 3048 1189 τὴν

610 1220 738 1315 τῆς
790 1215 1127 1319 θεότητος
1180 1217 1405 1325 δόξαν
1446 1252 1523 1298 τε
1578 1221 1698 1298 καὶ
1745 1217 2046 1315 δύναμιν
2090 1219 2270 1324 αὐτῇ
2316 1215 2836 1322 περιθήσομεν.
2930 1211 3044 1313 μὴ

609 1339 756 1443 γάρ
790 1376 898 1427 τις
932 1344 1012 1422 ἐκ
1047 1345 1628 1450 φρενοβλαβείας
1666 1341 1928 1422 οἰέσθω
1962 1346 2250 1442 πολλῆς
2294 1339 2743 1450 ἀξιάγαστόν
2778 1373 2859 1418 τι
2912 1341 3043 1419 καὶ

612 1466 802 1570 μέγα
829 1470 994 1571 περὶ
1032 1473 1215 1547 Υἶοῦ
1253 1474 1543 1574 φρονεῖν
1580 1501 1658 1546 τε
1695 1469 1813 1546 καὶ
1851 1465 2107 1567 λέγειν,
2144 1467 2254 1546 ὅτι
2291 1468 2565 1566 κτίσμα
2608 1465 2739 1565 μέν
2773 1466 3035 1561 ἐστιν,

614 1593 751 1696 οὐχ
787 1596 884 1677 ὡς
921 1591 997 1673 ἓν
1035 1591 1112 1672 δὲ
1148 1598 1293 1672 τῶν
1330 1591 1773 1689 κτισμάτων·
1831 1590 2015 1672 ἴστω
2053 1590 2129 1672 δὲ
2165 1593 2249 1671 οὐ
2279 1597 2548 1695 μικρῶς·
2582 1593 2852 1670 ἀδικῶν
2890 1587 3040 1688 τὴν
3072 1618 3143 1658 10

278 1735 409 1792 ’179
429 1732 511 1788 Δ.
557 1714 842 1822 αδόξαν
878 1718 1122 1798 αὐτοῦ.
1200 1717 1284 1796 οὐ
1329 1714 1477 1818 γὰρ
1532 1721 1593 1795 εἰ
1643 1715 2008 1822 ἐξαίρετον
2043 1717 2187 1822 ἔχει
2236 1713 2370 1816 τὴν
2406 1715 2637 1823 φύσιν
2672 1713 2881 1814 παρὰ
2936 1712 3038 1793 τὰ

284 3708 440 3761 Ezzk.

281 3778 384 3828 xiii.
411 3790 462 3839 3.

615 1841 820 1918 ἄλλα
883 1839 1246 1938 κτίσματα
1313 1839 1667 1944 ζητητέον,
1725 1841 1894 1919 ἀλλ’
1954 1847 2011 1921 εὶ
2069 1841 2367 1943 γέγονεν
2421 1839 2635 1923 ὅλως.
2728 1835 2813 1918 τὸ
2873 1837 3039 1940 γὰρ

614 1961 791 2043 εἶναι
866 1965 1139 2062 κτίσμα
1200 1970 1356 2048 πῶς
1417 1964 1508 2043 ἂν
1568 1963 1929 2070 διαφύγοι,
1989 1972 2047 2045 εἱ
2113 1971 2231 2047 καὶ
2295 1964 2589 2045 πάντων
2647 1967 2802 2042 ἐστὶ
2872 1970 3035 2041 τῶν

616 2085 1037 2186 κτισμάτων
1091 2084 1177 2168 τὸ
1233 2087 1695 2192 κάλλιστον,
1780 2090 2237 2191 ἀδικουμένης
2295 2088 2371 2170 δὲ
2427 2095 2553 2188 τῆς
2612 2087 2826 2195 δόξης
2890 2094 3031 2167 τοῦ

615 2216 798 2292 Υἱοῦ
863 2214 940 2291 ἐν
1000 2218 1105 2321 τῷ
1170 2211 1512 2313 γενέσθαι
1577 2213 1824 2315 λέγειν
1887 2213 2123 2312 αὑτὸν,
2187 2216 2267 2296 τί
2322 2213 2557 2314 μα’την
2620 2212 3022 2313 ἐπάγουσι,
3062 2229 3125 2288 ¹5

616 2334 943 2439 καθάπερ
977 2371 1048 2417 τι
1085 2334 1471 2441 φάρμακον
1509 2340 1726 2444 αὐτῷ,
1761 2336 1847 2418 τὸ
1884 2341 1960 2418 ἐν
1996 2344 2099 2447 τῷ
2148 2339 2531 2446 καλλίστῳ
2577 2344 2722 2417 τῶν
2756 2336 3027 2417 ἄλλων

617 2458 961 2566 ὑπάρχειν
1018 2462 1274 2569 τόπῳς
1358 2463 1744 2566 ὑβριοῦμεν
1808 2472 2193 2567 τοιγαροῦν
2258 2464 2390 2564 τὴν
2447 2470 2576 2543 τοῦ
2642 2468 2832 2541 Θεοῦ
2902 2464 3026 2541 καὶ

620 2585 913 2691 Πατρός
963 2588 1238 2686 οὐσίαν,
1286 2592 1345 2667 εἱ
1393 2594 1624 2667 ταῦτα
1673 2586 2030 2668 δύνασθαι
2083 2595 2478 2694 κατορθοῦν
2527 2585 3025 2690 περιθήσομεν

616 2717 720 2821 τῷ
775 2717 952 2821 Υἱῷ,
1007 2719 1284 2821 γενητῷ
1346 2715 1464 2792 καὶ
1530 2714 1723 2822 αὐτῷ
1788 2713 2238 2818 τυγχάνοντι,
2297 2711 2480 2793 κατὰ
2543 2712 2671 2794 τὸν
2732 2712 3023 2792 ἐκείνων

549 2849 594 2915 b
618 2838 860 2936 ἀμαθῆ
898 2841 1015 2917 καὶ
1064 2836 1412 2917 ἀσύνετον
1449 2836 1837 2939 λογισμόν.
1899 2841 2027 2917 οὐκ
2077 2838 2472 2946 ἀνεξόμεθα
2524 2835 2602 2917 δὲ
2652 2834 3023 2937 λεγόντων
3051 2868 3117 2910 20

619 2962 876 3061 αὐτῶν,
932 2961 1043 3042 ὅτι
1106 2961 1200 3041 τὰ
1264 2966 1393 3061 τῆς
1454 2959 1787 3061 θεότητος
1847 2962 2025 3064 ἔργα
2084 2968 2443 3066 κατορθοῖ,
2499 2962 2772 3057 κτίσμα
2832 2958 3021 3039 κατὰ

619 3083 850 3191 φύσιν
905 3086 1250 3192 ὑπάρχων
1305 3088 1345 3166 ὃ
1400 3085 1596 3184 Υἱὸς,
1655 3089 1843 3166 οὕτω
1900 3085 2124 3194 δόξαν
2178 3092 2281 3195 τῷ
2340 3091 2506 3194 Θεῷ
2569 3087 2685 3165 καὶ
2744 3086 3013 3187 Πατρί.

617 3214 677 3288 εἶ
731 3207 865 3308 μὲν
915 3209 1056 3316 γὰρ
1110 3212 1360 3317 ἔχουσι
1407 3210 1746 3291 δεικνύειν
1793 3218 2008 3292 τοῦτο
2065 3210 2209 3291 ἀπὸ
2263 3214 2391 3310 τῆς
2446 3210 2637 3293 θείας
2690 3213 3014 3316 γραφῆς,

614 3334 1250 3440 παρακομιζόντων
1306 3335 1354 3416 ἃ
1405 3334 1824 3435 βούλονται,
1873 3339 1992 3416 καὶ
2054 3334 2597 3437 ἀκαπηλεύτους
2666 3335 2835 3434 ἡμῖν
2889 3331 3018 3418 τὰς

616 3465 764 3538 τῶν
802 3462 1027 3563 ἁγίων
1062 3461 1471 3565 τηρούντων
1510 3460 1783 3566 φωνάς·
1847 3466 1907 3540 εἶ
1945 3460 2021 3540 δὲ
2056 3460 2347 3563 γνώμης
2395 3460 2574 3543 ἶδίας
2619 3456 3011 3560 εὑρήματα,
3046 3485 3113 3546 25

619 3585 739 3663 καὶ
774 3582 938 3668 τοὺς
975 3588 1092 3667 ἐπὶ
1127 3585 1359 3693 τούτῳ
1394 3585 1814 3686 πεποίηνται
1850 3582 2272 3688 λογισμοὺς,
2309 3584 2691 3689 χαριέντως·
2725 3585 3021 3685 ἐροῦμεν

623 3719 667 3757 “
705 3712 895 3790 Οὐαὶ
933 3716 1081 3794 τοῖς
1115 3708 1701 3814 προφητεύουσιν
1738 3708 1884 3791 ἀπὸ
1921 3711 2212 3813 καρδίας
2248 3708 2555 3788 αὐτῷν·”
2614 3710 2841 3788 ἐκεῖνα
2875 3706 3019 3810 γὰρ

564 3872 599 3916 c
624 3834 957 3933 δώσομεν
1006 3832 1275 3914 ἐθέλειν
1322 3836 1428 3912 ἀεὶ
1482 3830 1611 3913 τὸν
1651 3834 1967 3938 Πατέρα,
2005 3831 2055 3915 ἃ
2106 3831 2238 3934 τὴν
2281 3834 2477 3914 θείαν
2522 3833 2740 3912 αὐτοῦ
2796 3830 3022 3937 δόξαν

624 3957 1232 4062 ἀπαραχάρακτον
1281 3954 1425 4038 οἶδε
1481 3966 1739 4062 τηρεῖν,
1786 3961 1903 4038 καὶ
1958 3965 2103 4039 τῶν
2151 3959 2311 4061 περὶ
2367 3958 2586 4036 αὐτοῦ
2640 3956 3022 4059 δογμάτων

624 4081 954 4185 διασώζει
1001 4081 1134 4182 τὴν
1180 4082 1560 4185 ὀρθότητα.
1638 4085 1893 4163 οὐκοῦν
1938 4090 2091 4166 ταῖς
2138 4082 2419 4162 ἐκείνων
2462 4083 2881 4165 ἀσυνεσίαις
2933 4077 3019 4160 τὸ
3044 4111 3113 4172 30

623 4208 982 4312 ε’ῤῥῶσθαι
1020 4205 1453 4313 φράσαντες,
1491 4210 1606 4289 ἐπὶ
1658 4207 1787 4287 τὸν
1825 4210 2064 4308 ἀληθῆ
2115 4210 2278 4310 περὶ
2326 4206 2542 4286 αὐτοῦ
2588 4205 3020 4310 χωρήσομεν

701 4496 783 4552 13.
820 4476 948 4534 εἶναι
970 4498 1070 4551 pro
1093 4482 1156 4537 ἂν
1179 4480 1246 4536 Ε.
1417 4481 1501 4535 18.
1536 4480 1583 4535 εἶ
1608 4480 1674 4535 Ε.
1698 4479 1729 4548 ἣ
1756 4479 1859 4536 Ed.
2034 4495 2227 4548 22-24.
2263 4482 2293 4533 ὁ
2317 4475 2789 4543 Υἱὸς-βούλονται
2813 4493 2923 4530 om.
2951 4475 3013 4529 E.

625 4567 713 4621 31.
750 4551 1002 4621 ἐρρᾶσθαι
1027 4552 1093 4608 Ε.
1200 4550 1511 4623 χωρήσομεν
1536 4552 1600 4605 E.
1625 4550 1949 4622 χωρῆσωμεν
1976 4550 2079 4606 Ed.
