3238 5158
164 352 293 417 xiv.
325 371 427 435 24.
721 352 836 417 IN
897 352 964 417 S.
1013 351 1527 418 JOANNEM.
1622 351 1811 418 LIB.
1861 353 1945 419 X.
2444 355 2570 417 505

165 522 403 596 εἰδεῖεν
440 516 551 598 ὅτι
588 517 783 599 Θεὸν
817 517 1259 618 τετιμήκασι,
1297 524 1446 602 τοῖς
1494 520 1662 621 παρ’
1705 518 1921 598 αὐτοῦ
1965 515 2308 620 γεγονόσι
2346 552 2566 598 κατα-

164 640 569 742 πειθόμενοι
607 642 882 747 λόγοις·
946 648 1011 723 οἰ
1063 642 1152 723 δέ
1191 676 1276 744 γε
1326 640 1509 745 πρὸς
1559 642 1645 722 τὸ
1695 641 1927 750 τούτῳ
1969 640 2314 725 πεσόντες
2359 645 2561 721 ε’ναν-
2597 667 2634 711 0

163 767 341 864 τίον,
377 769 496 847 καὶ
544 775 700 851 ταῖς
749 767 1130 851 ἀπειθείαις
1176 765 1308 866 τὴν
1350 770 1687 847 δοθεῖσαν
1730 764 2029 866 ἐντολὴν
2065 764 2452 873 ἐξυβρίζειν
2489 766 2572 844 οὐ

161 890 740 995 παραιτούμενοι,
776 896 874 975 εἰς
910 890 1134 991 αὐτὴν
1171 889 1670 993 ἁμαρτάνουσι
1718 888 1851 990 τὴν
1886 889 2179 971 πάντων
2214 889 2573 984 βασιλίδα

91 1038 132 1100 5
165 1014 421 1122 φύσιν.
502 1012 593 1114 ἦν
639 1011 711 1094 δὲ
767 1012 856 1114 δὴ
906 1013 1131 1096 πάλιν
1169 1014 1354 1094 κατὰ
1408 1015 1537 1094 δύο
1585 1012 1895 1118 τρόπους
1943 1013 2070 1095 τὸν
2106 1020 2252 1094 τῶν
2286 1016 2566 1116 ἀκροω-

160 1139 402 1238 μένων
456 1139 1038 1247 ἀσφαλίσασθαι
1093 1148 1284 1219 νοῦν·
1355 1137 1402 1241 ἢ
1459 1137 1604 1241 γὰρ
1660 1136 1745 1219 τὸ
1802 1139 2037 1219 θέλειν
2088 1141 2391 1237 τιμῆσαι
2443 1135 2575 1216 τὸν

163 1260 363 1343 Θεὸν
415 1263 831 1370 προτρέψω
887 1261 1178 1347 πάντως
1234 1268 1334 1348 εἰς
1388 1265 1801 1362 εὐπείθειαν,
1857 1262 2084 1365 ἤγουν
2136 1261 2222 1342 τὸ
2277 1260 2574 1343 δεδιέναι

159 1387 646 1492 προσκρούειν
696 1389 892 1496 αὐτῷ
944 1394 1158 1469 τοῦτο
1208 1385 1298 1487 δὴ
1347 1386 1576 1469 πάλιν
1610 1385 2021 1491 ἐργάσεται.
2097 1384 2239 1468 εἰσι
2287 1385 2435 1491 γάρ
2483 1387 2570 1466 δι’

161 1513 441 1617 ἀμφοῖν
504 1512 545 1591 ὁ
617 1518 747 1592 τοῦ
821 1513 1187 1617 χρησίμου
1260 1545 1336 1590 τε
1411 1514 1529 1591 καὶ
1603 1511 2107 1619 συμφέροντος
2181 1508 2565 1613 λογισμός.

54 1667 137 1707 10
166 1635 408 1737 λέγων
450 1635 525 1716 δὲ
576 1633 686 1716 ὅτι
734 1642 853 1718 οὐκ
910 1636 1084 1717 ἔστιν
1126 1633 1284 1746 ἒμός
1336 1645 1366 1717 ὁ
1418 1641 1650 1740 λόγος,
1690 1637 1848 1740 οὐχὶ
1903 1634 1992 1736 δὴ
2046 1634 2333 1719 πάντως
2388 1635 2575 1736 ἡμᾶς

165 1758 507 1865 ἐξίστησι
541 1768 669 1840 τοῦ
706 1761 888 1841 ἰδίου
921 1760 1348 1864 προσώπου,
1387 1757 1706 1863 καθάπερ
1735 1762 1894 1840 ἐστὶ
1932 1757 2173 1864 Λόγος
2207 1762 2322 1840 καὶ
2362 1759 2569 1843 Θεός·
2598 1780 2646 1846 d

161 1881 406 1984 ἐπειδὴ
455 1883 532 1965 δὲ
578 1883 712 1983 τὴν
746 1884 1096 1986 οἰκετικὴν
1132 1885 1316 1991 ἔχων
1367 1882 1663 1990 μορφὴν
1713 1883 1815 1964 ἔτι
1866 1886 1983 1964 καὶ
2030 1888 2107 1965 ἐν
2150 1885 2575 1992 ἀνθρωπίνῳ

162 2006 596 2114 φαινόμενος
659 2006 987 2114 σχήματι
1053 2012 1173 2089 καὶ
1247 2007 1589 2113 ὑπάρχων
1654 2011 1946 2109 ἀληθῶς
2011 2008 2173 2087 καθ’
2235 2009 2418 2107 ἡμᾶς
2481 2005 2576 2089 τά

162 2131 463 2212 τοιαῦτά
515 2138 770 2238 φησιν,
822 2134 951 2213 οὐκ
1007 2132 1458 2237 ἀνθρώπινον
1511 2131 1641 2213 τὸν
1696 2133 1948 2212 ἑαυτοῦ
2010 2137 2330 2212 νοεῖσθαι
2386 2131 2570 2228 βού-

61 2272 136 2332 15
168 2266 372 2336 λεται
424 2256 674 2360 λόγον,
719 2255 922 2338 ἀλλά
977 2261 1164 2337 θεῖον
1210 2254 1435 2340 ὅντως
1481 2260 1597 2336 καὶ
1648 2253 2061 2353 βασιλικὸν,
2106 2254 2577 2360 περιενεγκὼν

164 2378 569 2484 ἀναγκαίως
630 2386 727 2466 εἰς
787 2379 874 2463 τὸ
939 2389 1068 2462 τοῦ
1137 2386 1210 2461 Π
1214 2381 1431 2485 ατρὸς
1495 2380 1921 2484 πρόσωπον,
1975 2380 2094 2460 ἵνα
2156 2377 2258 2480 μὴ
2321 2382 2577 2462 διελὼν

165 2502 442 2603 ἑαυτὸν,
482 2503 612 2587 δύο
650 2503 912 2588 λοιπὸν
950 2505 1140 2591 υἱοὺς
1178 2510 1497 2587 νοεῖσθαι
1530 2504 2083 2612 παρασκευάσῃ,
2119 2502 2216 2590 εἷς
2264 2503 2364 2586 ὧν
2400 2503 2577 2590 ’Υἱὸς

167 2631 286 2708 καὶ
320 2628 466 2734 πρὸ
516 2634 644 2731 τῆς
691 2631 1136 2736 σαρκώσεως
1183 2633 1302 2710 καὶ
1351 2629 1535 2730 μετὰ
1570 2630 1702 2731 τὴν
1737 2628 2141 2733 σάρκωσιν·
2203 2622 2300 2713 εἷς
2344 2629 2490 2734 γάρ
2535 2633 2578 2710 ὁ

169 2751 521 2856 Χριστὸς,
559 2757 677 2834 καὶ
726 2756 811 2835 οὖ
860 2753 989 2836 δύο
1033 2753 1219 2835 κατά
1271 2789 1489 2838 τινας.
1570 2753 1760 2837 Θεὸς
1813 2753 1957 2856 γὰρ
2007 2751 2106 2834 ὧν
2144 2756 2184 2834 ὁ
2224 2749 2464 2856 Λόγος
2501 2756 2577 2834 ἐκ
2665 2758 2835 2886 13ξὲξῦ

62 2906 145 2947 20
177 2875 472 2980 Πατρος
525 2879 777 2981 γε’γονε
838 2876 1059 2987 σὰρξ,
1118 2877 1303 2959 κατά
1366 2877 1502 2979 τὴν
1558 2876 1897 2958 Ἰωάννου
1958 2877 2231 2986 φωνὴν,
2289 2881 2414 2959 οὐκ
2482 2885 2578 2963 εἰς
2599 2911 2635 2954 e
2687 2863 2699 2876 ⁶

169 2999 417 3106 σάρκα
469 3004 1122 3103 μεταβεβλημένος,
1166 3005 1336 3082 ἀλλ’
1380 3005 1564 3083 ἰδίαν
1608 3000 2097 3103 ποιησάμενος
2151 3002 2396 3106 σάρκα
2451 3003 2579 3084 τὸν

171 3127 251 3207 ἐκ
292 3130 422 3227 τῆς
460 3127 669 3229 ἁγίας
702 3127 1063 3230 παρθενου
1100 3124 1294 3209 ναόν.
1354 3131 1474 3208 ἵνα
1509 3129 1750 3209 τοίνυν
1782 3125 1884 3227 μὴ
1921 3128 2369 3232 ἀνθρώπινον
2405 3126 2581 3211 εἶναι

172 3248 563 3354 νομίζωμεν
622 3249 750 3332 τὸν
811 3249 1040 3353 λόγον
1101 3252 1341 3350 αὐτοῦ,
1401 3251 1579 3353 μηδὲ
1642 3255 1771 3352 τῆς
1847 3253 2036 3336 θείας
2110 3251 2582 3354 εκστήσωμεν

171 3375 468 3482 φύσεως
541 3376 626 3456 τὸ
687 3373 990 3478 μάθημα
1052 3373 1138 3457 τὸ
1198 3376 1695 3480 εὐαγγελικὸν,
1750 3376 1954 3456 ἀλλὰ
2015 3381 2209 3457 Θεοῦ
2273 3385 2403 3458 τοῦ
2465 3379 2578 3457 ε’πί

71 3526 148 3585 25
171 3497 449 3584 πάντας
496 3496 673 3581 εἰναι
730 3498 1209 3599 πιστεύωμεν,
1268 3505 1727 3600 οἰκονομικῶς
1782 3503 1899 3581 καὶ
1956 3498 2254 3608 σφόδρα
2308 3506 2576 3599 καλῶς,

174 3621 296 3705 ἅτε
335 3623 425 3725 δὴ
463 3628 581 3706 καὶ
618 3627 695 3705 ἐν
728 3626 1155 3733 ἀνθρωπίνῳ
1191 3625 1621 3732 φαινόμενος
1657 3625 2005 3730 σχήματι,
2042 3631 2133 3731 τῇ
2169 3625 2323 3732 θείᾳ
2360 3624 2582 3733 φύσει

173 3748 508 3847 ἀπονέμει
562 3747 790 3829 πάλιν
844 3746 973 3829 τὸν
1027 3748 1278 3852 λόγον,
1334 3752 1433 3834 ὡς
1484 3752 1563 3829 ἐν
1604 3749 1982 3858 προσώπῳ
2040 3756 2170 3830 τοῦ
2219 3754 2412 3829 Θεοῦ
2464 3751 2581 3828 καὶ

180 3869 494 3975 Πατρός,
531 3874 619 3979 ἐξ
662 3871 747 3952 οὗ
797 3876 914 3954 καὶ
964 3876 1041 3954 ἐν
1086 3870 1145 3980 ᾧ
1196 3872 1380 3954 κατά
1431 3872 1664 3981 φύσιν
1712 3875 1932 3972 ε’στίν,
1977 3876 2074 3959 ὡς
2129 3872 2581 3974 ἀπαύγασμα

180 3997 299 4074 καὶ
337 3993 577 4097 Λόγος
615 3997 833 4078 αὐτοῦ
868 4000 986 4078 καὶ
1021 4003 1149 4097 τῆς
1185 3997 1660 4083 ὑποστάσεως
1699 3999 1917 4080 αὐτοῦ
1956 3998 2348 4103 χαρακτήρ.
2600 4037 2637 4077 a
2667 4019 2921 4147 ἔξω..

2724 4116 2752 4147 e
2790 4134 2801 4147 .
2819 4114 2850 4146 1.
2870 4112 2914 4159 3.

873 4252 957 4292 22.
994 4236 1279 4309 παρθένου]
1315 4245 1373 4303 4
1401 4237 1817 4311 προσληφθίντα
1842 4255 1888 4293 a.

263 4704 406 4751 von.
442 4705 518 4750 11.
1349 4709 1386 4773 3
1418 4708 1454 4750 τ
