3238 5158
666 332 795 395 636
1273 335 1351 401 B.
1396 335 1811 402 CYRILLI
1871 334 2452 400 ALEXANDR.
2815 325 2948 392 xvi.
2980 346 3075 407 ¹4·

663 508 1038 586 παντελῶς
1109 505 1228 582 καὶ
1287 505 1650 607 λοιδορίας
1707 501 2003 602 ἁπάσης
2060 503 2202 610 ἔξω
2265 503 2608 591 κείσεται,
2667 497 2758 580 τὸ
2821 503 3078 594 λαβεῖν

663 625 1015 727 λέγεσθαί
1080 660 1149 706 τι
1232 625 1434 728 παρὰ
1518 634 1650 706 τοῦ
1734 632 2196 730 Μονογενοῦς
2272 624 2360 706 τὸ
2438 631 2747 724 Πνεῦμα
2836 625 3072 702 αὑτοῦ.

660 746 915 852 προῖὸν
947 748 1094 851 γὰρ
1141 748 1228 830 δι’
1270 751 1489 830 αὐτοῦ
1530 755 1881 856 φυσικῶς,
1919 753 2018 834 ὡς
2062 749 2240 830 ἴδιον
2273 750 2517 846 αὑτοῦ,
2553 746 2746 848 μετὰ
2779 745 3076 828 πάντων

660 867 759 950 ὧν
794 869 935 977 ἔχει
982 873 1288 971 τελείως,
1326 872 1730 973 λαμβάνειν
1765 875 2055 977 λέγεται
2108 874 2202 954 τὰ
2256 875 2503 954 αὐτοῦ.
2583 876 2648 951 εἷ
2707 870 2790 950 δὲ
2841 905 3076 976 παχυ-

603 1027 638 1069 c
663 994 895 1097 τεραις
943 994 1029 1077 τὸ
1076 1005 1399 1077 τοιοῦτον
1428 995 1802 1098 ἐσημάνθη
1840 1006 2134 1104 φωναῖς,
2171 996 2472 1104 ἀφέντες
2524 994 2612 1076 τὸ
2669 996 3074 1075 σκανδαλί-
3093 1025 3122 1083 5

659 1119 930 1224 ζεσθαι,
985 1122 1268 1205 δικαίως
1319 1156 1411 1202 αν
1463 1127 1758 1221 μᾶλλον
1809 1125 1940 1222 τῆς
1993 1122 2262 1203 εαυτῶν
2315 1120 2657 1224 γλώττης
2714 1119 3071 1199 αἰτιασαί-

657 1250 843 1342 μεθα
904 1242 1038 1344 τὴν
1098 1247 1478 1349 πτωχείαν,
1541 1245 1670 1326 οὐκ
1733 1244 2177 1350 ἀντεχούσης
2238 1251 2459 1326 εἰπεῖν
2515 1279 2614 1325 τα
2679 1248 3068 1347 θεοπρεπῆ,

658 1368 826 1450 καθ’
866 1367 950 1450 ὃν
985 1369 1120 1449 ἔδει
1152 1366 1447 1472 τρόπον.
1528 1376 1732 1452 ποῖος
1763 1368 1909 1473 γὰρ
1943 1367 2170 1471 λόγος
2204 1370 2333 1452 οὐκ
2365 1366 2698 1449 ἐλάττων
2732 1370 2903 1449 ἐστὶ
2949 1372 3069 1469 τῆς

657 1491 969 1598 ἆῤῥήτου
1017 1491 1310 1599 φύσεώς
1355 1527 1435 1574 τε
1490 1495 1608 1574 καὶ
1664 1490 1927 1599 δόξηςς
1988 1497 2377 1597 ἀναγγελεῖ
2413 1500 2810 1597 τοιγαροῦν
2845 1499 3068 1599 φησιν

658 1620 810 1723 ὑμῖν
846 1617 926 1698 ἐκ
961 1619 1071 1698 τοῦ
1106 1617 1267 1723 ἐμοῦ
1300 1614 1558 1712 λαβὼν
1593 1617 1635 1695 ὁ
1669 1614 2172 1721 Παράκλητος,
2207 1616 2606 1715 τουτέστιν,
2643 1617 2790 1724 οὐχ
2836 1616 3068 1722 ἔτερόν
3090 1653 3148 1693 10

656 1775 727 1820 τι
786 1738 1104 1839 λαλήσει
1166 1738 1368 1843 παρὰ
1427 1739 1558 1820 τὸν
1615 1742 1694 1820 ἐν
1750 1742 1908 1840 ἐμοὶ
1980 1739 2286 1838 σκοπὸν,
2346 1742 2468 1822 καὶ
2542 1743 2846 1846 ἐπείπερ
2916 1746 3065 1823 ἐστὶ

663 1870 958 1964 Πνεῦμα
987 1863 1179 1964 ἐμὸν,
1214 1862 1743 1978 ταυτολογῆσει
1786 1862 1876 1965 δὴ
1911 1862 2217 1963 πάντως,
2255 1868 2373 1946 καὶ
2422 1863 2518 1945 τὰ
2567 1867 2652 1946 ἐκ
2701 1873 2856 1948 τῶν
2888 1870 3065 1967 ἐμῶν

656 1993 1046 2092 ἀναγγελεῖ
1074 1986 1521 2089 θελημάτων.
