3238 5158
733 313 862 376 618
1340 314 1418 379 Β.
1467 313 1891 380 CYRILLI
1952 312 2534 380 ALEXANDR.
2875 306 3036 384 xvi-7·

731 476 1178 581 πραγμάτων
1240 480 1699 580 τελουμέναις
1771 480 2197 580 οἰκονομίαις
2260 479 2636 585 χρησίμως
2697 473 2872 580 ἀνῄει
2912 467 3044 571 πρὸς

731 599 861 681 τὸν
917 603 1233 707 Πατέρα.
1306 606 1424 684 καὶ
1475 604 1562 684 οὐ
1616 602 2184 706 διαβεβλήσεται
2237 604 2368 700 μὲν
2422 606 2815 696 παντελῶς,
2867 600 2948 679 ὡς
2987 593 3044 671 οὗ

735 724 1034 830 σφόδρα
1087 726 1464 812 λυσιτελὲς
1519 727 1604 808 τὸ
1665 738 2146 832 συμπαρεῖναι
2204 736 2352 813 τοῖς
2410 730 2775 827 μαθηταῖς,
2818 718 2918 802 διὰ
2960 717 3048 815 τὴν

737 884 835 933 εις
874 852 1177 954 ὕστερον
1212 854 1614 954 ἀναγκαίως
1663 853 2052 954 γενομένην
2109 854 2535 1005 ἀποδημίαν,
2573 852 2732 932 οὔτε
2783 846 2909 948 μὴν
2939 852 3046 921 λοι·

407 1004 531 1061 918
552 1002 629 1058 A.
682 1017 716 1058 a
740 974 1217 1076 δορηθήσεται
1271 975 1455 1056 κατά
1504 1011 1575 1057 τι
1632 985 1810 1081 γοῦν
1845 976 2037 1061 ολως
2072 976 2158 1057 τὸ
2195 979 2274 1056 ἐκ
2317 981 2448 1077 τῆς
2490 971 2877 1072 ἀποδημίας
2923 965 3082 1072 χρῆ·5

741 1131 984 1196 σιμον,
1021 1096 1138 1178 διὰ
1191 1134 1277 1180 το
1331 1103 1410 1180 ἐκ
1463 1109 1592 1182 τοῦ
1647 1108 1973 1205 παρεῖναι
2029 1098 2433 1206 συμφέρον·
2509 1095 2836 1201 ἑκάτερον
2864 1090 2979 1197 γὰρ
3008 1091 3054 1167 ὁ

744 1228 966 1331 καιρῷ
1000 1221 1344 1327 πρέποντι
1379 1226 1758 1332 χρησίμως
1793 1221 2208 1328 ἐπράττετο.
2276 1259 2390 1304 ινα
2426 1223 2501 1304 δὲ
2537 1258 2672 1303 τον
2705 1229 2826 1301 τοῦ
2859 1212 3052 1316 θεωρή-

744 1381 971 1445 ματος
1045 1356 1213 1428 νοῦν
1274 1346 1516 1456 βραχὺ
1597 1347 2247 1454 παραπλώσαντες,
2318 1345 2906 1447 εὖσυνοπτότερον
2961 1341 3054 1417 τοῖς

746 1472 1090 1574 ἀδελφοῖς
1138 1470 1734 1573 καταστήσωμεν,
1779 1473 1954 1618 φερε
2005 1472 2093 1572 δὴ
2143 1470 2468 1575 λέγωμεν
2513 1461 3054 1571 ἀναμηρυστίμενθι

744 1599 850 1702 τῷ
905 1594 1109 1704 λόγῳ
1165 1598 1316 1677 κατ’
1378 1595 1770 1701 ἐπιδρομὴν
1822 1601 1949 1697 τῆς
2003 1595 2184 1696 μετά
2237 1596 2507 1701 σαρκὸς
2566 1592 2940 1692 οἰκονομίας
2977 1589 3054 1664 ruf·
3069 1619 3100 1657 ¹³

750 1724 1212 1821 Μονογενοῦς
1272 1719 1406 1821 τὴν
1467 1720 1869 1825 πρόφασιν,
1929 1725 2046 1802 καὶ
2105 1755 2287 1824 προς
2352 1718 2632 1803 τουτοις
2697 1752 2798 1799 ετι
2859 1712 2929 1793 τὸ
2979 1739 3056 1803 rm

750 1846 1153 1943 ἀποδημίας
1201 1841 1594 1950 ὧφελιμον.

848 1963 1013 2047 Ἵνα
1065 1969 1305 2049 τοίνυν
1350 1975 1470 2049 καὶ
1524 1975 1807 2074 φθορᾶς
1851 1972 1969 2049 καὶ
2024 1965 2338 2049 θανάτου
2392 1964 2798 2073 ἀπαλλάξῃ
2847 1959 2950 2042 τὸν
2987 1951 3056 2034 διὰ

683 2117 726 2182 b
751 2093 878 2188 τῆς
915 2093 1216 2195 ἀρχαίας
1252 2094 1516 2193 ἐκείνης
1560 2092 2154 2197 κατακεκριμένον
2186 2095 2385 2196 ἀρᾶς,
2421 2091 2722 2196 γέγονεν
2757 2088 3056 2238 ἄνθρωπε

753 2212 1004 2294 ἑαυτὸν
1041 2212 1294 2320 ὥσπερ
1332 2219 1677 2320 ἐγκαθιεις
1729 2223 1820 2323 τῇ
1865 2216 2169 2324 ἡμετέρα
2202 2216 2444 2323 φύσει,
2481 2213 2671 2317 ζωὴν
2707 2211 2880 2295 κατὰ
2909 2206 3098 2316 <plum

753 2336 1189 2457 ὑπάρχοντα.
1292 2343 1646 2441 νενίκηται
1710 2339 1855 2444 γὰρ
1918 2342 2105 2421 οὕτω
2160 2348 2289 2420 τοῦ
2350 2339 2666 2420 θανάτου
2729 2373 2811 2418 το
2866 2330 3056 2436 κράτος,

752 2463 870 2540 καὶ
926 2460 1225 2544 λέλυται
1275 2468 1404 2564 τῆς
1451 2467 1527 2545 ἐν
1564 2464 1732 2564 ἡμῖν
1765 2462 2190 2546 ἐπεισάκτου
2237 2463 2594 2569 φθορᾶς
2550 2498 2599 2564 η
2636 2451 3056 2559 &uvaque-1⁰1

753 2588 1037 2691 ἐπείπερ
1091 2593 1216 2689 τῆς
1264 2596 1362 2676 εἰς
1405 2590 1758 2694 ἁμαρτίαν
1800 2591 2029 2694 ῥοπῆς
2086 2589 2425 2692 ἐλευθέρα
2473 2593 2852 2669 παντελῶς
2894 2583 2930 2682 ἦ
2967 2574 3057 2657 0⁸⁸

757 2712 1052 2819 φύσις’
1016 2716 1195 2811 εστὶ,
1229 2712 1621 2819 πεφόρεκεν
1658 2715 1842 2814 ἡμᾶς
1895 2711 2014 2793 διὰ
2062 2717 2189 2814 τῆς
2239 2715 2419 2798 ἰδίας
2469 2713 2771 2816 σαρκός·
2848 2712 2913 2789 ἐν
2939 2701 3059 2802 αὐτῷ

757 2833 901 2939 γάρ
954 2834 1132 2937 ἦμεν
1176 2841 1244 2917 οἱ
1296 2839 1576 2936 πάντες,
1615 2838 1794 2919 καθὸ
1831 2837 2152 2944 πέφηνεν
2199 2836 2598 2940 ανθρωπος·
2678 2836 2796 2917 ἵνα
2828 2826 3097 2932 νεκρόσᾞκ

422 2974 531 3103 {201-
556 2974 630 3024 fii·
759 2969 804 3005 “
837 2958 930 3040 τά
982 2959 1174 3062 μελη
1229 2959 1322 3042 τά
1364 2965 1479 3043 ἐπι
1523 2965 1651 3062 τῆς
1693 2963 1896 3064 γῆς,”
1935 2961 2285 3060 τουτέστι,
2323 2960 2418 3041 τὰ
2452 2965 2578 3060 τῆς
2613 2958 2882 3064 σαρκὸς
2920 2949 3058 3041 παθη·

424 3107 571 3156 Rom
582 3104 668 3156 vii.
699 3127 735 3171 ο
760 3088 877 3164 καὶ
930 3084 1356 3193 καταργήσῃ
1414 3089 1540 3185 τῆς
1596 3086 1946 3189 ἁμαρτίας
2004 3083 2225 3186 νόμον
2285 3084 2414 3166 τὸν
2472 3086 2547 3165 ἐν
2597 3091 2755 3169 τοῖς
2801 3074 3058 3183 ἦμσὲραῖ
3103 3158 3104 3165 ,

427 3186 504 3234 ²³
759 3206 1020 3309 μέλεσι
1073 3209 1644 3314 τυραννήσαντα,
1677 3214 1796 3290 καὶ
1840 3244 2023 3313 προς
2070 3209 2302 3319 τούτῳ
2346 3209 2642 3291 πάλιν“
2610 3245 2728 3289 ινα
2764 3205 2886 3307 τὴν
2914 3196 3060 3346 φῦσῡ

760 3334 962 3433 ἡμῶν
997 3330 1294 3441 ἁγιάσῃ,
1331 3337 1450 3415 καὶ
1483 3335 1708 3418 τύπος
1743 3334 1946 3435 ἡμῶν
1984 3336 2099 3414 καὶ
2133 3332 2542 3437 καθηγητὴς
2588 3335 2841 3438 εὑρεθῇ
2882 3329 2978 3425 τῆς
3007 3346 3058 3395 ⁶5

763 3458 1133 3551 εὐσέβειαν
1199 3460 1390 3558 ὁδοῦ,
1446 3455 1727 3560 καθαρά
1777 3493 1854 3539 τε
1915 3457 2305 3559 ἐπίγνωσις
2364 3461 2518 3556 τῆς’
2553 3458 2708 3537 κατ’
2769 3454 3100 3552 e’m'yfflfi

765 3582 1102 3680 ἀληθείας
1166 3585 1283 3661 καὶ
1340 3584 1710 3666 ἀπλανοῦς
1765 3583 2150 3666 πολιτείας·
2235 3589 2464 3662 ταῦτα
2527 3581 2616 3681 δὴ
2684 3582 2812 3661 οὖν
2869 3572 3058 3656 amm

764 3738 1077 3807 γεγονως
1133 3705 1510 3809 ανθρωπος
1566 3707 2102 3810 κατώρθωκεν
2069 3741 2111 3786 ο
2147 3703 2496 3808 Χριστός.
2578 3705 2721 3785 ἔδει
2773 3701 2974 3785 τοίνυν
3007 3716 3057 3765 ⁶¹5
3097 3700 3098 3775 l

764 3826 1126 3932 ἀκρότητα
1180 3864 1449 3915 παντος
1509 3833 1787 3933 ἀγαθοῦ
1841 3827 1975 3930 τὴν
2030 3828 2411 3933 ἀνθρώπου
2472 3830 2701 3935 φύσιν
2751 3817 3057 3926 o'wayay‘ff
3091 3858 3096 3981 J

768 3988 887 4033 και
924 3954 1083 4059 οὐχι
1135 3952 1357 4053 μόνον
1390 3951 1819 4062 ἀπαλλάξαι
1870 3951 2183 4034 θανάτου
2236 3955 2354 4033 καὶ
2409 3953 2778 4057 ἁμαρτίας,
2813 3942 2957 4029 ἀλλ
2981 3938 3054 4037 ‘53⁹

703 4098 747 4162 d
772 4078 888 4157 καὶ
924 4081 1021 4162 εἷς
1057 4077 1310 4163 αὐτοὺς
1358 4075 1805 4175 ἀναβιβάσαι
1851 4111 2016 4163 τους
2061 4076 2419 4181 οὐρανους,
2467 4074 2868 4177 ὁμοδίαιτόν
2903 4101 2962 4149 τε
2991 4056 3053 4138 a}

770 4200 1266 4307 συγχορευτὴν
1325 4203 1667 4310 ἐπιδεῖξαι
1739 4209 1887 4287 τοῖς
1948 4201 2288 4305 ἀγγέλοις
2344 4200 2472 4281 τὸν
2538 4199 2926 4304 ἄνθρωπον·
2993 4212 3052 4261 ’Φ

786 4563 802 4582 c
845 4509 899 4579 J.
920 4491 1103 4617 Ι(ἔξεισι
1127 4488 1290 4545 Cord.
1719 4505 1804 4560 23.
1839 4490 1944 4558 πρὸ
1969 4488 2035 4544 Ε.
2501 4503 2588 4556 24.
2624 4486 2764 4558 ἡμῖν
2784 4486 2866 4541 alt.
2891 4479 2940 4536 E·
2961 4460 3052 4528 ω

777 4585 895 4631 ημιν
1007 4602 1021 4617 ·
