3238 5158
289 1264 453 1328 Supra
474 1280 521 1314 v.

290 1346 370 1393 44·

286 3634 370 3688 47·

623 365 711 428 26
1229 368 1309 431 Β.
1355 365 1775 432 CYRILLI
1835 366 2416 433 ALEXANDR.
2760 364 2895 430 viii.
2919 365 3026 432 26.

623 525 743 605 διὰ
792 536 1003 608 τοῦτο
1061 528 1350 615 πάντως
1404 533 1585 630 ὑμᾶς
1651 534 1766 612 καὶ
1824 530 2342 636 περιπτύεσθαι
2403 535 2548 611 δεΐν
2602 529 2799 634 ὃριῶ·
2886 528 3033 627 ἔχω

623 649 876 731 πολλῖι
924 659 1073 760 περὶ
1123 653 1300 759 ὑμῶν
1336 660 1580 735 λαλεῖν
1624 663 1743 735 καὶ
1788 659 2027 764 κρίνειν,
2064 652 2413 750 τουτέστι,
2451 658 2760 735 πλουτεῖ
2795 659 2940 736 πᾶς
2985 653 3032 731 ὁ

622 771 846 875 λόγος
901 776 941 853 ὸ
991 784 1416 880 κατηγορῶν
1451 780 1562 886 ἐφ’
1607 780 1794 876 ὑμῖν,
1834 780 1967 883 οὐχ
2014 778 2090 858 ἓν
2126 776 2499 881 ἐγκαλέσω
2545 777 2790 877 μόνον,
2827 773 3032 855 ἀλλὰ

621 895 894 996 πολλὰ,
933 902 1051 979 καὶ
1087 901 1194 981 ἐπ’
1233 902 1460 980 οὐδενὶ
1495 900 2006 1004 διαψεύσομαι,
2045 899 2376 1004 καθάπερ
2406 903 2622 999 ὑμεῖς.
2689 899 2832 1005 ἔχω
2868 899 3023 1003 κρί·

624 1054 768 1100 νειν
812 1025 907 1106 ὡς
963 1025 1297 1122 ἀπειθεῖς,
1338 1028 1436 1109 ὡς
1483 1023 1861 1126 ἀλαζόνας,
1898 1027 1993 1109 ὡς
2042 1023 2416 1129 ὑβριστὰς,
2452 1028 2549 1108 ὡς
2594 1020 3022 1128 θεομάχους,
3063 1049 3115 1110 5

623 1146 719 1227 ὡς
777 1133 1221 1248 ἀγνῶμονας,
1279 1151 1376 1232 ὡς
1441 1149 1900 1252 ἀχαρίστους,
1957 1152 2054 1232 ὡς
2116 1144 2489 1251 πονηροὺς,
2548 1150 2645 1231 ὡς
2708 1151 3021 1252 φιληδο-

564 1304 599 1347 ο
622 1277 920 1357 νοῦντας
973 1278 1264 1371 μᾶλλον
1318 1270 1365 1373 ἢ
1422 1277 1786 1378 φιλοθεεΐν
1841 1271 2300 1371 εἰθισμένους,
2349 1274 2446 1356 ὡς
2499 1281 2544 1320 “
2574 1269 2799 1378 δόξαν
2851 1270 3026 1373 παρ’

620 1404 665 1442 “
702 1393 1056 1495 ἀλλήλων
1094 1394 1628 1495 λαμβάνοντας,
1666 1394 1798 1495 τὴν
1836 1393 1911 1477 δὲ
1949 1395 2172 1503 δόξαν
2208 1394 2342 1496 τὴν
2376 1393 2576 1498 παρὰ
2622 1404 2752 1476 τοῦ
2799 1391 3030 1492 μόνου

619 1527 663 1566 “
700 1520 786 1599 οὐ
839 1519 1217 1623 ζητοῦντας
1230 1517 1294 1566 ·”
1376 1522 1473 1603 ὡς
1528 1520 2061 1622 ἐμπυρίσαντας
2117 1516 2245 1600 τὸν
2299 1516 2555 1620 νοητὸν
2609 1522 3028 1619 ἀμπελῶνα,

620 1646 717 1728 ὡς
775 1641 876 1743 μὴ
935 1643 1458 1743 βοσκήσαντας
1521 1640 1706 1722 κατὰ
1764 1639 1994 1746 λόγον
2047 1641 2181 1741 τὴν
2236 1646 2805 1749 ἐγχειρισθεῖσαν
2860 1644 3028 1740 ὑμῖν
3067 1671 3161 1716 10

620 1764 898 1869 ἀγέλην
952 1764 1153 1868 παρὰ
1210 1771 1422 1863 Θεοῦ,
1481 1768 1578 1851 ὡς
1646 1763 1748 1867 μὴ
1812 1766 2498 1872 χειραγωγήσαντας
2552 1768 2671 1847 ἐπὶ
2723 1764 2851 1847 τὸν
2908 1763 3030 1846 διὰ

622 1886 846 1987 νόμου
919 1891 1037 1969 καὶ
1111 1894 1258 1968 τῶν
1332 1895 1734 1996 προφητῶν
1797 1888 2346 1993 κηρυττόμενον,
2418 1889 2810 1988 τουτέστιν,
2873 1888 3022 1988 ἐμέ.

620 2021 915 2092 τοιαῦτα
970 2009 1105 2112 μὲν
1149 2013 1189 2091 ὁ
1247 2011 1505 2117 Σωτὴρ
1560 2019 1708 2096 τοῖς
1749 2014 2114 2098 Ἰουδαίοις
2171 2013 2713 2120 ἐπιφθέγξαιτο·
2773 2045 3020 2116 προσ-

619 2140 834 2222 τιθεὶς
872 2134 947 2215 δὲ
983 2135 1067 2216 τό
1108 2134 1369 2217 Πολλᾶ
1408 2139 1545 2234 ἔχω
1581 2135 1806 2240 λέγειν
1843 2144 1990 2244 περὶ
2031 2135 2208 2242 ὑμῶν
2246 2137 2347 2217 ἔτι
2389 2144 2508 2218 καὶ
2552 2140 2791 2244 κρίνειν,
2828 2137 3025 2216 ὑπα-

619 2267 859 2340 πειλεῖ
885 2294 1039 2344 πως
1083 2261 1342 2357 αὐτοῖς,
1377 2263 1476 2345 ὡς
1526 2259 2129 2365 ἀναδειχθήσεταί
2155 2293 2333 2341 ποτε
2375 2258 2674 2365 Κριτὴς,
2717 2260 2757 2338 ὁ
2799 2257 3028 2361 μηδὲν
3065 2293 3151 2354 15

555 2387 600 2452 d
623 2380 797 2463 εἶναι
836 2386 1065 2463 δοκῶν
1101 2385 1268 2488 παρ’
1309 2384 1596 2468 ἐκείνοις
1633 2381 1752 2464 διὰ
1785 2381 1917 2484 τὴν
1953 2382 2214 2490 σάρκα.

611 2634 786 2698 Ἀλλ’
851 2637 888 2704 ὃ
943 2634 1211 2714 πέμψας
1263 2659 1345 2713 με
1399 2636 1656 2703 dum-node
1711 2638 1870 2719 ἔστι,
1926 2637 2107 2713 «du-‹1›
2168 2638 2209 2702 ἃ
2277 2636 2524 2705 ἥκουσα
2588 2635 2732 2726 παρ’
2796 2632 3028 2717 αὐτοῦ,

1279 2767 1481 2831 ταῦτα
1535 2764 1727 2829 λαλῶ
1779 2759 1874 2829 εἷο
1926 2763 2040 2832 τὸν
2097 2766 2362 2843 κόσμον.

729 2923 1148 3031 Ἐῤῥῶσθαι
1204 2925 1500 3035 φράσας
1553 2934 1711 3014 ταῖς
1745 2929 2110 3010 Ἰουδαίων
2144 2930 2653 3025 ἀπαιδευσίαις,
2694 2930 2809 3009 καὶ
2857 2927 3029 3012 τοὺς

620 3051 875 3152 ἀνέδην
924 3053 1117 3159 αὐτῷ
1167 3050 1866 3155 διαλοιδορήσασθαι
1920 3050 2455 3153 τολμήσαντας,
2501 3054 2577 3132 ἐν
2621 3056 2724 3160 τῷ
2771 3054 3030 3153 μηδενὶ
3057 3084 3150 3126 20

622 3175 1125 3275 λογισάμενος,
1191 3174 1556 3255 ἐπάνεισιν
1622 3173 1871 3280 ὥσπερ
1944 3179 2059 3257 ἐπὶ
2122 3173 2208 3256 τὸ
2280 3176 2371 3285 ἐξ
2434 3178 2681 3281 ἀρχῆς,
2745 3173 2830 3254 τὸ
2890 3172 3029 3273 μὲν

623 3296 880 3398 κρίνειν
918 3295 1053 3397 ἤδη
1103 3297 1196 3377 τὰ
1243 3299 1396 3377 κατ’
1438 3297 1713 3396 αὐτοὺς,
1752 3302 1870 3379 καὶ
1905 3298 2037 3401 τὴν
2073 3301 2188 3380 ἐπὶ
2223 3300 2452 3408 τούτῳ
2488 3298 2901 3403 παῤῥησίαν
2937 3299 3031 3377 οὐ

620 3426 725 3527 τῷ
759 3419 1063 3521 παρόντι
1110 3426 1423 3520 μᾶλλον,
1461 3421 1663 3501 ἀλλὰ
1716 3431 1819 3530 τῷ
1866 3424 2211 3525 πρέποντι
2260 3422 2583 3526 τηρήσας
2625 3427 2867 3529 καιρῷ,
2906 3426 3029 3501 καὶ

287 3557 434 3607 Infra
449 3557 537 3609 xii.
564 3580 599 3624 e
622 3551 724 3654 τῷ
777 3546 906 3644 τῆς
960 3545 1330 3644 ἐπιδημίας
1385 3544 1631 3653 τρόπῳ
1686 3543 1812 3626 τόν
1867 3547 2046 3627 ἴδιον
2102 3546 2506 3632 ἀποσώσας
2560 3543 2866 3627 σκοπόν·
2937 3545 3030 3624 οὐ

622 3668 767 3771 γὰρ
802 3664 1026 3767 ἦλθεν
1059 3668 1176 3748 ἵνα
1210 3667 1415 3774 κρίνῃ
1451 3666 1580 3748 τὸν
1616 3666 1916 3770 κόσμον,
1952 3669 2124 3750 ἀλλ’
2153 3671 2269 3751 ἵνα
2305 3670 2523 3776 σώσῃ
2560 3669 2688 3750 τὸν
2724 3667 3027 3768 κόσμον,
3058 3704 3096 3746 2
3108 3704 3152 3765 5

621 3795 719 3876 ὡς
784 3789 995 3876 αὐτός
1061 3827 1203 3873 που
1266 3791 1480 3900 φησί.
1587 3791 1815 3873 διάτοι
1879 3802 2091 3874 τοῦτο
2156 3797 2272 3874 καὶ
2335 3793 2566 3900 ἀπρὶξ
2625 3799 2773 3873 τῶν
2830 3794 3028 3900 αὐτῷ

620 3914 1043 4018 πρεπόντων
1080 3916 1433 4022 ἐχόμενος,
1471 3921 1589 3997 καὶ
1646 3915 1773 3997 τὸν
1819 3923 1918 4002 εἰς
1973 3917 2340 4023 σωτηρίαν
2383 3926 2744 3999 καλοῦντα
2797 3913 3032 3997 πάλιν

621 4039 1265 4143 ἀναμηρυσάμενος
1316 4039 1565 4143 λόγον,
1605 4041 1927 4122 ἐπιτείνει
1977 4040 2109 4142 τὴν
2155 4043 2605 4145 παραίνεσιν.
2682 4044 2758 4122 ἐν
2793 4038 3032 4150 τούτῳ

624 4312 670 4365 Β
692 4258 745 4312 3.
769 4244 1190 4367 ἓοειῗίθιιωρὶιίπὲ
1203 4260 1268 4330 οξ
1296 4242 1361 4296 Β.
1466 4313 1520 4368 H
1558 4316 1579 4369 l
1602 4243 1656 4299 6.
1691 4245 2102 4370 φιῇηδονᾶῦνέἕς
2124 4242 2383 4369 μᾶλλῆονλῆ
2409 4243 2687 4369 φιλοθελεῖἓ
2699 4242 3033 4369 ‘efficatiam

626 4312 1474 4439 1131.assbissvi‘i'mge‘ssssn‘ssffsst
1499 4324 1647 4440 ffi:
1683 4332 1758 4370 ⁰¹¹
1798 4334 1828 4369 Θ
1863 4318 1909 4388 φ
1960 4338 2010 4441 ἔ.
2046 4314 2483 4456 &amem
2510 4318 2652 4439 3203
2671 4332 2951 4455 {33⁹„2m
2974 4324 3030 4442 {2

622 4452 788 4507 Cord.
992 4470 1045 4524 9.
1082 4455 1174 4508 τὸν
1224 4477 1324 4522 μου
1347 4456 1439 4509 τὸν
1462 4472 1508 4510 c.
1538 4455 1702 4510 Cord.
1911 4473 1995 4511 12.
2032 4461 2134 4511 τῶν
2161 4454 2278 4529 [τὸν
2304 4454 2441 4511 Cod.
2498 4474 2680 4511 assum
2720 4465 2837 4510 tum
2862 4474 2926 4510 ex
2958 4455 3028 4511 B.

625 4540 709 4648 {3⁴⁰
722 4524 825 4650 ἐὶι
849 4523 1097 4579 emendat
1182 4542 1322 4597 cyse.
1347 4525 1428 4581 ὅτι
1456 4526 1520 4581 Β.
1549 4526 1653 4582 Ed.
1954 4544 2039 4583 21.
2076 4527 2164 4583 ἐπὶ
2185 4530 2246 4583 τὸ
2271 4544 2427 4582 emen
2464 4527 2574 4583 avit
2597 4529 2688 4581 Au
2730 4566 2743 4581 .
2767 4527 2829 4582 τὸ
2854 4526 2941 4582 ἐπὶ
2965 4529 3031 4583 τὸ
