<?xml version="1.0" encoding="UTF-8"?>
<!DOCTYPE html PUBLIC "-//W3C//DTD XHTML 1.0 Transitional//EN"
    "http://www.w3.org/TR/xhtml1/DTD/xhtml1-transitional.dtd">
<html xmlns="http://www.w3.org/1999/xhtml" xml:lang="en" lang="en">
 <head>
  <title>
</title>
<meta http-equiv="Content-Type" content="text/html;charset=utf-8" />
  <meta name='ocr-system' content='tesseract 3.04.00' />
  <meta name='ocr-capabilities' content='ocr_page ocr_carea ocr_par ocr_line ocrx_word'/>
</head>
<body>
  <div class='ocr_page' id='page_1' title='image "./sanctipatrisnos03pusegoog_0209.png"; bbox 0 0 3238 5158; ppageno 0'>
   <div class='ocr_carea' id='block_1_1' title="bbox 242 343 2652 435">
    <p class='ocr_par' dir='ltr' id='par_1_1' title="bbox 242 343 2652 435">
     <span class='ocr_line' id='line_1_1' title="bbox 242 343 2652 435; baseline 0.002 -25"><span class='ocrx_word' id='word_1_1' title='bbox 242 343 325 413; x_wconf 82' lang='lat' dir='ltr'>ix,</span> <span class='ocrx_word' id='word_1_2' title='bbox 351 363 457 435; x_wconf 83' lang='lat'>35.</span> <span class='ocrx_word' id='word_1_3' title='bbox 614 348 730 413; x_wconf 93' lang='lat' dir='ltr'>IN</span> <span class='ocrx_word' id='word_1_4' title='bbox 790 349 858 413; x_wconf 82' lang='lat' dir='ltr'>S.</span> <span class='ocrx_word' id='word_1_5' title='bbox 909 347 1425 415; x_wconf 86' lang='lat' dir='ltr'><strong>JOANNEM.</strong></span> <span class='ocrx_word' id='word_1_6' title='bbox 1517 350 1713 417; x_wconf 90' lang='lat' dir='ltr'><strong>LIB.</strong></span> <span class='ocrx_word' id='word_1_7' title='bbox 1746 350 1866 415; x_wconf 91' lang='lat' dir='ltr'>VI.</span> <span class='ocrx_word' id='word_1_8' title='bbox 1959 351 2167 416; x_wconf 87' lang='lat' dir='ltr'><strong>CAP.</strong></span> <span class='ocrx_word' id='word_1_9' title='bbox 2216 350 2272 414; x_wconf 93' lang='lat'>1.</span> <span class='ocrx_word' id='word_1_10' title='bbox 2526 354 2652 416; x_wconf 83' lang='lat'>19⁷</span> 
     </span>
    </p>
   </div>
   <div class='ocr_carea' id='block_1_2' title="bbox 136 509 2977 2110">
    <p class='ocr_par' dir='ltr' id='par_1_2' title="bbox 136 509 2977 2110">
     <span class='ocr_line' id='line_1_2' title="bbox 239 509 2712 619; baseline 0.003 -29"><span class='ocrx_word' id='word_1_11' title='bbox 239 509 470 610; x_wconf 81' lang='grc' dir='ltr'>ἤγουν</span> <span class='ocrx_word' id='word_1_12' title='bbox 518 510 759 613; x_wconf 77' lang='grc' dir='ltr'>’ἔτερόν</span> <span class='ocrx_word' id='word_1_13' title='bbox 807 546 879 592; x_wconf 89' lang='grc' dir='ltr'>τι</span> <span class='ocrx_word' id='word_1_14' title='bbox 931 512 1163 598; x_wconf 85' lang='grc' dir='ltr'>πάθος</span> <span class='ocrx_word' id='word_1_15' title='bbox 1220 512 1405 619; x_wconf 79' lang='grc' dir='ltr'>ἔχων</span> <span class='ocrx_word' id='word_1_16' title='bbox 1455 512 1893 614; x_wconf 79' lang='grc' dir='ltr'>σωματικὸν,</span> <span class='ocrx_word' id='word_1_17' title='bbox 1930 516 2100 593; x_wconf 81' lang='grc' dir='ltr'>ἀλλ’</span> <span class='ocrx_word' id='word_1_18' title='bbox 2143 512 2302 594; x_wconf 81' lang='grc' dir='ltr'>οὐδὲ</span> <span class='ocrx_word' id='word_1_19' title='bbox 2360 512 2470 593; x_wconf 81' lang='grc' dir='ltr'>ὅτι</span> <span class='ocrx_word' id='word_1_20' title='bbox 2524 512 2653 597; x_wconf 81' lang='grc' dir='ltr'>τὰς</span> <span class='ocrx_word' id='word_1_21' title='bbox 2677 543 2712 586; x_wconf 77' lang='lat'>0</span> 
     </span>
     <span class='ocr_line' id='line_1_3' title="bbox 236 634 2647 745; baseline 0.002 -31"><span class='ocrx_word' id='word_1_22' title='bbox 236 634 570 737; x_wconf 76' lang='grc' dir='ltr'>πατέρων</span> <span class='ocrx_word' id='word_1_23' title='bbox 607 636 956 738; x_wconf 82' lang='grc' dir='ltr'>ἁμαρτίας</span> <span class='ocrx_word' id='word_1_24' title='bbox 1004 638 1119 717; x_wconf 79' lang='grc' dir='ltr'>ἐπὶ</span> <span class='ocrx_word' id='word_1_25' title='bbox 1169 637 1382 717; x_wconf 88' lang='grc' dir='ltr'>τέκνα</span> <span class='ocrx_word' id='word_1_26' title='bbox 1426 640 1812 745; x_wconf 78' lang='grc' dir='ltr'>καταφέρει</span> <span class='ocrx_word' id='word_1_27' title='bbox 1850 635 2057 736; x_wconf 83' lang='grc' dir='ltr'>Θεος,</span> <span class='ocrx_word' id='word_1_28' title='bbox 2095 640 2224 718; x_wconf 81' lang='grc' dir='ltr'>οὐκ</span> <span class='ocrx_word' id='word_1_29' title='bbox 2261 634 2647 744; x_wconf 75' lang='grc' dir='ltr'>ἀκόμψως,</span> 
     </span>
     <span class='ocr_line' id='line_1_4' title="bbox 238 759 2977 894; baseline 0.002 -59"><span class='ocrx_word' id='word_1_30' title='bbox 238 791 338 841; x_wconf 91' lang='grc' dir='ltr'>ως</span> <span class='ocrx_word' id='word_1_31' title='bbox 394 793 480 860; x_wconf 92' lang='grc' dir='ltr'>γε</span> <span class='ocrx_word' id='word_1_32' title='bbox 536 793 658 857; x_wconf 85' lang='grc' dir='ltr'>μοι</span> <span class='ocrx_word' id='word_1_33' title='bbox 716 759 1064 866; x_wconf 82' lang='grc' dir='ltr'>φαίνεται,</span> <span class='ocrx_word' id='word_1_34' title='bbox 1108 762 1230 841; x_wconf 84' lang='grc' dir='ltr'>διὰ</span> <span class='ocrx_word' id='word_1_35' title='bbox 1280 771 1560 865; x_wconf 88' lang='grc' dir='ltr'>μακροῦ</span> <span class='ocrx_word' id='word_1_36' title='bbox 1617 763 2033 868; x_wconf 86' lang='grc' dir='ltr'>δεδείχαμεν</span> <span class='ocrx_word' id='word_1_37' title='bbox 2079 762 2329 864; x_wconf 86' lang='grc' dir='ltr'><strong><em>λόγου,</em></strong></span> <span class='ocrx_word' id='word_1_38' title='bbox 2384 796 2644 865; x_wconf 87' lang='grc' dir='ltr'>προτε-</span> <span class='ocrx_word' id='word_1_39' title='bbox 2744 765 2977 894; x_wconf 45' lang='lat' dir='ltr'>{23¹3ssqu</span> 
     </span>
     <span class='ocr_line' id='line_1_5' title="bbox 240 881 2923 1012; baseline 0.001 -51"><span class='ocrx_word' id='word_1_40' title='bbox 240 881 489 965; x_wconf 88' lang='grc' dir='ltr'>θέντος</span> <span class='ocrx_word' id='word_1_41' title='bbox 544 883 714 982; x_wconf 86' lang='grc' dir='ltr'>ἡμῖν</span> <span class='ocrx_word' id='word_1_42' title='bbox 758 917 858 968; x_wconf 89' lang='grc' dir='ltr'>εις</span> <span class='ocrx_word' id='word_1_43' title='bbox 906 882 1262 991; x_wconf 80' lang='grc' dir='ltr'>ἐξήγησιν</span> <span class='ocrx_word' id='word_1_44' title='bbox 1299 896 1343 933; x_wconf 88' lang='grc'><strong>“</strong></span> <span class='ocrx_word' id='word_1_45' title='bbox 1370 886 1665 985; x_wconf 80' lang='grc' dir='ltr'>Ραββὶ,</span> <span class='ocrx_word' id='word_1_46' title='bbox 1703 888 1811 971; x_wconf 85' lang='grc' dir='ltr'>τίς</span> <span class='ocrx_word' id='word_1_47' title='bbox 1857 888 2192 989; x_wconf 84' lang='grc' dir='ltr'>ἥμαρτεν,</span> <span class='ocrx_word' id='word_1_48' title='bbox 2229 885 2434 970; x_wconf 76' lang='grc' dir='ltr'>οὗτος</span> <span class='ocrx_word' id='word_1_49' title='bbox 2487 882 2533 985; x_wconf 80' lang='grc' dir='ltr'>ἢ</span> <span class='ocrx_word' id='word_1_50' title='bbox 2588 889 2656 964; x_wconf 84' lang='grc' dir='ltr'>οἱ</span> <span class='ocrx_word' id='word_1_51' title='bbox 2743 896 2923 1012; x_wconf 45' lang='lat' dir='ltr'>{gfff</span> 
     </span>
     <span class='ocr_line' id='line_1_6' title="bbox 174 1007 2647 1115; baseline -0.001 -26"><span class='ocrx_word' id='word_1_52' title='bbox 174 1016 291 1089; x_wconf 85' lang='lat'>5“</span> <span class='ocrx_word' id='word_1_53' title='bbox 327 1013 559 1108; x_wconf 91' lang='grc' dir='ltr'>γονεῖς</span> <span class='ocrx_word' id='word_1_54' title='bbox 598 1008 838 1106; x_wconf 87' lang='grc' dir='ltr'>αυτοῦ,</span> <span class='ocrx_word' id='word_1_55' title='bbox 875 1009 994 1088; x_wconf 83' lang='grc' dir='ltr'>ἵνα</span> <span class='ocrx_word' id='word_1_56' title='bbox 1030 1009 1312 1114; x_wconf 82' lang='grc' dir='ltr'>τυφλὸς</span> <span class='ocrx_word' id='word_1_57' title='bbox 1346 1012 1757 1115; x_wconf 31' lang='grc' dir='ltr'>γεννηθῇ)</span> <span class='ocrx_word' id='word_1_58' title='bbox 1691 1072 1712 1108; x_wconf 91' lang='grc'>,</span> <span class='ocrx_word' id='word_1_59' title='bbox 1817 1010 2055 1110; x_wconf 84' lang='grc' dir='ltr'>ἐπειδὴ</span> <span class='ocrx_word' id='word_1_60' title='bbox 2093 1010 2333 1089; x_wconf 86' lang='grc' dir='ltr'>τοίνυν</span> <span class='ocrx_word' id='word_1_61' title='bbox 2368 1007 2647 1111; x_wconf 86' lang='grc' dir='ltr'>διελέγ-</span> 
     </span>
     <span class='ocr_line' id='line_1_7' title="bbox 242 1130 2650 1240; baseline 0 -29"><span class='ocrx_word' id='word_1_62' title='bbox 242 1164 402 1236; x_wconf 82' lang='grc' dir='ltr'>χειν</span> <span class='ocrx_word' id='word_1_63' title='bbox 439 1130 622 1233; x_wconf 78' lang='grc' dir='ltr'>ἕγνω</span> <span class='ocrx_word' id='word_1_64' title='bbox 658 1130 825 1216; x_wconf 79' lang='grc' dir='ltr'>τοὺς</span> <span class='ocrx_word' id='word_1_65' title='bbox 863 1133 1306 1236; x_wconf 82' lang='grc' dir='ltr'>Φαρισαίους</span> <span class='ocrx_word' id='word_1_66' title='bbox 1344 1136 1383 1213; x_wconf 93' lang='lat'><em>5</em></span> <span class='ocrx_word' id='word_1_67' title='bbox 1420 1134 1595 1214; x_wconf 79' lang='grc' dir='ltr'>ποτὲ</span> <span class='ocrx_word' id='word_1_68' title='bbox 1633 1133 1934 1240; x_wconf 80' lang='grc' dir='ltr'>τυφλὸς,</span> <span class='ocrx_word' id='word_1_69' title='bbox 1974 1136 2108 1237; x_wconf 84' lang='grc' dir='ltr'>οὐχ</span> <span class='ocrx_word' id='word_1_70' title='bbox 2146 1132 2337 1217; x_wconf 80' lang='grc' dir='ltr'>ὅπως</span> <span class='ocrx_word' id='word_1_71' title='bbox 2374 1135 2650 1213; x_wconf 84' lang='grc' dir='ltr'>ἐλοιδο-</span> 
     </span>
     <span class='ocr_line' id='line_1_8' title="bbox 243 1252 2660 1362; baseline 0.001 -28"><span class='ocrx_word' id='word_1_72' title='bbox 243 1253 436 1358; x_wconf 88' lang='grc' dir='ltr'>ρήθη</span> <span class='ocrx_word' id='word_1_73' title='bbox 494 1252 739 1355; x_wconf 87' lang='grc' dir='ltr'>μόνον,</span> <span class='ocrx_word' id='word_1_74' title='bbox 796 1254 997 1335; x_wconf 78' lang='grc' dir='ltr'>ἀλλὰ</span> <span class='ocrx_word' id='word_1_75' title='bbox 1052 1258 1169 1336; x_wconf 78' lang='grc' dir='ltr'>καὶ</span> <span class='ocrx_word' id='word_1_76' title='bbox 1225 1255 1664 1353; x_wconf 80' lang='grc' dir='ltr'>ἐκβάλλεται</span> <span class='ocrx_word' id='word_1_77' title='bbox 1718 1259 1885 1361; x_wconf 87' lang='grc' dir='ltr'>παρ’</span> <span class='ocrx_word' id='word_1_78' title='bbox 1934 1260 2190 1339; x_wconf 83' lang='grc' dir='ltr'>αὐτῶν.</span> <span class='ocrx_word' id='word_1_79' title='bbox 2273 1260 2391 1337; x_wconf 86' lang='grc' dir='ltr'>καὶ</span> <span class='ocrx_word' id='word_1_80' title='bbox 2447 1253 2660 1362; x_wconf 84' lang='grc' dir='ltr'>δέχου</span> 
     </span>
     <span class='ocr_line' id='line_1_9' title="bbox 244 1378 2658 1484; baseline 0.001 -24"><span class='ocrx_word' id='word_1_81' title='bbox 244 1378 478 1460; x_wconf 77' lang='grc' dir='ltr'>πάλιν</span> <span class='ocrx_word' id='word_1_82' title='bbox 528 1386 625 1464; x_wconf 80' lang='grc' dir='ltr'>εἰς</span> <span class='ocrx_word' id='word_1_83' title='bbox 675 1379 901 1460; x_wconf 83' lang='grc' dir='ltr'>τύπον</span> <span class='ocrx_word' id='word_1_84' title='bbox 948 1380 1375 1484; x_wconf 84' lang='grc' dir='ltr'>πράγματος</span> <span class='ocrx_word' id='word_1_85' title='bbox 1424 1384 1742 1480; x_wconf 79' lang='grc' dir='ltr'>ἀληθοῦς</span> <span class='ocrx_word' id='word_1_86' title='bbox 1791 1381 1876 1461; x_wconf 80' lang='grc' dir='ltr'>τὸ</span> <span class='ocrx_word' id='word_1_87' title='bbox 1927 1383 2463 1481; x_wconf 81' lang='grc' dir='ltr'>τετελεσμένον·</span> <span class='ocrx_word' id='word_1_88' title='bbox 2547 1382 2658 1462; x_wconf 80' lang='grc' dir='ltr'>ὅτι</span> 
     </span>
     <span class='ocr_line' id='line_1_10' title="bbox 247 1503 2726 1613; baseline 0 -30"><span class='ocrx_word' id='word_1_89' title='bbox 247 1503 395 1608; x_wconf 84' lang='grc' dir='ltr'>γὰρ</span> <span class='ocrx_word' id='word_1_90' title='bbox 433 1504 742 1603; x_wconf 81' lang='grc' dir='ltr'>ἔμελλον</span> <span class='ocrx_word' id='word_1_91' title='bbox 772 1509 838 1584; x_wconf 82' lang='grc' dir='ltr'>οὶ</span> <span class='ocrx_word' id='word_1_92' title='bbox 873 1505 963 1612; x_wconf 78' lang='grc' dir='ltr'>ἐξ</span> <span class='ocrx_word' id='word_1_93' title='bbox 993 1503 1305 1607; x_wconf 84' lang='grc' dir='ltr'>Ἰσραὴλ</span> <span class='ocrx_word' id='word_1_94' title='bbox 1337 1505 2075 1600; x_wconf 86' lang='grc' dir='ltr'>καταβδελύσσεσθαι</span> <span class='ocrx_word' id='word_1_95' title='bbox 2112 1503 2277 1590; x_wconf 76' lang='grc' dir='ltr'>τοὺς</span> <span class='ocrx_word' id='word_1_96' title='bbox 2313 1506 2401 1613; x_wconf 78' lang='grc' dir='ltr'>ἐξ</span> <span class='ocrx_word' id='word_1_97' title='bbox 2432 1508 2658 1586; x_wconf 82' lang='grc' dir='ltr'>ἐθνῶν</span> <span class='ocrx_word' id='word_1_98' title='bbox 2681 1519 2726 1584; x_wconf 84' lang='lat' dir='ltr'><strong>d</strong></span> 
     </span>
     <span class='ocr_line' id='line_1_11' title="bbox 136 1628 2658 1734; baseline 0 -25"><span class='ocrx_word' id='word_1_99' title='bbox 136 1659 216 1699; x_wconf 90' lang='lat'>10</span> <span class='ocrx_word' id='word_1_100' title='bbox 251 1632 349 1713; x_wconf 83' lang='grc' dir='ltr'>ὡς</span> <span class='ocrx_word' id='word_1_101' title='bbox 386 1629 910 1730; x_wconf 82' lang='grc' dir='ltr'>τεθραμμένους</span> <span class='ocrx_word' id='word_1_102' title='bbox 947 1632 1022 1708; x_wconf 84' lang='grc' dir='ltr'>ἐν</span> <span class='ocrx_word' id='word_1_103' title='bbox 1056 1631 1431 1731; x_wconf 82' lang='grc' dir='ltr'>ἁμαρτίαις</span> <span class='ocrx_word' id='word_1_104' title='bbox 1471 1628 1589 1710; x_wconf 80' lang='grc' dir='ltr'>διὰ</span> <span class='ocrx_word' id='word_1_105' title='bbox 1627 1628 1759 1730; x_wconf 85' lang='grc' dir='ltr'>τὴν</span> <span class='ocrx_word' id='word_1_106' title='bbox 1795 1639 2325 1734; x_wconf 89' lang='grc' dir='ltr'>προλαβοῦσαν</span> <span class='ocrx_word' id='word_1_107' title='bbox 2352 1629 2658 1730; x_wconf 82' lang='grc' dir='ltr'>ἀπάτην,</span> 
     </span>
     <span class='ocr_line' id='line_1_12' title="bbox 249 1750 2652 1861; baseline 0 -29"><span class='ocrx_word' id='word_1_108' title='bbox 249 1752 737 1854; x_wconf 80' lang='grc' dir='ltr'>ἐπιγνώσεταῖ</span> <span class='ocrx_word' id='word_1_109' title='bbox 773 1788 881 1838; x_wconf 90' lang='grc' dir='ltr'>τις</span> <span class='ocrx_word' id='word_1_110' title='bbox 931 1754 1020 1861; x_wconf 78' lang='grc' dir='ltr'>ἐξ</span> <span class='ocrx_word' id='word_1_111' title='bbox 1064 1750 1166 1832; x_wconf 75' lang='grc' dir='ltr'>ὧν</span> <span class='ocrx_word' id='word_1_112' title='bbox 1205 1757 1271 1832; x_wconf 80' lang='grc' dir='ltr'>οἱ</span> <span class='ocrx_word' id='word_1_113' title='bbox 1310 1760 1698 1856; x_wconf 84' lang='grc' dir='ltr'>Φαρισαῖοι</span> <span class='ocrx_word' id='word_1_114' title='bbox 1741 1752 1925 1857; x_wconf 77' lang='grc' dir='ltr'>πρὸς</span> <span class='ocrx_word' id='word_1_115' title='bbox 1960 1758 2222 1835; x_wconf 85' lang='grc' dir='ltr'>ἐκεῖνον</span> <span class='ocrx_word' id='word_1_116' title='bbox 2259 1753 2652 1858; x_wconf 78' lang='grc' dir='ltr'>εἰρήκασιν.</span> 
     </span>
     <span class='ocr_line' id='line_1_13' title="bbox 251 1876 2662 1983; baseline 0 -26"><span class='ocrx_word' id='word_1_117' title='bbox 251 1878 698 1976; x_wconf 82' lang='grc' dir='ltr'>ἐκπέμπουσι</span> <span class='ocrx_word' id='word_1_118' title='bbox 744 1877 820 1956; x_wconf 76' lang='grc' dir='ltr'>δὲ</span> <span class='ocrx_word' id='word_1_119' title='bbox 865 1878 1103 1976; x_wconf 80' lang='grc' dir='ltr'>αὑτὸν,</span> <span class='ocrx_word' id='word_1_120' title='bbox 1140 1877 1592 1979; x_wconf 82' lang='grc' dir='ltr'>ἁπόπεμπτοι</span> <span class='ocrx_word' id='word_1_121' title='bbox 1644 1878 1786 1983; x_wconf 81' lang='grc' dir='ltr'>γὰρ</span> <span class='ocrx_word' id='word_1_122' title='bbox 1837 1882 1953 1959; x_wconf 86' lang='grc' dir='ltr'>καὶ</span> <span class='ocrx_word' id='word_1_123' title='bbox 2002 1876 2413 1978; x_wconf 81' lang='grc' dir='ltr'>ἀπόβλητοι</span> <span class='ocrx_word' id='word_1_124' title='bbox 2460 1877 2662 1983; x_wconf 78' lang='grc' dir='ltr'>παρὰ</span> 
     </span>
     <span class='ocr_line' id='line_1_14' title="bbox 252 1999 2416 2110; baseline 0.001 -29"><span class='ocrx_word' id='word_1_125' title='bbox 252 2008 402 2086; x_wconf 89' lang='grc' dir='ltr'>τοῖς</span> <span class='ocrx_word' id='word_1_126' title='bbox 437 1999 804 2086; x_wconf 79' lang='grc' dir='ltr'>Ἰουδαίοις</span> <span class='ocrx_word' id='word_1_127' title='bbox 842 2006 908 2082; x_wconf 79' lang='grc' dir='ltr'>οἱ</span> <span class='ocrx_word' id='word_1_128' title='bbox 946 2001 1073 2081; x_wconf 83' lang='grc' dir='ltr'>τὸν</span> <span class='ocrx_word' id='word_1_129' title='bbox 1109 2005 1224 2082; x_wconf 82' lang='grc' dir='ltr'>ἐπὶ</span> <span class='ocrx_word' id='word_1_130' title='bbox 1262 2009 1568 2110; x_wconf 76' lang='grc' dir='ltr'>Χριστῷ</span> <span class='ocrx_word' id='word_1_131' title='bbox 1604 2002 2129 2108; x_wconf 83' lang='grc' dir='ltr'>πρεσβεύοντες</span> <span class='ocrx_word' id='word_1_132' title='bbox 2167 2001 2416 2107; x_wconf 86' lang='grc' dir='ltr'>λόγον.</span> 
     </span>
    </p>
   </div>
   <div class='ocr_carea' id='block_1_3' title="bbox 606 2277 2762 2358">
    <p class='ocr_par' dir='ltr' id='par_1_3' title="bbox 606 2277 2762 2358">
     <span class='ocr_line' id='line_1_15' title="bbox 606 2277 2762 2358; baseline 0.007 -18"><span class='ocrx_word' id='word_1_133' title='bbox 606 2278 932 2344; x_wconf 85' lang='grc' dir='ltr'>Ἤκουσεν</span> <span class='ocrx_word' id='word_1_134' title='bbox 987 2280 1015 2345; x_wconf 76' lang='lat' dir='ltr'>s‘</span> <span class='ocrx_word' id='word_1_135' title='bbox 1070 2277 1319 2344; x_wconf 66' lang='grc' dir='ltr'>Ἰησοῦς</span> <span class='ocrx_word' id='word_1_136' title='bbox 1371 2281 1472 2346; x_wconf 84' lang='grc' dir='ltr'>ὅτι</span> <span class='ocrx_word' id='word_1_137' title='bbox 1525 2280 1839 2358; x_wconf 71' lang='grc' dir='ltr'>ἐξέβαλον</span> <span class='ocrx_word' id='word_1_138' title='bbox 1894 2279 2093 2346; x_wconf 85' lang='grc' dir='ltr'>αὐτὸν</span> <span class='ocrx_word' id='word_1_139' title='bbox 2145 2279 2302 2349; x_wconf 78' lang='grc' dir='ltr'><strong>ἔξω.</strong></span> <span class='ocrx_word' id='word_1_140' title='bbox 2507 2297 2520 2307; x_wconf 85' lang='grc'><em>’</em></span> <span class='ocrx_word' id='word_1_141' title='bbox 2687 2295 2762 2357; x_wconf 90' lang='grc'>35</span> 
     </span>
    </p>
   </div>
   <div class='ocr_carea' id='block_1_4' title="bbox 143 2449 2724 2807">
    <p class='ocr_par' dir='ltr' id='par_1_4' title="bbox 143 2449 2724 2804">
     <span class='ocr_line' id='line_1_16' title="bbox 143 2449 2662 2564; baseline 0 -35"><span class='ocrx_word' id='word_1_142' title='bbox 143 2476 225 2538; x_wconf 87' lang='lat'>15</span> <span class='ocrx_word' id='word_1_143' title='bbox 367 2452 709 2531; x_wconf 78' lang='grc' dir='ltr'>Ἀκοῧσ-αί</span> <span class='ocrx_word' id='word_1_144' title='bbox 762 2457 995 2558; x_wconf 88' lang='grc' dir='ltr'>φησιν</span> <span class='ocrx_word' id='word_1_145' title='bbox 1052 2452 1091 2530; x_wconf 90' lang='lat'><em>5</em></span> <span class='ocrx_word' id='word_1_146' title='bbox 1149 2452 1540 2535; x_wconf 76' lang='grc' dir='ltr'>θεσπέσιος</span> <span class='ocrx_word' id='word_1_147' title='bbox 1598 2449 2154 2564; x_wconf 81' lang='grc' dir='ltr'>Εὐαγγελιστὴς</span> <span class='ocrx_word' id='word_1_148' title='bbox 2208 2449 2336 2532; x_wconf 81' lang='grc' dir='ltr'>τὸν</span> <span class='ocrx_word' id='word_1_149' title='bbox 2390 2449 2662 2554; x_wconf 86' lang='grc' dir='ltr'>Κύριον</span> 
     </span>
     <span class='ocr_line' id='line_1_17' title="bbox 252 2573 2653 2683; baseline 0 -29"><span class='ocrx_word' id='word_1_150' title='bbox 252 2575 458 2675; x_wconf 81' lang='grc' dir='ltr'>ἡμῶν</span> <span class='ocrx_word' id='word_1_151' title='bbox 482 2576 774 2675; x_wconf 86' lang='grc' dir='ltr'>Ἰησοῦν</span> <span class='ocrx_word' id='word_1_152' title='bbox 802 2573 1157 2680; x_wconf 81' lang='grc' dir='ltr'>Χριστὸν,</span> <span class='ocrx_word' id='word_1_153' title='bbox 1191 2576 1347 2680; x_wconf 82' lang='grc' dir='ltr'>οὐχὶ</span> <span class='ocrx_word' id='word_1_154' title='bbox 1392 2573 1703 2673; x_wconf 85' lang='grc' dir='ltr'>πάντως,</span> <span class='ocrx_word' id='word_1_155' title='bbox 1741 2574 1902 2656; x_wconf 82' lang='grc' dir='ltr'>οὐδὲ</span> <span class='ocrx_word' id='word_1_156' title='bbox 1936 2576 2025 2683; x_wconf 80' lang='grc' dir='ltr'>ἐξ</span> <span class='ocrx_word' id='word_1_157' title='bbox 2056 2576 2373 2679; x_wconf 83' lang='grc' dir='ltr'>ἀνάγκης</span> <span class='ocrx_word' id='word_1_158' title='bbox 2410 2577 2653 2677; x_wconf 80' lang='grc' dir='ltr'>ἀπαγ-</span> 
     </span>
     <span class='ocr_line' id='line_1_18' title="bbox 253 2697 2724 2807; baseline -0.001 -29"><span class='ocrx_word' id='word_1_159' title='bbox 253 2698 655 2803; x_wconf 83' lang='grc' dir='ltr'>γε’λλοντός</span> <span class='ocrx_word' id='word_1_160' title='bbox 705 2735 894 2785; x_wconf 89' lang='grc' dir='ltr'>τινος</span> <span class='ocrx_word' id='word_1_161' title='bbox 944 2701 1135 2807; x_wconf 74' lang='grc' dir='ltr'>αὐτῷ</span> <span class='ocrx_word' id='word_1_162' title='bbox 1180 2697 1265 2780; x_wconf 77' lang='grc' dir='ltr'>τὸ</span> <span class='ocrx_word' id='word_1_163' title='bbox 1314 2699 1802 2803; x_wconf 81' lang='grc' dir='ltr'>γεγενημένον,</span> <span class='ocrx_word' id='word_1_164' title='bbox 1841 2703 2009 2779; x_wconf 86' lang='grc' dir='ltr'>ἀλλ’</span> <span class='ocrx_word' id='word_1_165' title='bbox 2050 2702 2332 2804; x_wconf 86' lang='grc' dir='ltr'>ἐπείπερ</span> <span class='ocrx_word' id='word_1_166' title='bbox 2383 2734 2478 2784; x_wconf 90' lang='grc' dir='ltr'>ως</span> <span class='ocrx_word' id='word_1_167' title='bbox 2520 2734 2663 2779; x_wconf 95' lang='grc' dir='ltr'>που</span> <span class='ocrx_word' id='word_1_168' title='bbox 2688 2732 2724 2775; x_wconf 78' lang='lat' dir='ltr'><strong>e</strong></span> 
     </span>
    </p>
   </div>
   <div class='ocr_carea' id='block_1_5' title="bbox 168 2830 197 2842">
    <p class='ocr_par' dir='ltr' id='par_1_5' title="bbox 168 2830 197 2842">
     <span class='ocr_line' id='line_1_19' title="bbox 168 2830 197 2842; baseline 0 0"><span class='ocrx_word' id='word_1_169' title='bbox 168 2830 197 2842; x_wconf 69' lang='grc' dir='ltr'><em>Ι</em></span> 
     </span>
    </p>
   </div>
   <div class='ocr_carea' id='block_1_6' title="bbox 254 2822 2931 2959">
    <p class='ocr_par' dir='ltr' id='par_1_6' title="bbox 254 2822 2931 2959">
     <span class='ocr_line' id='line_1_20' title="bbox 254 2822 2931 2959; baseline -0.001 -56"><span class='ocrx_word' id='word_1_170' title='bbox 254 2857 365 2907; x_wconf 84' lang='grc' dir='ltr'>τις</span> <span class='ocrx_word' id='word_1_171' title='bbox 401 2823 542 2929; x_wconf 89' lang='grc' dir='ltr'>εφη</span> <span class='ocrx_word' id='word_1_172' title='bbox 580 2831 726 2904; x_wconf 80' lang='grc' dir='ltr'>τῶν</span> <span class='ocrx_word' id='word_1_173' title='bbox 761 2831 1024 2930; x_wconf 82' lang='grc' dir='ltr'>σοφῶν</span> <span class='ocrx_word' id='word_1_174' title='bbox 1063 2836 1105 2872; x_wconf 85' lang='grc'><strong>“</strong></span> <span class='ocrx_word' id='word_1_175' title='bbox 1136 2830 1438 2923; x_wconf 89' lang='grc' dir='ltr'>Πνεῦμα</span> <span class='ocrx_word' id='word_1_176' title='bbox 1475 2826 1747 2928; x_wconf 86' lang='grc' dir='ltr'>Κυρίου</span> <span class='ocrx_word' id='word_1_177' title='bbox 1781 2822 2211 2926; x_wconf 83' lang='grc' dir='ltr'>πεπλήρωκε</span> <span class='ocrx_word' id='word_1_178' title='bbox 2253 2823 2385 2924; x_wconf 84' lang='grc' dir='ltr'>τὴν</span> <span class='ocrx_word' id='word_1_179' title='bbox 2424 2827 2657 2903; x_wconf 81' lang='grc' dir='ltr'>οἶκου-</span> <span class='ocrx_word' id='word_1_180' title='bbox 2755 2830 2931 2959; x_wconf 54' lang='grc' dir='ltr'>ῗθξοῑ·</span> 
     </span>
    </p>
   </div>
   <div class='ocr_carea' id='block_1_7' title="bbox 254 2946 2665 3101">
    <p class='ocr_par' dir='ltr' id='par_1_7' title="bbox 254 2946 2665 3101">
     <span class='ocr_line' id='line_1_21' title="bbox 254 2946 2665 3052; baseline -0 -25.964"><span class='ocrx_word' id='word_1_181' title='bbox 254 2948 599 3047; x_wconf 72' lang='grc' dir='ltr'>“μενην,</span> <span class='ocrx_word' id='word_1_182' title='bbox 620 2984 735 3028; x_wconf 77' lang='grc' dir='ltr'>Καί</span> <span class='ocrx_word' id='word_1_183' title='bbox 774 2949 893 3033; x_wconf 77' lang='lat' dir='ltr'>OUS&#39;</span> <span class='ocrx_word' id='word_1_184' title='bbox 940 2947 1357 3052; x_wconf 65' lang='grc' dir='ltr'>ἀκροάσεως</span> <span class='ocrx_word' id='word_1_185' title='bbox 1406 2950 1752 3049; x_wconf 68' lang='grc' dir='ltr'>ἀκρῦᾶΐαι</span> <span class='ocrx_word' id='word_1_186' title='bbox 1803 2946 1895 3027; x_wconf 75' lang='grc' dir='ltr'>Τὰ</span> <span class='ocrx_word' id='word_1_187' title='bbox 1944 2982 2204 3028; x_wconf 61' lang='lat' dir='ltr'>wavra.</span> <span class='ocrx_word' id='word_1_188' title='bbox 2311 2946 2665 3027; x_wconf 74' lang='grc' dir='ltr'>Εισακούει</span> 
     </span>
     <span class='ocr_line' id='line_1_22' title="bbox 1344 3072 1362 3101; baseline 0 0"><span class='ocrx_word' id='word_1_189' title='bbox 1344 3072 1362 3101; x_wconf 76' lang='lat' dir='ltr'><em>t</em></span> 
     </span>
    </p>
   </div>
   <div class='ocr_carea' id='block_1_8' title="bbox 148 3071 3004 4046">
    <p class='ocr_par' dir='ltr' id='par_1_8' title="bbox 148 3071 3002 3304">
     <span class='ocr_line' id='line_1_23' title="bbox 148 3071 3002 3210; baseline -0.001 -59"><span class='ocrx_word' id='word_1_190' title='bbox 148 3111 232 3151; x_wconf 83' lang='lat'>20</span> <span class='ocrx_word' id='word_1_191' title='bbox 255 3105 425 3175; x_wconf 83' lang='grc' dir='ltr'>γαρ,</span> <span class='ocrx_word' id='word_1_192' title='bbox 491 3075 588 3156; x_wconf 84' lang='grc' dir='ltr'>ὡς</span> <span class='ocrx_word' id='word_1_193' title='bbox 658 3075 698 3152; x_wconf 87' lang='lat'><em>5</em></span> <span class='ocrx_word' id='word_1_194' title='bbox 774 3071 1098 3178; x_wconf 81' lang='grc' dir='ltr'>ψάλλων</span> <span class='ocrx_word' id='word_1_195' title='bbox 1165 3079 1398 3180; x_wconf 91' lang='grc' dir='ltr'>φησιν</span> <span class='ocrx_word' id='word_1_196' title='bbox 1464 3083 1506 3119; x_wconf 86' lang='grc'><strong>“</strong></span> <span class='ocrx_word' id='word_1_197' title='bbox 1545 3072 1642 3152; x_wconf 92' lang='grc' dir='ltr'>Ο</span> <span class='ocrx_word' id='word_1_198' title='bbox 1711 3072 2076 3178; x_wconf 87' lang='grc' dir='ltr'>φυτεύσας</span> <span class='ocrx_word' id='word_1_199' title='bbox 2148 3072 2234 3152; x_wconf 82' lang='grc' dir='ltr'>τὸ</span> <span class='ocrx_word' id='word_1_200' title='bbox 2309 3074 2429 3156; x_wconf 92' lang='grc' dir='ltr'>ους</span> <span class='ocrx_word' id='word_1_201' title='bbox 2505 3072 2665 3177; x_wconf 79' lang='grc' dir='ltr'>οὐχὶ</span> <span class='ocrx_word' id='word_1_202' title='bbox 2756 3077 2841 3210; x_wconf 57' lang='grc' dir='ltr'>ξε·</span> <span class='ocrx_word' id='word_1_203' title='bbox 2868 3078 3002 3128; x_wconf 81' lang='lat' dir='ltr'><strong>xciii.</strong></span> 
     </span>
     <span class='ocr_line' id='line_1_24' title="bbox 253 3181 2805 3304; baseline 0 -29"><span class='ocrx_word' id='word_1_204' title='bbox 253 3196 627 3276; x_wconf 83' lang='grc' dir='ltr'>“ἀκούει·</span> <span class='ocrx_word' id='word_1_205' title='bbox 609 3259 629 3291; x_wconf 90' lang='grc'>,</span> <span class='ocrx_word' id='word_1_206' title='bbox 707 3231 820 3275; x_wconf 86' lang='grc' dir='ltr'>και</span> <span class='ocrx_word' id='word_1_207' title='bbox 879 3199 919 3276; x_wconf 87' lang='lat'><em>5</em></span> <span class='ocrx_word' id='word_1_208' title='bbox 974 3194 1275 3280; x_wconf 78' lang='grc' dir='ltr'>πλάσας</span> <span class='ocrx_word' id='word_1_209' title='bbox 1331 3195 1723 3304; x_wconf 83' lang='grc' dir='ltr'>ὀφθαλμον</span> <span class='ocrx_word' id='word_1_210' title='bbox 1778 3197 1939 3302; x_wconf 82' lang='grc' dir='ltr'>οὐχὶ</span> <span class='ocrx_word' id='word_1_211' title='bbox 1994 3230 2319 3278; x_wconf 86' lang='grc' dir='ltr'>κατανοει</span> <span class='ocrx_word' id='word_1_212' title='bbox 2297 3194 2420 3294; x_wconf 83' lang='lat'>;&#39;&#39;</span> <span class='ocrx_word' id='word_1_213' title='bbox 2491 3195 2665 3276; x_wconf 79' lang='grc' dir='ltr'>ὅταν</span> <span class='ocrx_word' id='word_1_214' title='bbox 2792 3181 2805 3194; x_wconf 52' lang='lat'><em>⁰</em></span> 
     </span>
    </p>

    <p class='ocr_par' dir='ltr' id='par_1_9' title="bbox 252 3318 2667 3669">
     <span class='ocr_line' id='line_1_25' title="bbox 252 3318 2666 3428; baseline -0.001 -27"><span class='ocrx_word' id='word_1_215' title='bbox 252 3356 495 3402; x_wconf 89' lang='grc' dir='ltr'>τοινυν</span> <span class='ocrx_word' id='word_1_216' title='bbox 536 3320 977 3424; x_wconf 77' lang='grc' dir='ltr'>ὑβριζώμεθα</span> <span class='ocrx_word' id='word_1_217' title='bbox 1017 3321 1099 3399; x_wconf 86' lang='grc' dir='ltr'>δι’</span> <span class='ocrx_word' id='word_1_218' title='bbox 1142 3320 1379 3419; x_wconf 80' lang='grc' dir='ltr'>αὐτὸν,</span> <span class='ocrx_word' id='word_1_219' title='bbox 1416 3318 1462 3421; x_wconf 84' lang='grc' dir='ltr'>ἢ</span> <span class='ocrx_word' id='word_1_220' title='bbox 1504 3322 1628 3402; x_wconf 86' lang='grc' dir='ltr'>καί</span> <span class='ocrx_word' id='word_1_221' title='bbox 1660 3356 1729 3401; x_wconf 89' lang='grc' dir='ltr'>τι</span> <span class='ocrx_word' id='word_1_222' title='bbox 1766 3326 1911 3400; x_wconf 82' lang='grc' dir='ltr'>τῶν</span> <span class='ocrx_word' id='word_1_223' title='bbox 1945 3320 2374 3428; x_wconf 88' lang='grc' dir='ltr'>πεφυκότων</span> <span class='ocrx_word' id='word_1_224' title='bbox 2413 3327 2666 3400; x_wconf 83' lang='grc' dir='ltr'>λυπεῖν</span> 
     </span>
     <span class='ocr_line' id='line_1_26' title="bbox 255 3441 2661 3549; baseline -0.002 -22"><span class='ocrx_word' id='word_1_225' title='bbox 255 3444 722 3543; x_wconf 84' lang='grc' dir='ltr'>ὑπομένωμεν</span> <span class='ocrx_word' id='word_1_226' title='bbox 773 3441 973 3546; x_wconf 79' lang='grc' dir='ltr'>παρὰ</span> <span class='ocrx_word' id='word_1_227' title='bbox 1026 3451 1170 3523; x_wconf 82' lang='grc' dir='ltr'>τῶν</span> <span class='ocrx_word' id='word_1_228' title='bbox 1221 3451 1599 3549; x_wconf 82' lang='grc' dir='ltr'>θεομαχεῖν</span> <span class='ocrx_word' id='word_1_229' title='bbox 1649 3444 2021 3541; x_wconf 77' lang='grc' dir='ltr'>εἰωθότων,</span> <span class='ocrx_word' id='word_1_230' title='bbox 2067 3444 2432 3525; x_wconf 82' lang='grc' dir='ltr'>πιστεύειν</span> <span class='ocrx_word' id='word_1_231' title='bbox 2486 3443 2661 3523; x_wconf 81' lang='grc' dir='ltr'>ἀκό-</span> 
     </span>
     <span class='ocr_line' id='line_1_27' title="bbox 257 3565 2667 3669; baseline -0.001 -20"><span class='ocrx_word' id='word_1_232' title='bbox 257 3577 551 3668; x_wconf 87' lang='grc' dir='ltr'>λουθον,</span> <span class='ocrx_word' id='word_1_233' title='bbox 618 3568 728 3649; x_wconf 78' lang='grc' dir='ltr'>ὅτι</span> <span class='ocrx_word' id='word_1_234' title='bbox 803 3565 892 3667; x_wconf 85' lang='grc' dir='ltr'>δὴ</span> <span class='ocrx_word' id='word_1_235' title='bbox 967 3568 1254 3654; x_wconf 83' lang='grc' dir='ltr'>πάντως</span> <span class='ocrx_word' id='word_1_236' title='bbox 1329 3566 1644 3669; x_wconf 85' lang='grc' dir='ltr'>ἐπόπτης</span> <span class='ocrx_word' id='word_1_237' title='bbox 1717 3569 1925 3650; x_wconf 77' lang='grc' dir='ltr'>ἔσται</span> <span class='ocrx_word' id='word_1_238' title='bbox 1998 3567 2206 3667; x_wconf 76' lang='grc' dir='ltr'>Θεὸς,</span> <span class='ocrx_word' id='word_1_239' title='bbox 2281 3569 2516 3650; x_wconf 82' lang='grc' dir='ltr'>ἀκούει</span> <span class='ocrx_word' id='word_1_240' title='bbox 2590 3567 2667 3648; x_wconf 82' lang='grc' dir='ltr'>δὲ</span> 
     </span>
    </p>

    <p class='ocr_par' dir='ltr' id='par_1_10' title="bbox 158 3690 3004 4046">
     <span class='ocr_line' id='line_1_28' title="bbox 158 3690 3004 3800; baseline -0.001 -29"><span class='ocrx_word' id='word_1_241' title='bbox 158 3712 235 3771; x_wconf 85' lang='lat'>25</span> <span class='ocrx_word' id='word_1_242' title='bbox 258 3691 512 3797; x_wconf 78' lang='grc' dir='ltr'>ὥσπερ</span> <span class='ocrx_word' id='word_1_243' title='bbox 569 3691 695 3775; x_wconf 81' lang='grc' dir='ltr'>τὸν</span> <span class='ocrx_word' id='word_1_244' title='bbox 751 3694 1367 3792; x_wconf 86' lang='grc' dir='ltr'>ἐπισυμβαίνοντα</span> <span class='ocrx_word' id='word_1_245' title='bbox 1420 3690 1848 3796; x_wconf 87' lang='grc' dir='ltr'>πειρασμόν·</span> <span class='ocrx_word' id='word_1_246' title='bbox 1907 3692 2085 3793; x_wconf 82' lang='grc' dir='ltr'>αὐτὴ</span> <span class='ocrx_word' id='word_1_247' title='bbox 2141 3692 2285 3796; x_wconf 81' lang='grc' dir='ltr'>γὰρ</span> <span class='ocrx_word' id='word_1_248' title='bbox 2341 3694 2384 3793; x_wconf 84' lang='grc' dir='ltr'><strong><em>ἡ</em></strong></span> <span class='ocrx_word' id='word_1_249' title='bbox 2442 3692 2667 3800; x_wconf 88' lang='grc' dir='ltr'>φύσις</span> <span class='ocrx_word' id='word_1_250' title='bbox 2689 3729 2726 3770; x_wconf 79' lang='lat' dir='ltr'><strong>a</strong></span> <span class='ocrx_word' id='word_1_251' title='bbox 2767 3715 2902 3771; x_wconf 80' lang='lat'>630</span> <span class='ocrx_word' id='word_1_252' title='bbox 2921 3712 3004 3769; x_wconf 77' lang='lat' dir='ltr'>A.</span> 
     </span>
     <span class='ocr_line' id='line_1_29' title="bbox 258 3814 2670 3921; baseline -0 -23"><span class='ocrx_word' id='word_1_253' title='bbox 258 3827 392 3898; x_wconf 91' lang='grc' dir='ltr'>τοῦ</span> <span class='ocrx_word' id='word_1_254' title='bbox 441 3817 866 3921; x_wconf 87' lang='grc' dir='ltr'>πράγματος</span> <span class='ocrx_word' id='word_1_255' title='bbox 918 3820 1035 3896; x_wconf 79' lang='grc' dir='ltr'>καὶ</span> <span class='ocrx_word' id='word_1_256' title='bbox 1083 3822 1230 3896; x_wconf 82' lang='grc' dir='ltr'>τῶν</span> <span class='ocrx_word' id='word_1_257' title='bbox 1266 3818 1352 3896; x_wconf 85' lang='grc' dir='ltr'>δι’</span> <span class='ocrx_word' id='word_1_258' title='bbox 1394 3815 1611 3897; x_wconf 83' lang='grc' dir='ltr'>αὐτὸν</span> <span class='ocrx_word' id='word_1_259' title='bbox 1656 3814 2184 3920; x_wconf 70' lang='grc' dir='ltr'>ἀτιμαζομένων</span> <span class='ocrx_word' id='word_1_260' title='bbox 2229 3817 2314 3896; x_wconf 81' lang='grc' dir='ltr'>τὸ</span> <span class='ocrx_word' id='word_1_261' title='bbox 2366 3815 2670 3921; x_wconf 86' lang='grc' dir='ltr'>γνήσιον</span> 
     </span>
     <span class='ocr_line' id='line_1_30' title="bbox 261 3938 1911 4046; baseline -0.002 -24"><span class='ocrx_word' id='word_1_262' title='bbox 261 3946 339 4022; x_wconf 84' lang='grc' dir='ltr'>ἐν</span> <span class='ocrx_word' id='word_1_263' title='bbox 377 3946 517 4023; x_wconf 78' lang='grc' dir='ltr'>ὠσὶ</span> <span class='ocrx_word' id='word_1_264' title='bbox 554 3949 704 4027; x_wconf 87' lang='grc' dir='ltr'>τοῖς</span> <span class='ocrx_word' id='word_1_265' title='bbox 742 3942 953 4026; x_wconf 86' lang='grc' dir='ltr'>θείοις</span> <span class='ocrx_word' id='word_1_266' title='bbox 987 3939 1317 4043; x_wconf 85' lang='grc' dir='ltr'>μεγάλην</span> <span class='ocrx_word' id='word_1_267' title='bbox 1355 3939 1498 4046; x_wconf 78' lang='grc' dir='ltr'>ἔχει</span> <span class='ocrx_word' id='word_1_268' title='bbox 1535 3938 1669 4040; x_wconf 84' lang='grc' dir='ltr'>τὴν</span> <span class='ocrx_word' id='word_1_269' title='bbox 1702 3939 1911 4039; x_wconf 88' lang='grc' dir='ltr'>βοήν.</span> 
     </span>
    </p>
   </div>
   <div class='ocr_carea' id='block_1_9' title="bbox 263 4176 2674 4530">
    <p class='ocr_par' dir='ltr' id='par_1_11' title="bbox 263 4176 2674 4530">
     <span class='ocr_line' id='line_1_31' title="bbox 339 4176 2671 4260; baseline 0 -28"><span class='ocrx_word' id='word_1_270' title='bbox 339 4194 389 4233; x_wconf 89' lang='lat'>1.</span> <span class='ocrx_word' id='word_1_271' title='bbox 426 4179 518 4235; x_wconf 79' lang='grc' dir='ltr'>τὰς</span> <span class='ocrx_word' id='word_1_272' title='bbox 578 4184 636 4243; x_wconf 92' lang='grc' dir='ltr'>-Ι-</span> <span class='ocrx_word' id='word_1_273' title='bbox 666 4183 769 4233; x_wconf 81' lang='grc' dir='ltr'>τῶν</span> <span class='ocrx_word' id='word_1_274' title='bbox 786 4177 930 4232; x_wconf 82' lang='lat' dir='ltr'><strong>Aub.</strong></span> <span class='ocrx_word' id='word_1_275' title='bbox 955 4177 1137 4232; x_wconf 81' lang='lat' dir='ltr'>invitis</span> <span class='ocrx_word' id='word_1_276' title='bbox 1165 4176 1229 4232; x_wconf 88' lang='lat' dir='ltr'>B.</span> <span class='ocrx_word' id='word_1_277' title='bbox 1234 4195 1283 4232; x_wconf 78' lang='grc'>8.</span> <span class='ocrx_word' id='word_1_278' title='bbox 1431 4194 1481 4232; x_wconf 97' lang='grc'><strong>2.</strong></span> <span class='ocrx_word' id='word_1_279' title='bbox 1517 4177 1768 4247; x_wconf 75' lang='grc' dir='ltr'>ἁμαρτίας</span> <span class='ocrx_word' id='word_1_280' title='bbox 1792 4178 2086 4260; x_wconf 79' lang='lat' dir='ltr'>assumpsit</span> <span class='ocrx_word' id='word_1_281' title='bbox 2110 4194 2138 4231; x_wconf 85' lang='lat' dir='ltr'>e</span> <span class='ocrx_word' id='word_1_282' title='bbox 2164 4176 2282 4231; x_wconf 81' lang='lat' dir='ltr'><strong>Cat.</strong></span> <span class='ocrx_word' id='word_1_283' title='bbox 2308 4186 2371 4232; x_wconf 85' lang='lat' dir='ltr'>ut</span> <span class='ocrx_word' id='word_1_284' title='bbox 2395 4176 2503 4233; x_wconf 81' lang='lat' dir='ltr'><strong>vid.</strong></span> <span class='ocrx_word' id='word_1_285' title='bbox 2525 4176 2671 4233; x_wconf 85' lang='lat' dir='ltr'><strong>Aub.</strong></span> 
     </span>
     <span class='ocr_line' id='line_1_32' title="bbox 263 4246 2671 4320; baseline 0.001 -19"><span class='ocrx_word' id='word_1_286' title='bbox 263 4267 318 4320; x_wconf 89' lang='lat'>9.</span> <span class='ocrx_word' id='word_1_287' title='bbox 354 4247 540 4318; x_wconf 83' lang='grc' dir='ltr'>’Ῑσραη</span> <span class='ocrx_word' id='word_1_288' title='bbox 542 4252 577 4302; x_wconf 86' lang='grc' dir='ltr'>λ</span> <span class='ocrx_word' id='word_1_289' title='bbox 606 4248 669 4302; x_wconf 87' lang='grc' dir='ltr'><strong>Β.</strong></span> <span class='ocrx_word' id='word_1_290' title='bbox 674 4265 722 4301; x_wconf 79' lang='lat' dir='ltr'>a.</span> <span class='ocrx_word' id='word_1_291' title='bbox 751 4246 869 4302; x_wconf 82' lang='lat' dir='ltr'><strong>Cat.</strong></span> <span class='ocrx_word' id='word_1_292' title='bbox 901 4249 1055 4303; x_wconf 85' lang='lat' dir='ltr'><strong>Harl.</strong></span> <span class='ocrx_word' id='word_1_293' title='bbox 1078 4247 1427 4317; x_wconf 73' lang='grc' dir='ltr'>Ἰερουσαλὴμ</span> <span class='ocrx_word' id='word_1_294' title='bbox 1454 4249 1637 4303; x_wconf 77' lang='lat' dir='ltr'><strong>Holet.</strong></span> <span class='ocrx_word' id='word_1_295' title='bbox 1665 4248 1767 4303; x_wconf 89' lang='lat' dir='ltr'>Ed.</span> <span class='ocrx_word' id='word_1_296' title='bbox 1866 4248 2060 4303; x_wconf 76' lang='lat' dir='ltr'><strong>Statlm</strong></span> <span class='ocrx_word' id='word_1_297' title='bbox 2084 4247 2594 4310; x_wconf 81' lang='grc' dir='ltr'>καταβδελῦττεσθαι</span> <span class='ocrx_word' id='word_1_298' title='bbox 2622 4266 2671 4303; x_wconf 97' lang='grc'>8.</span> 
     </span>
     <span class='ocr_line' id='line_1_33' title="bbox 272 4318 2674 4443; baseline 0.001 -70"><span class='ocrx_word' id='word_1_299' title='bbox 272 4321 355 4373; x_wconf 83' lang='lat'>18.</span> <span class='ocrx_word' id='word_1_300' title='bbox 396 4318 611 4390; x_wconf 78' lang='grc' dir='ltr'>σοφῶν]</span> <span class='ocrx_word' id='word_1_301' title='bbox 645 4325 703 4384; x_wconf 90' lang='grc' dir='ltr'>-Ι-</span> <span class='ocrx_word' id='word_1_302' title='bbox 734 4318 816 4374; x_wconf 81' lang='grc' dir='ltr'>ὅτι</span> <span class='ocrx_word' id='word_1_303' title='bbox 839 4336 869 4373; x_wconf 78' lang='lat' dir='ltr'>e</span> <span class='ocrx_word' id='word_1_304' title='bbox 894 4318 1015 4374; x_wconf 77' lang='lat' dir='ltr'><strong>Cat.</strong></span> <span class='ocrx_word' id='word_1_305' title='bbox 1046 4318 1199 4373; x_wconf 83' lang='lat' dir='ltr'>Harl.</span> <span class='ocrx_word' id='word_1_306' title='bbox 1224 4328 1289 4374; x_wconf 84' lang='lat' dir='ltr'>ut</span> <span class='ocrx_word' id='word_1_307' title='bbox 1312 4319 1421 4373; x_wconf 86' lang='lat' dir='ltr'><strong>vid.</strong></span> <span class='ocrx_word' id='word_1_308' title='bbox 1449 4318 1593 4372; x_wconf 88' lang='lat' dir='ltr'><strong>Aub.</strong></span> <span class='ocrx_word' id='word_1_309' title='bbox 1990 4319 2220 4443; x_wconf 50' lang='grc' dir='ltr'>οἷθαλμ</span> <span class='ocrx_word' id='word_1_310' title='bbox 2168 4320 2267 4387; x_wconf 80' lang='grc' dir='ltr'>μὸν</span> <span class='ocrx_word' id='word_1_311' title='bbox 2289 4336 2337 4372; x_wconf 79' lang='lat' dir='ltr'>a.</span> <span class='ocrx_word' id='word_1_312' title='bbox 2364 4318 2674 4409; x_wconf 78' lang='grc' dir='ltr'>ὀφθαλμοὺς</span> 
     </span>
     <span class='ocr_line' id='line_1_34' title="bbox 268 4335 2508 4460; baseline -0 -16"><span class='ocrx_word' id='word_1_313' title='bbox 268 4388 374 4444; x_wconf 86' lang='lat' dir='ltr'>Ed.</span> <span class='ocrx_word' id='word_1_314' title='bbox 402 4400 655 4444; x_wconf 82' lang='lat' dir='ltr'><strong>neutrum</strong></span> <span class='ocrx_word' id='word_1_315' title='bbox 681 4389 841 4443; x_wconf 82' lang='lat' dir='ltr'><strong>habet</strong></span> <span class='ocrx_word' id='word_1_316' title='bbox 867 4389 933 4443; x_wconf 89' lang='lat' dir='ltr'>B.</span> <span class='ocrx_word' id='word_1_317' title='bbox 1134 4406 1220 4444; x_wconf 90' lang='grc'>22.</span> <span class='ocrx_word' id='word_1_318' title='bbox 1256 4390 1583 4460; x_wconf 71' lang='grc' dir='ltr'>ὑβριζώμεθα</span> <span class='ocrx_word' id='word_1_319' title='bbox 1606 4406 1656 4444; x_wconf 77' lang='lat' dir='ltr'>a.</span> <span class='ocrx_word' id='word_1_320' title='bbox 1680 4335 1995 4458; x_wconf 71' lang='grc' dir='ltr'>ὑβριζόμεθα</span> <span class='ocrx_word' id='word_1_321' title='bbox 2456 4406 2508 4460; x_wconf 88' lang='lat'>3.</span> 
     </span>
     <span class='ocr_line' id='line_1_35' title="bbox 265 4406 2616 4530; baseline -0 -15"><span class='ocrx_word' id='word_1_322' title='bbox 265 4460 500 4529; x_wconf 76' lang='grc' dir='ltr'>μένωμεν</span> <span class='ocrx_word' id='word_1_323' title='bbox 524 4478 572 4515; x_wconf 92' lang='grc'>8.</span> <span class='ocrx_word' id='word_1_324' title='bbox 598 4460 949 4530; x_wconf 78' lang='grc' dir='ltr'>ὑπομείνωμεν</span> <span class='ocrx_word' id='word_1_325' title='bbox 976 4460 1078 4515; x_wconf 84' lang='lat' dir='ltr'>Ed.</span> <span class='ocrx_word' id='word_1_326' title='bbox 1239 4476 1326 4528; x_wconf 87' lang='grc'><strong>25.</strong></span> <span class='ocrx_word' id='word_1_327' title='bbox 1365 4459 1802 4530; x_wconf 81' lang='grc' dir='ltr'>ἐπισυμβαίνοντα</span> <span class='ocrx_word' id='word_1_328' title='bbox 1829 4460 1895 4514; x_wconf 89' lang='grc' dir='ltr'>Β.</span> <span class='ocrx_word' id='word_1_329' title='bbox 1897 4477 1945 4514; x_wconf 82' lang='grc'>8.</span> <span class='ocrx_word' id='word_1_330' title='bbox 1974 4461 2071 4515; x_wconf 82' lang='lat' dir='ltr'>Ht.</span> <span class='ocrx_word' id='word_1_331' title='bbox 2097 4460 2429 4526; x_wconf 73' lang='grc' dir='ltr'>ἐπιβαίνοντα</span> <span class='ocrx_word' id='word_1_332' title='bbox 2422 4406 2616 4515; x_wconf 68' lang='grc' dir='ltr'>2Αιιὶὶ.</span> 
     </span>
    </p>
   </div>
  </div>
 </body>
</html>
