3238 5158
186 346 330 412 xvi.
362 365 462 434 23,
492 366 597 430 24.
646 347 759 413 IN
818 346 888 414 S.
936 346 1453 414 JOANNEM.
1524 347 1740 414 .1.1B.
1784 348 1906 413 XI.
1999 348 2207 415 CAP.
2254 348 2350 415 ΙΙ.
2477 347 2604 412 645

186 512 718 617 γεγραμμένον,
751 516 867 594 καὶ
904 520 994 620 τῇ
1030 523 1158 596 τοῦ
1199 512 1621 615 Πνεύματος
1657 515 2003 623 δᾳδουχίᾳ
2038 512 2608 617 λελαμπρυσμέ-

192 672 312 718 νοι
347 637 473 718 τὸν
502 646 692 736 νοῦν,
718 638 957 719 πάντα
993 635 1254 721 λοιπὸν
1283 637 1629 719 δύνωνται
1667 645 1873 737 νοεῖν,
1899 642 2015 719 καὶ
2049 644 2107 719 εἰ
2145 635 2246 738 μὴ
2282 636 2608 741 παρόντα

191 760 421 867 τυχὸν
448 765 836 871 διερωτῷεν
865 762 1102 845 αὐτόν.
1157 764 1242 843 οὐ
1278 762 1422 867 γὰρ
1460 763 1569 842 ὅτι
1609 761 1988 863 δεήσονται
2025 758 2156 861 μὲν
2184 761 2413 842 οὐκέτι
2453 768 2608 868 φω-

191 886 565 990 ταγωγίας
619 892 747 988 τῆς
801 890 969 990 παρ’
1010 889 1228 969 αὐτοῦ
1283 886 1376 968 τὰ
1420 886 1717 968 τοιαῦτά
1762 894 1996 996 φησιν
2033 887 2073 965 ὃ
2119 883 2397 988 Σωτὴρ,
2436 885 2605 965 ἀλλ’

109 1010 315 1095 55⁷2
350 1009 435 1091 τὸ
471 1010 651 1092 ’ίδιον
687 1013 905 1093 αὐτοῦ
942 1010 1315 1121 δεξάμενοι
1356 1018 1658 1111 Πνεῦμα
1704 1014 1822 1092 καὶ
1866 1014 2180 1092 ἐνοικοῦν
2217 1010 2498 1116 ἔχοντες
2535 1012 2612 1089 ἐν

196 1138 546 1243 καρδίαις,
584 1140 959 1242 ἀπροσδεᾶ
992 1136 1262 1221 παντὸς
1306 1140 1587 1239 ἀγαθοῦ
1625 1140 1741 1216 καὶ
1781 1138 2120 1239 γνώσεως
2166 1140 2293 1233 τῆς
2341 1144 2598 1215 τελεω-

195 1259 426 1360 τάτης
492 1262 875 1343 ἀνάπλεων
929 1261 1081 1365 τὴν,
1116 1260 1432 1341 διάνοιαν
1486 1260 1756 1368 ἕξουσι.
1850 1262 2132 1341 τελείαν
2192 1257 2269 1339 δὲ
2334 1265 2611 1362 γνῶσιν
2635 1295 2671 1339 ο

199 1382 392 1465 εἷναί
422 1392 683 1492 φαμεν,
721 1385 854 1487 τὴν
891 1384 1115 1491 ὀρθήν
1153 1420 1232 1466 τε
1282 1389 1400 1465 καὶ
1442 1384 1959 1491 ἀδιάστροφον,
1996 1388 2112 1465 καί
2163 1383 2433 1489 ἀπηχὲς
2479 1382 2611 1483 μὲν

199 1507 412 1591 οὐδὲν
448 1509 493 1612 ἢ
549 1517 840 1616 φρονεῖν
875 1510 919 1613 ἢ
971 1510 1210 1612 λέγειν
1253 1509 1710 1615 ἀνεχομένην,
1749 1512 1980 1613 ὀρθῶς
2035 1506 2110 1589 δὲ
2162 1506 2612 1616 δοξάζουσαν

68 1671 103 1712 1
123 1668 174 1709 0
197 1637 368 1740 περὶ
419 1639 547 1734 τῆς
596 1636 806 1739 ἁγίας
856 1671 933 1717 τε
982 1639 1100 1715 καὶ
1151 1634 1538 1735 ὀμοουσίου
1575 1632 1913 1738 Τριάδος.
1995 1638 2052 1713 εἰ
2095 1632 2241 1737 γὰρ
2277 1637 2393 1713 καὶ
2429 1632 2606 1729 βλέ-
2701 1634 2913 1763 ζὼοῡζῦ

198 1792 437 1859 πομεν
487 1759 650 1864 ἄρτι
706 1761 790 1840 δι’
832 1758 1195 1863 ἐσόπτρου
1251 1761 1369 1838 καὶ
1420 1761 1495 1838 ἐν
1546 1760 1936 1862 αἰνίγματι,
1986 1762 2102 1838 καὶ
2159 1758 2612 1860 γινώσκομεν
2703 1780 2751 1831 9·

199 1885 289 1964 ἐκ
342 1882 619 1988 μέρους,
665 1883 848 1966 κατὰ
903 1884 1035 1987 τὴν
1085 1893 1214 1965 τοῦ
1267 1883 1575 1964 Παύλου
1631 1882 1904 1991 φωνὴν,
1960 1880 2162 1963 ἀλλά
2215 1917 2301 1986 γε
2358 1887 2486 1983 τῆς
2539 1885 2615 1962 ἐν

200 2014 357 2092 τοῖς
420 2006 783 2110 δόγμασιν
848 2010 1207 2116 ἀκριβείας
1283 2011 1410 2089 οὐκ
1487 2010 1535 2088 ἕ
1572 2044 1630 2089 ω
1703 2009 2091 2106 βαίνοντες,
2159 2019 2610 2087 κατακολου-

204 2136 503 2218 θοῦντες
556 2134 632 2215 δὲ
681 2141 785 2243 τῷ
835 2140 1096 2243 σκοπῷ
1151 2138 1279 2234 τῆς
1328 2133 1536 2237 ἁγίας
1588 2136 1707 2213 καὶ
1756 2129 2236 2213 θεοπνεύστου
2286 2137 2609 2241 γραφῆς,

77 2290 173 2352 15
202 2262 489 2359 γνῶσιν
535 2258 792 2363 ἔχομεν
839 2259 969 2339 οὐκ
1024 2261 1269 2358 ἀτελῆ,
1318 2257 1410 2358 ἣν
1460 2258 1587 2338 οὐκ
1644 2255 1735 2336 ἂν
1785 2252 1941 2336 ἕλοι
1994 2290 2103 2341 τις
2157 2257 2437 2360 ἑτερως,
2488 2258 2615 2337 οὐκ
2639 2271 2684 2338 (1

201 2380 762 2488 ἐπιλάμψαντος
817 2383 1011 2491 αὐτῷ
1066 2391 1196 2463 τοῦ
1240 2383 1496 2484 Ἀγίου
1537 2381 1983 2481 Πνεύματος.
2067 2378 2187 2460 διά
2237 2415 2349 2461 τοι
2402 2388 2618 2461 τοῦτο

202 2506 679 2611 παροτρύνων
741 2506 906 2592 τοῦς
978 2504 1303 2608 μαθητὰς
1379 2511 1474 2591 εἰς
1550 2505 1841 2605 αἴτησιν
1907 2511 2055 2585 τῶν
2117 2511 2619 2603 πνευματικῶν

204 2628 708 2737 χαρισμάτων,
766 2636 948 2732 ὁμοῦ
1005 2630 1078 2712 δὲ
1134 2629 1370 2715 διδοὺς
1424 2629 1509 2711 τὸ
1568 2632 1875 2736 θαῤῥεΐν,
1927 2633 2023 2715 ὡς
2077 2635 2433 2714 αἰτοῦντες
2486 2630 2617 2708 οὐκ

206 2756 749 2863 ἀποτεύξονται,
787 2762 878 2863 τῇ
921 2764 1050 2838 τοῦ
1084 2752 1295 2864 Ἀμῗιν
1330 2751 1719 2861 προσθήκῃ
1768 2762 2058 2851 βεβαιοῖ
2096 2751 2279 2857 πρὸς
2325 2753 2609 2852 πίστιν,

84 2924 181 2965 20
210 2881 311 2965 ὧς
360 2880 429 2960 εἴ
466 2916 536 2961 τι
578 2915 718 2986 περ
762 2880 851 2962 ἂν
896 2881 1207 2962 ἐθέλοιεν
1238 2879 1669 2984 προσιόντες
1722 2884 1960 2978 αἰτεῖν,
1997 2878 2365 2986 λήψονται
2414 2878 2618 2983 παρὰ
2677 2899 2684 2904 ’

205 3012 340 3084 τοῦ
376 3006 691 3109 Πατρὸς,
730 3008 948 3087 αὐτοῦ
987 3005 1322 3107 δηλονότι
1368 3008 1484 3085 καί
1529 3004 2027 3105 μεσιτεύοντος
2070 3006 2188 3082 καὶ
2232 3037 2610 3107 συγχορη-

205 3136 513 3231 γοῦντος
560 3136 665 3239 τῷ
704 3130 969 3235 Πατρί.
1052 3139 1264 3211 τοῦτο
1315 3130 1460 3235 γάρ
1510 3131 1668 3209 ἐστι
1720 3127 1802 3208 τό
1844 3133 1955 3207 Ἐν
1991 3136 2087 3238 τῷ
2135 3131 2406 3233 ὀνόματί
2451 3156 2608 3232 μου·

206 3250 569 3357 πρόσιμεν
606 3253 748 3359 γὰρ
785 3258 919 3361 οὐχ
954 3255 1207 3357 ἑτέρως
1245 3262 1348 3364 τῷ
1387 3260 1554 3363 Θεῷ
1591 3256 1710 3335 καὶ
1749 3258 2007 3358 Πατρὶ,
2047 3258 2106 3333 εἰ
2140 3251 2241 3352 μὴ
2278 3254 2364 3332 δι’
2405 3255 2612 3332 Υἰοῦ.

208 3379 299 3456 δι’
340 3378 558 3459 αὑτοῦ
590 3376 737 3483 γὰρ
769 3390 814 3427 “
834 3378 967 3479 τὴν
1003 3377 1500 3483 προσαγωγὴν
1535 3374 1948 3483 ἐσχήκαμεν
1990 3377 2066 3456 ε’ν
2111 3379 2212 3457 ἑνὶ
2249 3375 2618 3475 Πνεύματι
2645 3411 2679 3454 e
2709 3377 2838 3496 {gh-
2859 3396 2912 3430 ¹¹·

87 3532 182 3594 25
212 3515 259 3553 “
294 3504 478 3606 πρὸς
528 3504 656 3585 τὸν
696 3503 1048 3609 Πατέρα,”
1089 3502 1275 3585 κατὰ
1325 3501 1410 3583 τὸ
1459 3502 1980 3607 γεγραμμένον.
2070 3500 2189 3582 διὰ
2237 3509 2451 3582 τοῦτο
2503 3501 2628 3580 καί

211 3635 450 3737 φησιν
486 3639 531 3676 “
556 3626 755 3730 Ἐγώ
792 3634 932 3728 εἰμι
976 3629 1022 3729 ἡ
1061 3628 1271 3734 θύρα·
1331 3627 1473 3732 ἐγώ
1522 3633 1663 3727 εἰμι
1713 3627 1759 3726 ἦ
1812 3624 2001 3712 ὁδός·
2065 3628 2291 3709 οὐδεὶς
2344 3624 2624 3730 ἔρχεται
2715 3643 2879 3735 supr-a.

211 3763 258 3803 ‘⁶
293 3751 479 3858 πρὸς
532 3750 660 3833 τὸν
698 3753 993 3855 Πατέρα
1035 3758 1094 3833 εἰ
1148 3752 1249 3853 μὴ
1308 3751 1395 3833 δι’
1433 3752 1672 3853 ἐμοῦ.”
1731 3747 1780 3857 ᾗ
1831 3749 1965 3850 μὲν
2014 3747 2162 3854 γάρ
2212 3752 2414 3829 ἐστιν
2448 3747 2628 3833 ’Υἱὸς
2714 3720 2820 3823 {in
2841 3744 2892 3823 ὃ.

210 3879 332 3960 καὶ
371 3877 580 3973 Θεὸς,
622 3879 803 3978 ὁμοῦ
834 3882 937 3985 τῷ
977 3881 1214 3979 Πατρὶ
1252 3884 1555 3982 χορηγεῖ
1583 3883 1732 3961 τοῖς
1770 3876 2002 3978 ἁγίοις
2048 3874 2142 3956 τὰ
2191 3871 2463 3976 ἀγαθὰ,
2509 3877 2625 3954 καὶ

207 4000 577 4104 συνδοτὴρ
642 4007 771 4103 τῆς
837 4009 933 4087 εἰς
998 4002 1184 4103 ἡμᾶς
1244 4002 1576 4105 εὐλογίας
1638 4000 2063 4104 εὑρίσκεται·
2171 4003 2290 4080 καὶ
2347 4006 2525 4102 γοῦν
2584 4001 2625 4080 ὃ

91 4164 183 4223 30
209 4125 608 4211 θεσπέσιος
669 4132 969 4211 Παῦλος
1044 4126 1460 4235 φανοτάτην
1517 4126 1687 4225 ἡμῖν
1744 4126 1953 4205 ἐτίθει
2017 4121 2150 4224 τὴν
2211 4127 2326 4205 ἐπὶ
2394 4122 2626 4232 τούτῳ

207 4252 469 4333 πίστιν
528 4253 716 4332 οὕτω
783 4250 1091 4358 γράφων
1151 4261 1194 4299 “
1218 4250 1450 4354 Χάρις
1514 4253 1679 4350 ὑμῖν
1739 4252 1856 4329 καὶ
1922 4248 2162 4354 ,εἰρήνη
2226 4246 2372 4329 ἀπὸ
2434 4252 2626 4327 Θεοῦ
2717 4251 2866 4302 Rom.
2891 4250 2928 4302 ί·

283 4471 341 4526 3.
377 4454 455 4510 διε
490 4457 664 4529 ona-«ficu
691 4455 750 4511 F.
778 4454 884 4511 Ed.
912 4473 1023 4526 mg.
1049 4455 1275 4526 διερωτῷ
1303 4452 1408 4509 Ed.
1648 4450 1699 4507 6.
1737 4453 2061 4523 τελειότητος
2086 4453 2152 4508 E.
2398 4467 2477 4506 ¹2.
2519 4453 2628 4506 τοῖς

166 4559 177 4568 ·
208 4525 270 4582 ἐν
294 4528 496 4653 τιίἰςῄδ.
833 4542 919 4598 23.
954 4524 1239 4599 πρόσιμεν]
1264 4527 1476 4597 πρόεισι
1497 4523 1594 4594 μὲν
1618 4522 1812 4596 Migne
1833 4540 1960 4579 cum
1984 4524 2260 4579 nonnullis
2285 4521 2512 4578 Auberti
2535 4538 2628 4576 ex-

210 4615 341 4669 emp
479 4615 565 4653 us.
