3238 5158
1026 1092 1724 1171 ΚΕΦΑΛΑΙΑ

635 1364 735 1412 ΤΑ
806 1365 914 1412 ΕΝ
984 1366 1111 1413 Tne
1179 1367 1680 1416 ENAEKATQ
1750 1368 2094 1417 ΒῙΒΛῘΩι.

153 1687 216 1725 α.
260 1659 413 1726 Ὀτι
441 1667 706 1743 φυσικῶς
736 1663 801 1727 ἐκ
834 1667 1000 1729 Θεοῦ
1040 1688 1106 1728 τε
1144 1664 1242 1729 καὶ
1272 1665 1342 1729 ἐν
1369 1666 1450 1751 τῷ
1479 1664 1604 1751 Ύῑῷ
1635 1663 1703 1728 τὸ
1733 1668 1983 1745 Πνεῦμα
2016 1661 2084 1727 τὸ
2103 1661 2324 1747 Ἀγιον
2353 1662 2451 1729 καὶ
2491 1664 2566 1729 δι’

432 1764 610 1828 αὐτοῦ
649 1766 745 1829 καὶ
782 1767 851 1831 ἐν
890 1774 960 1854 τῇ
994 1768 1171 1853 οὐσίᾳ
1205 1767 1404 1832 αὐτοῦ.
1852 1813 1928 1833 ...
2367 1764 2558 1855 [928]

89 1938 127 1996 5
156 1932 228 2005 β.
269 1923 420 1990 Ὅτι
462 1932 727 2008 φυσικῶς
771 1929 838 1992 ἐν
879 1928 960 2015 τῷ
999 1931 1127 2016 ‘rufi
1174 1931 1270 1994 καὶ
1312 1931 1380 1995 ἐν
1420 1933 1492 2019 τῇ
1537 1931 1713 2016 οὐσίᾳ
1752 1930 1930 1995 αὐτοῦ
1967 1928 2035 1994 τὸ
2068 1933 2318 2009 Πνεῦμα
2364 1928 2563 2004 αὐτοῦ,

426 2029 693 2094 τουτέστι
722 2030 789 2094 τὸ
810 2029 1046 2113 Ἀγιον,
1081 2036 1230 2098 καθὰ
1262 2032 1361 2098 καὶ
1390 2034 1458 2099 ἑν
1485 2037 1560 2121 τῇ
1588 2034 1766 2120 οὐσία
1794 2037 1900 2098 τοῦ
1928 2034 2186 2116 Πατρός.
2369 2028 2559 2121 [930]

159 2215 223 2272 γ.
263 2187 415 2254 ’Ότι
462 2194 567 2270 τῆς
609 2196 969 2273 θεοπρεποῦς
1012 2193 1184 2274 δόξης
1226 2194 1332 2259 οὐκ
1381 2196 1586 2261 ἐπιδεᾶ
1638 2195 1934 2278 θεωρήσαι
1986 2221 2075 2264 τις
2124 2193 2202 2261 ἂν
2244 2194 2353 2261 τὸν
2393 2194 2561 2273 Ύὶὸν,

432 2292 543 2358 κᾶν
572 2294 909 2377 εὑρίσκηται
935 2296 1144 2379 λέγειν
1173 2297 1377 2381 Πάτερ
1406 2297 1671 2378 δόξασον
1698 2298 1804 2364 τὸν
1827 2300 1980 2365 Tadu
2008 2325 2139 2364 σου.
2366 2299 2556 2400 [945]

162 2458 217 2519 δ.
256 2450 408 2519 Ὅτι
453 2452 575 2519 κατ’
608 2455 823 2521 οὐδένα
865 2458 1087 2539 τρόπον
1126 2459 1395 2540 ἀδικήσει
1436 2465 1542 2525 τοῦ
1572 2463 1721 2525 Ύὶοῦ
1762 2460 1870 2541 τὴν
1915 2459 2097 2540 δόξαν
2140 2459 2209 2523 τὸ
2254 2458 2565 2543 εἰληφέναι

65 2584 137 2626 10
432 2584 490 2624 τι
531 2558 818 2643 λέγεσθαι
861 2564 1020 2643 παρὰ
1064 2566 1170 2627 τοῦ
1213 2567 1380 2630 Θεοῦ
1427 2564 1525 2630 καὶ
1570 2562 1832 2647 Πατρὸς,
1884 2563 2130 2649 ἔχοντος
2180 2563 2406 2644 εὐσεβῆ
2457 2566 2565 2627 τοῦ

431 2661 775 2745 πράγματος
810 2667 1020 2749 λόγον.
1075 2714 1119 2732 ..
1132 2716 1147 2731 .
1332 2714 1408 2734 ...
1592 2715 1608 2732 .
1621 2716 1669 2734 ..
1854 2715 1870 2734 .
1883 2717 1899 2734 .
1913 2717 1928 2734 .
2115 2715 2130 2732 .
2143 2715 2187 2732 ..
2368 2668 2556 2752 [949]

168 2846 218 2885 ε.
252 2820 403 2888 Ὀτι
447 2828 553 2888 τοῦ
597 2825 748 2890 εἶναι
793 2826 955 2895 Θεὸς
998 2826 1280 2907 ἀληθινὸς
1322 2830 1356 2892 ὀ
1398 2827 1543 2897 ’Υἱὸς
1584 2828 1691 2893 οὐκ
1736 2826 1851 2908 ἔξω
1897 2829 2177 2904 κείσεται,
2223 2825 2333 2892 κᾶν
2372 2827 2564 2907 μόνον

433 2928 530 2992 καὶ
568 2927 851 3008 ἀληθινὸν
889 2930 1145 3018 ὀνομάζῃ
1177 2932 1345 2997 Θεὸν
1382 2931 1489 2997 τὸν
1519 2932 1785 3015 Πατέρα.
2363 2930 2549 3016 [952]

166 3117 221 3161 5.
276 3089 427 3156 Ὅτι
470 3095 639 3174 δόξης
689 3098 792 3174 τῆς
842 3100 1205 3177 θεοπρεποῦς
1254 3095 1326 3160 οὐ
1372 3093 1593 3178 γυμνὸς
1639 3094 1717 3174 ἦν
1762 3096 1796 3158 ὀ
1846 3093 2012 3171 Tibe,
2068 3092 2179 3158 κᾶν
2227 3094 2562 3174 εὑρίσκηται

66 3222 91 3263 1
104 3221 138 3280 5
429 3197 629 3280 λέγων
669 3199 815 3280 πρὸς
856 3199 962 3265 τὸν
990 3199 1232 3282 Πατέρα
1262 3200 1380 3265 Καὶ
1425 3205 1533 3265 νῦν
1575 3198 1837 3279 δόξασόν
1877 3224 1953 3280 με
1996 3201 2068 3285 τῇ
2111 3199 2251 3285 δόξῃ
2293 3193 2333 3284 ᾖ
2373 3197 2559 3280 εἶχον,

430 3305 527 3368 καὶ
566 3307 641 3369 τᾶ
679 3306 830 3384 ἑξῆς.
2362 3302 2548 3387 [954]

170 3462 216 3540 ζ.
254 3462 400 3530 Ὅτι
434 3464 502 3529 τὸ
541 3465 837 3548 λέγεσθαί
866 3492 923 3531 τι
961 3469 1240 3533 δεδόσθαι
1282 3467 1365 3554 τῷ
1395 3469 1519 3554 Tus»
1553 3469 1715 3548 παρὰ
1748 3471 1852 3530 τοῦ
1879 3464 2138 3548 Πατρὸς,
2176 3465 2282 3531 οὐκ
2321 3463 2565 3544 ἑξοικιεῖ

430 3572 532 3648 Τῆς
562 3573 921 3651 θεοπρεποῦς
948 3570 1116 3649 ἀξίας
1145 3567 1344 3651 αὐτὸν,
1377 3567 1518 3635 ἀλλ’
1551 3567 1638 3634 ὢν
1673 3568 1988 3650 όμοούσιός
2028 3594 2095 3635 τε
2135 3568 2231 3634 καὶ
2271 3567 2345 3653 ἐξ
2384 3568 2561 3632 αὐτοῦ

430 3673 807 3753 διαφαίνεται
840 3673 936 3739 καὶ
975 3675 1026 3737 εἰ
1053 3671 1297 3761 λέγεταί
1319 3698 1377 3737 τι
1404 3678 1643 3752 λαβεῖν.
1847 3722 1889 3739 ..
1906 3723 1920 3737 .
2105 3719 2179 3739 ...
2362 3669 2555 3760 [960]

76 3856 150 3900 20
173 3859 230 3913 η.
264 3833 408 3899 Ὅτι
441 3833 547 3899 οὐκ
586 3834 698 3915 ἔξω
736 3836 995 3900 κείσεται
1032 3838 1133 3914 τῆς
1159 3839 1421 3916 Χριστοῦ
1457 3836 1800 3916 βασιλείας,
1840 3833 1951 3901 κᾶν
1987 3837 2046 3901 εί
2079 3860 2136 3900 τι
2174 3833 2414 3919 λέγοιτο
2454 3839 2560 3900 τοῦ
2581 3855 2617 3896 a
2654 3843 2785 3900 92⁷
2807 3839 2891 3900 A.

430 3940 686 4020 Πατρός·
733 3937 856 4020 ἅμα
884 3941 997 4020 γὰρ
1027 3937 1181 4024 αὐτῷ
1207 3938 1245 4020 ἦ
1274 3941 1421 4003 κατὰ
1449 3937 1692 4003 πάντων
1721 3937 1895 4024 ἀρχή.
2367 3938 2548 4025 [966]

171 4103 227 4162 θ.
262 4100 403 4167 Ὅτι
447 4100 706 4185 φυσικὸν
758 4102 825 4167 ἐν
873 4101 954 4188 τῷ
1003 4102 1128 4187 Th?
1178 4098 1247 4164 τὸ
1297 4103 1402 4180 τῆς
1456 4103 1735 4181 θεότητος
1784 4101 2033 4182 ἀξίωμα,
2088 4099 2200 4166 κᾶν
2247 4100 2557 4182 εἰληφέναι

422 4206 672 4287 λέγηται
729 4209 903 4269 τοῦτο
961 4206 1122 4286 παρὰ
1180 4202 1423 4287 Πατρὸς
1477 4207 1573 4270 διὰ
1629 4203 1699 4268 τὸ
1757 4205 2130 4287 ἆνθρῶπινον
2181 4204 2279 4269 καὶ
2337 4201 2405 4267 τὸ
2455 4207 2559 4283 τῆς

424 4308 839 4375 ταπεινώσεως
882 4310 1101 4392 σχῆμα.
1579 4353 1660 4374 ...
2355 4306 2547 4391 [969]

250 4504 295 4542 1.
329 4486 594 4543 Tabussam
614 4486 755 4543 hanc
777 4487 971 4543 retinui
995 4505 1060 4544 ex
1086 4486 1190 4543 Ed.
1267 4485 1333 4542 In
1359 4486 1425 4544 E.
1451 4485 1618 4553 deest,
1644 4486 1704 4542 F.
1733 4503 1843 4542 non
1867 4486 2090 4542 oontuh.
2344 4498 2431 4536 21.
2466 4483 2558 4536 αὖ·

175 4557 245 4626 τῷ
269 4557 559 4615 emendavi.
583 4559 749 4614 αὐτῶν
772 4558 877 4615 Ed.
