3238 5158
220 325 302 391 11.
327 347 429 414 30.
580 329 695 394 IN
754 330 823 393 s.
871 330 1381 396 JOANNEM.
1473 332 1823 398 LIB.v1.
1914 335 2121 400 CAP.
2168 335 2224 400 1.
2488 335 2616 399 189

220 491 647 592 λεληθότως,
694 493 805 574 ὅτι
859 504 1213 576 τοσοῦτον
1263 500 1682 602 ἀφεστᾶσιν
1732 501 2124 601 ἀγιασμοῦ,
2162 502 2280 579 καὶ
2331 502 2461 599 τῆς
2515 504 2613 583 εἷς
2637 537 2675 577 a
2716 523 2945 580 ΒΜΔ.

220 618 579 712 εὐσέβειαν
643 621 1029 717 ἐπιεικείας,
1091 624 1186 704 ὡς
1253 625 1368 700 καὶ
1433 621 1928 727 ἀναισχύντως
1994 625 2380 725 ὁμολογεῖν
2437 621 2614 723 μηδὲ

220 745 465 822 εἰδέναι
496 749 870 827 παντελῶς
908 743 1035 824 τὸν
1073 749 1366 844 ἀληθῶς
1403 742 1633 846 ἅγιον,
1670 743 2000 826 τουτέστι
2036 746 2388 850 Χριστόν.

313 864 477 945 Ἵνα
532 866 674 969 γὰρ
730 867 857 946 τὸν
915 870 1081 948 καθ’
1130 868 1317 967 ἡμᾶς
1373 868 1862 972 γυμνάσωμεν
1917 871 2175 972 λόγον·
2238 875 2297 950 εἰ
2351 866 2616 968 ἀληθὲς

163 1009 195 1070 5
220 988 428 1069 τοῦτό
462 1025 605 1070 που
643 998 882 1075 καλῶς
923 994 1306 1093 εἰρημένον,
1337 992 1444 1073 ὅτι
1474 1004 1515 1040 “
1543 999 1711 1074 Πᾶν
1747 994 1928 1100 ζῶον
1961 996 2215 1101 ἀγαπᾷ
2248 993 2334 1073 τὸ
2371 991 2616 1089 ὅμοιον
2705 999 2931 1127 {gr-12³5·

220 1124 261 1161 ‘⁶
295 1117 507 1221 αὐτῷ,
546 1119 662 1194 καὶ
707 1121 810 1223 τῷ
859 1117 1081 1221 ὁμοίῳ
1119 1117 1336 1196 αὑτοῦ
1372 1116 2113 1218 προσκολληθήσεται
2150 1117 2402 1220 ἀνήρ·”
2460 1122 2617 1200 πῶς
2771 1101 2785 1121 ’
2871 1102 2884 1116 ⁸

219 1238 408 1342 ε’ίπερ
457 1237 652 1339 ἦσαν
690 1238 888 1340 ἅγιοί
932 1272 1009 1318 τε
1061 1243 1177 1318 καὶ
1226 1241 1508 1341 ἀγαθοὶ,
1548 1239 1634 1320 τὸ
1686 1248 2101 1321 κολλᾶσθαι
2155 1248 2392 1347 φιλεῖν
2428 1241 2611 1320 ἀπε·

218 1361 562 1462 τρε’ποντο
619 1368 722 1469 τῷ
776 1363 958 1469 ἁγίῳ
1016 1365 1131 1442 καὶ
1188 1366 1486 1470 ἀγαθῷ,
1558 1361 1865 1469 ’ἔλεγχον
1911 1365 2036 1444 οὖν
2092 1365 2233 1467 ἄρα
2287 1369 2416 1463 τῆς
2469 1370 2618 1443 τῶν

221 1487 638 1588 Φαρισαίων
707 1487 1004 1587 ἐναγοῦς
1076 1488 1468 1584 πολιτείας,
1539 1488 1699 1586 ἤτοι
1772 1492 2159 1589 διαγωγῆς,
2228 1489 2456 1567 ὦδίνει
2529 1485 2615 1566 τὸ

128 1637 195 1676 10
219 1608 604 1709 εἰρημένον.
687 1605 883 1704 οἶμαι
937 1611 1026 1689 δέ
1069 1645 1138 1690 τι
1195 1615 1310 1690 καὶ
1366 1611 1607 1713 ἕτερον
1661 1613 1778 1691 ἐπὶ
1834 1611 2064 1718 τούτῳ
2118 1614 2612 1714 παραδηλοῦν.

219 1737 362 1811 δεῖν
429 1730 573 1836 γὰρ
646 1728 843 1831 οἶμαι
916 1740 1075 1816 τοῖς.
1139 1734 1557 1838 θεωρήμασι
1633 1735 1985 1843 φιλεργὸν
2050 1733 2414 1835 ἐπάγοντα
2487 1732 2620 1834 τὴν
2640 1747 2684 1814 b

220 1855 561 1954 διάνοιαν,
617 1855 700 1936 τὸ
770 1860 847 1936 ἐν
918 1856 1203 1964 ἑκάστῳ
1277 1858 1672 1963 κεκρύφθαι
1743 1864 1998 1938 δοκοῦν
2074 1859 2621 1965 ὀξυωπέστερον

219 1987 560 2081 καθορᾶν.
658 1982 736 2060 τί
791 1981 1030 2059 τοίνυν
1085 1984 1243 2061 ἐστὶ
1308 1991 1574 2079 τοῦτο;
1660 1982 1892 2067 πολὺς
1946 1983 2078 2082 μὲν
2133 1982 2434 2062 ἅπασαν
2488 1980 2622 2082 τὴν

216 2105 568 2185 Ἰουδαίαν
596 2111 1001 2209 περιηχεῖτο
1039 2103 1263 2207 λόγος
1298 2110 1461 2206 περὶ
1498 2114 1627 2185 τοῦ
1666 2111 2001 2208 Σωτῆρος
2038 2107 2239 2206 ἡμῶν
2263 2112 2617 2209 Χριστοῦ,

130 2249 196 2310 15
218 2226 418 2327 πλὴν
473 2232 569 2311 ὡς
625 2231 788 2331 περὶ
843 2227 1244 2335 προφήτου.
1339 2232 1524 2309 οὕτω
1580 2229 1725 2332 γὰρ
1781 2232 1821 2308 ὁ
1878 2230 2094 2329 νόμος
2150 2229 2369 2309 αὐτὸν
2422 2229 2623 2336 ἥξειν

219 2348 893 2459 προεχρησμῴδησε
950 2363 993 2398 “
1026 2350 1430 2458 Προφήτην
1496 2352 1732 2454 λέγων
1795 2350 2196 2453 ἀναστήσει
2259 2353 2523 2456 Κύριος
2580 2354 2621 2432 ὁ
2709 2356 2954 2485 {effi-¹5·

220 2487 264 2523 “
299 2475 490 2560 Θεὸς
526 2476 727 2574 ἡμῶν
763 2477 841 2555 ἐκ
875 2481 1019 2554 τῶν
1047 2477 1387 2581 ἀδελφῶν
1416 2467 1678 2573 ὑμῶν·”
1723 2473 1916 2582 εἶχον
1952 2475 2178 2579 γεμὴν
2215 2479 2291 2557 ἐν
2325 2477 2622 2557 ἐλπίσιν

221 2603 317 2684 ὡς
367 2604 809 2705 ἀναδειχθεὶς
861 2599 1045 2678 κατὰ
1096 2599 1345 2702 καιρὸν
1386 2598 1514 2679 τὸν
1560 2606 1815 2680 οἰκεῖον
1861 2599 1953 2681 τὰ
2001 2600 2176 2703 ὑπὲρ
2227 2599 2355 2680 τὸν
2402 2600 2623 2699 νόμον

221 2727 464 2809 αὐτοῖς
519 2722 1097 2830 διαλεχθήσεται,
1144 2727 1258 2803 καὶ
1315 2723 1448 2822 τὴν
1502 2722 2003 2826 ἀληθεστέραν
2058 2732 2187 2803 τοῦ
2242 2721 2624 2821 νομοθέτου
2647 2759 2684 2801 ο

127 2872 197 2913 20
220 2847 587 2947 βούλησιν
623 2849 700 2927 εὖ
742 2849 944 2947 μάλα
994 2846 1272 2955 διεξιὼν
1304 2844 1855 2947 μεταπαιδεύσει
1903 2847 1993 2925 τὰ
2043 2845 2618 2950 πρεπωδέστερα.

222 2975 338 3050 καὶ
370 2969 476 3071 μὴ
515 2970 896 3078 θαυμάσῃς
945 2978 1005 3052 εἰ
1054 2970 1254 3076 παρὰ
1291 2978 1439 3056 τοῖς
1475 2971 1845 3053 Ἰουδαίοις
1881 2973 2089 3053 ἐλπὶς
2126 2968 2215 3069 ἦν
2253 2972 2368 3047 καὶ
2404 2968 2627 3069 λόγος

220 3104 565 3191 τοιοῦτος,
622 3095 805 3176 ὅπου
861 3100 977 3176 καὶ
1033 3094 1232 3199 παρὰ
1285 3101 1434 3179 τοῖς
1489 3093 1923 3196 ἀλλογενέσι
1979 3092 2416 3196 ταύτόθρους
2475 3094 2622 3172 διέ-

220 3253 517 3322 σπαρτο
555 3220 797 3321 λόγος.
856 3223 974 3299 καὶ
1009 3228 1187 3322 γοῦν
1224 3220 1268 3318 ἡ
1309 3224 1732 3321 Σαμαρεῖτις
1767 3217 1994 3318 ἐκείνη
2033 3214 2213 3319 γυνή
2239 3229 2281 3263 “
2306 3216 2629 3315 Οἴδαμεν
2718 3224 2967 3352 ξξξηίῑ

221 3354 263 3389 “
302 3344 420 3423 ὅτι
491 3344 780 3428 Μεσίας
852 3343 1154 3447 ἔρχεται,
1219 3345 1259 3422 ὁ
1332 3341 1722 3444 λεγόμενος
1787 3340 2134 3445 Χριστὸς,
2202 3341 2377 3421 ὅταν
2444 3338 2629 3447 ἔλθῃ

129 3484 194 3543 25
224 3478 266 3514 ‘⁴
300 3471 589 3564 ἐκεῖνος,
664 3469 1053 3569 ἀναγγελεῖ
1116 3466 1285 3565 ἡμῖν
1357 3464 1666 3546 mima?
1758 3462 2035 3571 ᾔδεσαν
2108 3472 2490 3568 τοιγαροῦν
2564 3470 2631 3544 οἶ

220 3592 580 3689 Ἰουδαῖοι,
619 3595 733 3671 καὶ
767 3591 973 3690 μάλα
1009 3594 1292 3695 σαφῶς,
1332 3589 1442 3669 ὅτι
1483 3591 1601 3669 καὶ
1645 3589 1800 3694 ἥξει
1838 3589 2184 3692 Χριστός·
2240 3597 2454 3669 τοῦτο
2488 3585 2632 3690 γὰρ

223 3717 262 3795 ὁ
312 3717 613 3798 Μεσίας
669 3719 912 3816 δηλοῖ·
978 3716 1095 3793 καὶ
1143 3712 1508 3812 βούλησιν
1557 3715 1794 3795 αὐτοῖς
1841 3711 1973 3811 τὴν
2023 3713 2284 3810 ἀμείνω
2336 3715 2624 3815 διερμη-

224 3840 466 3921 νεύσει
506 3845 728 3936 Θεοῦ,
768 3836 950 3939 πρὸς
998 3838 1090 3916 δέ
1125 3870 1210 3937 γε
1262 3836 1536 3921 τούτοις
1588 3835 1698 3915 ὅτι
1750 3838 1865 3914 καὶ
1904 3835 2331 3942 ὀφθαλμοὺς
2368 3834 2631 3940 ἀνοίξει
2657 3850 2702 3915 d

225 3971 534 4071 τυφλῶν
564 3960 1060 4064 διωμολόγητο
1097 3959 1294 4062 παρὰ
1330 3969 1457 4040 τοῦ
1484 3958 1805 4039 Ἡσαΐου
1844 3956 2259 4065 φάσκοντος
2294 3961 2633 4060 ἐναργῶς,

298 4234 351 4272 2.
387 4214 637 4285 μηδονεδε
662 4214 787 4281 (sic)
809 4213 874 4268 Β.
900 4213 1029 4296 μηδὲ
1054 4212 1241 4268 εἰδέναι
1265 4212 1569 4304 οωοηάξινίξ
1597 4211 1780 4266 Holst.
1806 4220 1865 4302 et,
1882 4211 1962 4298 ἰῑειι
1980 4229 2029 4266 a.
2286 4230 2338 4278 4.
2376 4210 2422 4264 εἰ
2450 4209 2516 4333 Ρ.
2539 4210 2637 4274 ἔτι,

230 4285 1047 4412 3.‘;{³„‘2;1d2¹33³5⁸1‘15.¹³⁰⁸¹¹¹²¹⁰
1071 4301 1119 4337 ⁸·
1141 4371 1200 4443 9.
1239 4283 1559 4424 2„03‹;0Y13‘3'
1574 4282 1670 4407 ἓ..
1689 4282 1783 4407 ¹3:-
1807 4281 2638 4433 “222⁰pffl'22h21m23z00113353}

227 4428 378 4483 Aub.
592 4442 673 4482 10.
711 4421 850 4495 οἶμαι
875 4423 935 4479 δι’
955 4446 1007 4479 τι
1029 4425 1113 4478 καὶ
1135 4446 1313 4496 (τερον
1335 4442 1519 4478 assum
1559 4433 1677 4478 tum
1703 4441 1766 4478 ex
1848 4463 1882 4504 ⁸.
1937 4422 2155 4503 chuna
2177 4439 2233 4475 ln
2261 4421 2364 4476 Ed.
2484 4425 2639 4475 τοῦτο

230 4497 297 4553 Β.
322 4496 633 4553 emendavit
660 4495 758 4550 Ht.
1002 4511 1086 4564 14.
1120 4497 1411 4566 περιεχεῖτο
1437 4497 1524 4548 Au
1568 4535 1582 4549 .
1608 4493 1910 4548 emendant
1936 4491 2141 4562 M1gne.
2385 4492 2467 4546 18.
2504 4491 2633 4545 κατὰ

230 4570 415 4638 καιρὸν
438 4566 540 4622 hoc
565 4565 755 4621 ordine
782 4565 848 4621 B.
878 4565 976 4620 Ht.
1164 4582 1250 4635 29.
1289 4566 1650 4636 διωμολόγητο
1678 4564 1742 4618 Β.
1769 4565 2148 4634 διωμολόγηται
2176 4561 2273 4615 Ht.
2301 4560 2403 4615 Ed.
