3238 5158
603 313 736 378 864
1211 313 1292 378 B.
1339 314 1757 379 CYRILLI
1818 317 2393 383 ALEXANDR.
2671 389 2683 398 ,
2744 333 3026 382 111122.

604 479 922 586 ἀργυρίῳ
974 484 1351 561 παντελῶς
1405 477 1538 579 τὴν
1582 485 1679 564 εἰς
1719 480 2049 583 Χριστὸν
2095 482 2388 585 ἀγάπην
2431 478 2846 586 ἠλλάξατο,
2890 481 3018 558 καὶ

604 600 871 681 ἐσθίων
925 598 1053 680 τὸν
1107 600 1328 704 ἄρτον
1376 603 1599 683 αὐτοῦ
1654 602 1788 704 τὴν
1834 603 2146 708 πτέρναν
2189 607 2469 708 ε’πῆρεν,
2504 604 2588 684 οὐ
2645 601 2881 703 τιμὴν,
2920 604 3014 682 οὐ

604 723 850 831 δόξαν,
885 724 969 804 οὐ
1023 728 1153 825 τῆς
1207 723 1494 827 ἀγάπης
1547 725 1677 806 τὸν
1724 725 1965 827 νόμον,
2001 730 2086 809 οὐ
2136 726 2223 811 τὸ
2270 725 2858 835 χρεωστούμενον
2905 729 3011 810 ὡς

605 852 774 955 Θεῷ
809 846 1060 947 σέβας,
1094 849 1230 953 οὐχ
1273 846 1514 952 ἔτερόν
1546 885 1617 930 τι
1653 857 1799 932 τῶν
1833 858 1929 937 εἰς
1963 851 2183 935 αὐτὸν
2215 853 2617 956 γενομένων
2654 853 3010 952 ὑπολογι-

602 969 937 1070 σάμενος,
974 976 1071 1057 εἰς
1104 971 1294 1071 μόνα
1330 971 1407 1053 δὲ
1440 974 1746 1074 βλέπων
1780 974 1873 1056 τὰ
1915 981 2079 1080 περὶ
2119 983 2269 1059 τῶν
2301 975 2669 1057 Ἰουδαίων
2702 972 3006 1076 μυσαρὰ
3033 995 3076 1056 5

271 1108 397 1163 '735
417 1107 501 1162 A·
545 1122 583 1163 a
603 1092 926 1198 δηνάρια,
962 1098 1081 1176 καὶ
1128 1096 1403 1199 ὀλίγων
1450 1099 1814 1203 ἀργυρίων
1854 1104 2108 1201 κομιδῆ
2157 1099 2290 1202 τὴν
2338 1100 2592 1180 ἑαυτοῦ
2640 1095 3007 1198 πωλήσας

601 1218 875 1325 ψυχὴν,
924 1222 1042 1300 καὶ
1096 1218 1181 1300 τὸ
1237 1218 1478 1329 ἀθῷόν
1531 1256 1610 1302 τε
1666 1225 1784 1301 καὶ
1840 1223 2111 1305 δίκαιον
2163 1223 2342 1325 αἷμα
2394 1230 2550 1309 ταῖς
2602 1228 2751 1302 τῶν
2794 1253 2994 1321 μιαι-

601 1343 993 1448 φονώντων
1036 1348 1293 1449 χερσὶν
1337 1345 1939 1451 ἐγχειρισάμενος.
2016 1345 2480 1451 εὐλογωτάτη
2533 1352 2918 1448 τοιγαροῦν
2953 1344 3003 1444 ἡ

598 1474 731 1548 τοῦ
766 1467 1199 1575 τεταράχθαι
1235 1468 1631 1576 πρόφασις.
1687 1472 2168 1551 ἐπακολουθεῖ
2195 1469 2274 1551 δὲ
2310 1467 2560 1574 δριμὺς
2596 1470 2637 1548 ὃ
2672 1465 3001 1573 ἔλεγχος,

600 1592 789 1671 οὕτω
834 1590 966 1692 μὲν
1010 1596 1110 1675 εἰς
1163 1590 1570 1695 πρόσωπον
1619 1597 1856 1677 ἰδικῶς
1910 1592 1995 1674 τὸ
2049 1593 2206 1679 ἑνὸς
2253 1601 2401 1675 τῶν
2445 1592 2741 1691 δώδεκα,
2774 1625 2999 1695 περιι-
3035 1624 3118 1666 ιο

598 1715 786 1801 στὰς
821 1716 1050 1820 γεμὴν
1085 1722 1182 1801 εἰς
1220 1715 1483 1816 μόνους
1515 1714 1775 1801 αὐτοῦς
1811 1716 1897 1797 τὸ
1933 1719 2121 1800 οὕτω
2160 1717 2750 1826 φρικωδέστατον
2780 1750 3003 1817 κατη-

597 1840 910 1942 γόρημα,
980 1841 1099 1919 καὶ
1169 1843 1555 1946 μονονουχὶ
1627 1840 2230 1944 παρεγγυώμενος
2310 1847 2456 1922 τῶν
2527 1838 3003 1943 ἀκροωμένων

598 1960 885 2069 ἑκάστῳ
923 1961 1057 2062 τὴν
1097 1962 1283 2042 ἰδίαν
1319 1960 1649 2070 φυλάξαι
1687 1963 1964 2069 ψυχὴν,
2001 1962 2102 2065 μὴ
2141 1965 2283 2070 ἄρα
2316 1999 2472 2050 πως
2521 1966 2600 2045 ἐκ
2646 1963 3002 2071 ῥᾳθυμίας

531 2095 577 2164 b
601 2092 748 2171 τοῖς
798 2086 985 2166 οὕτω
1036 2089 1286 2172 δεινοῖς
1338 2086 1723 2188 ἀλῶσηται
1770 2086 2089 2194 βρόχοις,
2128 2093 2247 2170 καί
2293 2094 2422 2190 τῆς
2467 2096 2598 2170 τοῦ
2648 2085 3001 2183 διαβόλου

599 2211 887 2314 πικρίας
950 2208 1186 2315 γλυκὺ
1248 2209 1526 2312 γένοιτο
1591 2210 1908 2316 θήραμα.
2012 2212 2394 2319 ἐπωφελὴς
2458 2213 2586 2293 οὖν
2649 2212 2789 2315 ἀρα
2852 2216 3000 2291 τῶν
3034 2236 3114 2299 ¹5

596 2335 921 2441 ἐλέγχων
978 2334 1023 2433 ἡ
1083 2331 1404 2434 δυ’ναμις,
1452 2332 1544 2435 ἣν
1597 2336 1767 2438 παρ’
1820 2335 2023 2417 οὐδὲν
2076 2336 2563 2438 ποιησάμενος
2619 2344 2746 2416 τοῦ
2803 2369 2991 2438 προ·

599 2456 850 2543 δόντος
887 2460 928 2538 ό
968 2467 1152 2556 νοῦς,
1189 2464 1335 2539 τῶν
1371 2461 1646 2540 οἰκείων
1681 2460 1909 2565 εἴχετο
1942 2459 2559 2561 σπουδασμάτων.
2639 2462 2990 2565 ἐμφαντι-

597 2582 883 2665 κῶτατα
947 2584 1186 2664 τοίνυν
1244 2585 1284 2663 ὁ
1349 2584 1679 2688 Χριστὸς
1742 2585 1828 2665 τό
1893 2584 2011 2672 Εἷς
2079 2585 2152 2695 ἐξ
2210 2585 2387 2691 ὑμῖν
2445 2581 2838 2693 παραδώσει
2904 2582 3009 2690 μέ

595 2713 852 2816 φησιν.
942 2706 988 2809 ἢ
1046 2705 1190 2811 γὰρ
1247 2712 1375 2808 τῆς
1428 2716 1557 2789 τοῦ
1610 2716 2030 2809 τολμῶντος
2084 2709 2513 2815 ἀχαριστίας
2567 2707 2687 2788 διὰ
2738 2708 2997 2789 τούτου

593 2840 995 2937 κατηγορεῖ,
1040 2830 1088 2931 ἢ
1140 2836 1268 2932 τῆς
1316 2840 1448 2913 τοῦ
1498 2832 1852 2931 διαβόλου
1896 2834 2146 2917 κακίας
2194 2833 2490 2914 δεικνύει
2537 2831 2622 2913 τὸ
2671 2832 2997 2935 μέγεθος,
3023 2862 3112 2905 ²0

595 2960 692 3042 ὡς
738 2965 1093 3038 τοσοῦτον
1130 2956 1575 3058 δυνηθείσης,
1614 2958 1714 3040 ῶς
1762 2959 1880 3036 καὶ
1928 2957 2164 3038 αὐτῶν
2201 2957 2326 3038 ἕνα
2372 2964 2518 3038 τῶν
2553 2953 2999 3040 ἀποστόλων

596 3081 949 3184 ἁρπάσαι.

538 3207 575 3251 ο

389 3350 397 3357 ·
493 3343 567 3385 22
662 3324 989 3403 Ἔβλεπον
1044 3319 1158 3390 οὗν
1213 3321 1307 3390 εἰς
1360 3322 1697 3389 ἀλλήλους
1751 3321 1812 3389 οἷ
1865 3323 2150 3400 μαθηταὶ
2204 3324 2708 3412 διαπορούμενοι
2760 3324 2910 3413 περὶ

1588 3449 1763 3517 τίνος
1816 3452 2005 3524 λέΓει.

690 3618 1109 3728 Ἐκπληξίς
1155 3655 1234 3701 τε
1283 3622 1465 3718 ὁμοῦ
1518 3625 1636 3701 καὶ
1686 3621 1841 3705 δέος
1891 3621 2239 3726 εἰστρέχει
2288 3620 2454 3705 τοὺς
2489 3619 2838 3721 μαθητὰς,
2875 3622 2994 3699 καὶ
3024 3650 3107 3714 ²5

591 3744 951 3847 ἀλλήλοις
1020 3746 1347 3846 ἐνορῶσι,
1415 3748 1724 3824 διπλοῦν
1795 3746 1875 3825 ἐκ
1947 3751 2094 3824 τῶν
2166 3744 2551 3848 εἰρημένων
2624 3747 2996 3828 ῶδίνοντες

591 3868 933 3975 θόρυβον.
1026 3869 1333 3951 ἕκαστος
1386 3866 1517 3968 μὲν
1559 3867 1707 3972 γὰρ
1764 3867 1948 3948 κατὰ
1993 3866 2076 3949 τὸ
2128 3866 2311 3954 εἰκὸς
2359 3873 2488 3970 τῆς
2537 3868 2718 3953 ἰδίας
2766 3870 2990 3972 ὑπερ-

590 3996 867 4100 τρέχων
906 3998 1176 4102 ψυχῆς,
1216 3994 1346 4074 οὐκ
1392 3996 1469 4073 ἐν
1513 3994 1743 4101 ὀλίγῳ
1793 3993 2048 4096 γέγονε
2101 3994 2399 4092 δείματι,
2436 3990 2642 4072 ἀλλὰ
2695 3994 2813 4072 καὶ
2867 3995 2996 4091 τῆς

592 4125 690 4203 εἰς
744 4117 828 4198 τὸ
884 4116 1123 4198 κοινὸν
1171 4118 1461 4222 ὁρώσης
1514 4116 1958 4224 ὑπολήψεως
2007 4117 2247 4223 χάριν,
2290 4118 2418 4198 οὐκ
2463 4114 2818 4197 ἐλάττονα
2865 4118 2995 4215 τῆς

592 4243 836 4347 ἑτέρας
889 4239 1024 4343 τὴν
1080 4244 1395 4346 ἀγωνίαν
1452 4240 1808 4348 ἐδέχοντο.
1901 4241 2010 4322 ὅτι
2068 4242 2201 4343 μὲν
2257 4241 2401 4346 γὰρ
2457 4239 2729 4342 ἀληθὲς
2788 4240 2995 4320 ἔσται
3021 4271 3101 4329 30

525 4385 568 4450 d
594 4365 881 4453 πάντως
935 4366 1021 4446 τὸ
1075 4366 1440 4470 εἰρημένον
1492 4366 1989 4448 πιστεύουσιν.
2088 4367 2303 4448 ἴσασι
2361 4363 2506 4470 γὰρ
2565 4368 2664 4449 ὡς
2722 4364 2852 4444 οὐκ
2907 4359 2998 4443 ἂν

734 4568 785 4619 5.
820 4551 942 4623 περὶ
967 4551 1030 4606 E.
1054 4551 1196 4621 παρὰ
1224 4550 1328 4605 Ed.
1548 4563 1632 4623 17.
1669 4547 1867 4622 εἴχετο]
1896 4548 2095 4622 οἴχεται
2122 4548 2190 4607 Ε.
2425 4550 2511 4606 26.
2548 4549 2763 4620 ἐνορᾶσι
2788 4548 2852 4605 Ε.
