3238 5158
1529 0 1879 8 τῇ*
1932 2 2055 5 ἡῗι

200 354 356 421 xvii.
391 356 615 440 18,19.
692 354 807 420 IN
872 357 939 422 S.
987 354 1500 422 JOANNEM.
1591 354 1783 420 LIB.
1831 353 1952 420 XI.
2041 353 2249 418 CAP.
2281 353 2365 417 X.
2478 353 2601 418 721

198 527 547 629 ἀδελφοῖς
594 525 713 606 καὶ
767 526 845 605 ἐν
874 529 1021 610 τοῖς
1074 526 1237 606 καθ’
1274 525 1462 625 ἡμᾶς
1507 521 1608 604 ἔτι
1660 521 2059 622 νοούμενον,
2095 520 2213 602 διὰ
2255 516 2388 618 τὴν
2423 519 2606 623 πρὸς

198 650 385 749 ἡμᾶς
444 649 790 749 ὁμοίωσιν
844 646 1063 729 αὐτὸν
1122 650 1433 753 ὁρᾶσθαι
1484 647 1836 752 γεγονότα
1888 681 1966 728 τε
2022 647 2137 727 καί
2189 645 2604 751 ὑπάρχοντα

193 772 468 858 παντὸς
520 775 687 874 ἡμῖν
724 777 1000 878 ἀγαθοῦ
1055 775 1173 854 καὶ
1227 771 1458 880 ἀρχὴν
1512 777 1629 853 καὶ
1687 771 1914 876 θύραν
1966 774 2084 853 καὶ
2132 768 2317 851 ὁδόν·
2376 772 2603 870 ἀναγ-

194 898 412 1025 καίως
446 895 784 1002 ἐπήνεγκε
817 932 904 978 το
940 898 1224 1005 ἐφεξῆς,
1260 897 1633 979 τουτέστιν
1665 895 1869 1004 ’Υπὲρ
1906 895 2114 978 αὑτων
2151 892 2288 999 ἐγω
2322 895 2601 1004 ἁγιάζω

131 1008 502 1115 5ἑμαιυτὸν.

310 1136 456 1213 Καὶ
511 1132 1009 1242 δυσεξήγητον
1042 1135 1174 1233 μέν
1226 1166 1381 1217 πως
1431 1135 1591 1213 ἐστὶ
1639 1134 1756 1212 καὶ
1806 1129 2150 1237 δυσχερὲς
2198 1136 2296 1216 εἰς
2344 1128 2599 1230 νόησιν

2164 1258 2189 1287 S

189 1255 277 1335 τὸ
337 1258 724 1361 εἰρημένον.
800 1258 1000 1360 πλὴν
1044 1259 1085 1337 ὃ
1135 1255 1374 1339 πάντα
1421 1256 1749 1365 φωτίζων
1783 1254 2023 1359 Λόγος
2073 1290 2190 1336 και
2249 1266 2291 1304 “
2312 1260 2586 1336 ἀποκα-
2615 1302 2653 1341 a
2696 1288 2834 1343 989
2861 1286 2937 1342 Δ.

191 1381 571 1463 “Atha-cuv
624 1383 855 1480 βαθεά
909 1418 988 1464 εκ
1036 1382 1402 1481 σκότους,”
1458 1387 1808 1489 σαφηνιεῖ
1848 1383 1966 1461 καὶ
2017 1389 2229 1461 τοῦτο
2285 1382 2455 1481 ἡμῖν
2508 1379 2592 1462 τὸ
2684 1362 2824 1481 ἔξω
2843 1379 2932 1414 ¹¹¹·

186 1504 615 1611 μυστήριον.
725 1506 1145 1612 ἀγιάζεσθαι
1216 1507 1348 1608 μὲν
1421 1507 1547 1587 οὖν
1617 1506 1903 1609 λέγεται
1967 1504 2149 1586 κατὰ
2212 1504 2595 1605 συνήθειαν

91 1665 164 1707 10
190 1628 517 1778 νομικὴν,
583 1631 669 1713 τὸ
729 1635 806 1712 ἐν
862 1631 1065 1740 τάξει
1123 1630 1315 1718 τινὸς
1375 1628 1820 1730 ἀναθέματος
1880 1627 1926 1732 ἢ
1989 1630 2437 1736 δωροφορίας
2499 1631 2593 1712 ὡς

187 1754 380 1857 ἱερὸν
416 1760 520 1864 τῷ
552 1761 719 1865 Θεῷ
767 1755 968 1861 παρά
1010 1790 1141 1838 του
1188 1753 1764 1860 προσαγόμενον,
1810 1755 2132 1858 καθάπερ
2179 1753 2429 1853 ἀμέλει
2477 1756 2593 1832 καί

182 1884 338 1959 πᾶν
370 1878 830 1983 πρωτότοκον
867 1885 1222 1984 διανοῖγον
1256 1878 1537 1984 μήτραν
1573 1882 1651 1960 ἐν
1701 1884 1871 1964 υἱοῖς
1905 1877 2233 1983 Ἰσραήλ.
2301 1888 2346 1926 “
2374 1878 2584 1979 ἁγία·
2683 1894 2863 2010 infffi

208 2016 414 2083 6σον
447 2002 595 2109 γάρ
629 2039 754 2106 μοι
788 2011 936 2087 πᾶν
973 2003 1432 2109 πρωτότοκον
1470 2009 1831 2107 διανοῖγον
1865 2002 2206 2105 μήτραν,’
2247 2036 2429 2105 προς
2466 2036 2594 2082 τον

183 2125 494 2230 ἄριστον
546 2130 689 2236 ἔφη
737 2131 1088 2221 Μωυσέα,
1136 2130 1508 2210 τουτέστιν
1558 2127 1861 2213 Ἀνάθες
1919 2130 2036 2209 καὶ
2095 2127 2427 2227 ἀπόνειμε
2476 2130 2595 2207 καὶ

91 2285 158 2346 15
185 2252 693 2361 κατάγραψον,
749 2258 847 2339 ὡς
913 2253 1126 2357 ἱερόν·
1216 2255 1304 2333 οὐ
1366 2253 1512 2357 γὰρ
1578 2251 1809 2353 δήπου
1874 2251 2137 2360 φαμὲν,
2205 2252 2376 2334 ἀλλ’
2444 2253 2588 2333 οὐδ’
2618 2264 2660 2328 b

183 2376 276 2458 ἂν
318 2376 557 2482 ἑτέρου
602 2376 825 2484 τυχὸν
861 2378 1180 2462 εἰπόντος
1224 2377 1637 2486 δεξαίμεθα,
1680 2376 1788 2458 ὅτι
1830 2382 2144 2457 Μωυσεῖ
2186 2376 2592 2457 κεκέλευκεν

183 2504 223 2583 ὁ
262 2499 455 2587 Θεὸς
516 2501 644 2584 τὸν
710 2502 827 2585 διὰ
889 2510 1017 2585 τοῦ
1088 2502 1506 2600 Πνεύματος
1570 2500 1938 2604 ἀγιασμὸν
1996 2501 2340 2582 ἐπιθεῖναί
2406 2529 2585 2581 τισι·

181 2631 489 2730 γενητῆς
540 2626 684 2729 γὰρ
741 2626 1033 2733 φύσεως
1088 2630 1215 2710 οὐκ
1264 2630 1648 2736 ἐφικνεῖται
1693 2626 1776 2708 τὸ
1819 2628 2077 2730 με’τρον
2118 2632 2215 2710 εἰς
2251 2625 2336 2707 τὸ
2381 2626 2591 2706 δύνα-

180 2752 376 2833 σθαί
403 2786 472 2832 τι
523 2759 848 2833 τοιοῦτον
883 2758 1301 2856 κατορθοῦν,
1339 2749 1646 2856 ἁρμόσει
1682 2751 1759 2832 δὲ
1793 2749 1990 2860 μόνῳ
2026 2754 2144 2830 καὶ
2194 2749 2592 2854 ἰδιαζόντως

89 2909 160 2951 20
180 2877 640 2957 ἀνακείσεται
678 2881 872 2985 Θεῷ.
953 2879 1070 2957 καί
1123 2884 1303 2981 γοῦν
1358 2874 1476 2957 ὅτε
1532 2874 1677 2956 σὺν
1712 2877 1904 2982 αὐτῷ
1958 2874 2122 2960 τοὺς
2175 2873 2582 2980 πρεσβυτέ-

181 3035 359 3103 ρους
413 3001 884 3081 ἀναδεικνύειν
938 3001 1219 3102 ἤθελεν,
1258 3001 1386 3082 οὐκ
1442 2999 1660 3082 αὐτον
1702 3003 2040 3082 ἐπιθεῖναι
2079 2999 2407 3081 Μωυσέα
2462 2998 2590 3080 τὸν

182 3159 555 3228 αγιασμον
612 3132 760 3212 τοῖς
821 3127 1335 3247 ἐξειλεγμένοις
1393 3125 1902 3230 προσέταττεν,
1960 3125 2102 3231 ἔφη
2162 3121 2238 3205 δε
2296 3131 2587 3221 μᾶλλον

179 3252 523 3352 ἐναργῶς,
561 3254 659 3335 ὦς
694 3253 957 3359 ἀφελεῖ
1001 3286 1135 3350 μεν
1190 3249 1335 3330 ἀπὸ
1388 3258 1519 3330 τοῦ
1577 3250 1996 3350 Πνεύματος
2046 3258 2175 3330 τοῦ
2229 3284 2433 3333 οντος
2473 3248 2582 3328 ἐπ’
2679 3243 2836 3374 ἵζω·
2861 3246 2925 3296 ¹¹·

182 3376 402 3483 αὐτῷ,
436 3373 656 3456 δωσει
699 3373 776 3456 δὲ
823 3381 970 3455 τῶν
1006 3373 1614 3480 ἀναῤῥηθέντων
1580 3372 1889 3482 εκάστῳ.
1972 3373 2056 3455 τὸ
2094 3372 2238 3479 γὰρ
2274 3370 2586 3475 ἀγιάζέιν
2613 3397 2647 3439 <2

87 3522 160 3586 25
186 3497 539 3579 δυ’νασθαι
586 3498 704 3579 διὰ
757 3500 1142 3600 μετουσίας
1199 3507 1326 3580 τοῦ
1364 3498 1806 3599 Πνεύματος,
1842 3497 2027 3606 μόνῃ
2071 3504 2161 3604 τῇ
2208 3504 2355 3578 τῶν
2390 3496 2587 3578 ὅλων

182 3621 552 3730 κρατούσῃ
588 3623 876 3723 με’τεστι
914 3621 1159 3729 φύσει·
1225 3623 1357 3723 τὴν
1394 3622 1470 3704 δὲ
1507 3630 1637 3704 τοῦ
1673 3622 2094 3727 ἀγιάζεσθαι
2131 3623 2455 3723 δύναμιν,
2489 3625 2585 3708 ὡς

181 3748 256 3826 ἐν
295 3749 551 3854 νομικῇ
588 3747 666 3829 δὲ
714 3751 940 3848 δῆλον
976 3747 1087 3829 ὅτι
1137 3750 1484 3855 συνηθείᾳ
1542 3751 1751 3855 φημὶ,
1789 3746 2204 3856 φανοτάτην
2253 3749 2422 3849 ἡμῖν
2467 3751 2583 3829 καὶ

181 3871 396 3956 αὐτὸς
450 3874 492 3952 ὁ
550 3871 906 3973 Σολομὼν
961 3873 1405 3972 καταστήσει
1463 3872 1701 3976 λέγων
1757 3884 1800 3919 “
1842 3875 2080 3976 Παγίς
2138 3876 2344 3977 ἀνδρὶ
2398 3874 2582 3979 ταχύ
2674 3883 2838 4012 ξζῡζό

181 4007 224 4043 “
260 4030 331 4076 τι
383 4003 531 4078 τῶν
585 3999 782 4078 ἰδίων
838 3994 1163 4100 ἁγιάσαι,
1216 3994 1397 4096 μετὰ
1463 3995 1608 4101 γὰρ
1667 3994 1752 4077 τὸ
1810 3997 2161 4104 εὔξασθαι
2215 4004 2582 4097 μετανοεῖν
2747 3988 2758 3999 ’
2847 3985 2859 3998 ⁰

85 4151 156 4223 ρο
181 4131 222 4167 “
261 4120 600 4223 γίνεται.”

294 4246 708 4345 Νοουμένου
757 4254 1138 4350 τοιγαροῦν
1191 4255 1320 4326 τοῦ
1374 4246 1741 4350 Ἄγιοίσαι,
1780 4247 1964 4328 κατὰ
2012 4246 2394 4348 συνήθειαν
2448 4243 2579 4345 τὴν

287 4477 413 4530 ,ἔτι
440 4476 716 4546 νοούμενον
742 4478 803 4532 Ε.
830 4477 1190 4548 ἐπινοοῦμενον
1215 4477 1316 4534 Ed.
1849 4497 1929 4536 10.
1965 4479 2278 4545 ἀναθίματος
2304 4478 2369 4535 Ε.
2395 4478 2582 4549 ἀναθή-

176 4568 335 4610 ματος
362 4546 466 4603 Ed.
573 4548 643 4604 ὥς
668 4548 805 4617 ἱερὸν
829 4563 1166 4620 assumptum
1194 4568 1259 4604 ex
1286 4551 1351 4606 E.
1622 4568 1705 4605 20.
1743 4572 1863 4608 τους
1885 4549 2335 4621 τοπρεσβυτίρους
2364 4551 2488 4624 (sic)
2517 4551 2580 4605 Ε.

180 4632 266 4683 24.
300 4617 685 4688 ἀναρρεθέντων
712 4619 775 4674 Ε.
1189 4635 1275 4692 27.
1311 4622 1607 4693 φανοτάτην
1635 4621 1697 4676 Ε.
1723 4623 2030 4694 φονωτάτην
2055 4620 2158 4676 Ed.

267 4718 406 4764 νοι..
442 4719 518 4763 11.
1338 4723 1383 4786 4
1413 4724 1448 4767 z
