3238 5158
622 286 753 348 546
1230 287 1309 351 B.
1347 285 1775 350 CYRILLI
1836 284 2420 350 ALEXANDR.
2848 301 2958 344 xv,
2989 296 3041 339 1.

722 446 881 529 Ἠν
915 448 1045 550 μὲν
1081 452 1207 531 οὖν
1244 448 1428 536 εἰκὸς
1471 448 1675 531 οὐδὲν
1708 450 1811 529 ἔτι
1861 448 2044 553 πρὸς
2093 459 2322 531 ταῦτα
2372 449 2617 531 θέλειν
2655 453 2886 528 εἰπεῖν
2921 441 3050 523 τὸν

625 574 710 653 δι
746 575 1086 673 ἐναντίας,
1127 575 1258 654 οὐκ
1302 575 1748 682 ἐξισταμένῳ
1798 573 1875 655 δὲ
1925 579 2055 674 τῆς
2107 575 2414 669 ἐνούσης
2457 576 2658 681 αὐτῷ
2709 577 3044 665 δυσβου-

624 696 808 793 λίας,
836 698 1131 846 οἰομένω
1169 732 1246 778 τε
1283 701 1651 800 ἀλλογενῆ
1689 697 1818 779 τὸν
1851 702 1928 778 ἐκ
1968 704 2161 779 Θεοῦ
2198 701 2317 778 καὶ
2357 697 2654 799 Πατρὸς
2696 694 3053 798 ὑπάρχειν

558 825 602 890 d
626 816 825 917 Yam,
862 821 991 900 οὐκ
1027 821 1433 921 ἐνδώσομεν
1468 829 1615 906 τοῖς
1666 826 1795 921 τῆς
1845 823 2187 915 ἀληθείας
2235 829 2820 975 συνηγοροῦντες
2867 819 3049 920 δόγ-

602 972 879 1041 -·μασιν
938 945 1379 1053 ἐπιδείξομεν
1413 980 1559 1049 γαρ
1597 946 1908 1047 ὁμογενῆ
1941 946 2255 1049 λέγοντα
2287 953 2379 1052 τῇ
2417 947 2650 1026 κτίσει
2683 942 2826 1024 τὸν
2857 940 3054 1023 Θεον
3073 962 3102 1019 5

627 1069 746 1148 καὶ
814 1068 1131 1174 Πατέρα·
1213 1072 1333 1150 καὶ
1396 1077 1550 1155 πῶς
1614 1068 1661 1169 ἢ
1727 1068 1977 1171 πόθεν,
2042 1071 2349 1150 ἀκούοιτ’
2416 1066 2505 1150 ἂν
2566 1071 2712 1170 ἤδη
2785 1065 3046 1149 πάλιν.

288 1199 455 1315 ξὲξῖ
629 1191 958 1290 ἄμπελον
1031 1196 1350 1296 ἐναργῶς
1424 1194 1839 1274 διατείνεται
1909 1194 2036 1273 καί
2102 1200 2356 1300 φησιν,
2430 1195 2517 1273 οὐ
2587 1191 2726 1293 τὴν
2805 1191 3050 1294 σάρκα

626 1323 945 1416 μᾶλλον,
1011 1319 1183 1397 ἀλλ’
1246 1315 1467 1418 αὐτὴν
1532 1317 1958 1416 ὠνομάσθαι
2021 1315 2152 1418 τὴν
2220 1318 2521 1415 θεότητα
2582 1325 2720 1396 τοῦ
2787 1322 3046 1396 Μονο-

627 1451 901 1544 γενοῦς.
972 1441 1192 1547 ἐχέτω
1246 1446 1413 1545 τῇδε
1470 1438 1716 1547 τυχόν·
1799 1443 2073 1540 οὐκοῦν,
2131 1440 2482 1545 ἐρήσομαι
2535 1440 2707 1545 γὰρ,
2767 1445 3048 1521 ἀπολο-

626 1568 902 1670 γείσθω
968 1566 1042 1646 δὲ
1109 1566 1356 1665 πάλιν,
1411 1563 1719 1668 πότερόν
1779 1601 1956 1646 ποτε
2024 1564 2216 1647 Θεὸν
2279 1562 2625 1666 ἀληθινὸν
2695 1564 3044 1669 ὑπάρχειν
3067 1596 3117 1632 1³

627 1691 847 1771 οἴεται
902 1688 1029 1771 τὸν
1076 1688 1280 1789 Υἱὸν,
1338 1688 1384 1790 ἢ
1441 1691 1623 1795 οὐχὶ,
1677 1697 2027 1845 προσερεῖ
2075 1689 2151 1770 δε
2203 1689 2413 1772 νόθον
2468 1693 2587 1769 καὶ
2642 1690 2724 1768 ἐν
2783 1693 3042 1795 ψιλαῖς

626 1814 886 1919 ἔχοντα
922 1821 1196 1921 φωναῖς
1234 1812 1317 1894 τὸ
1356 1812 1672 1920 ἀξίωμα.
1755 1820 1813 1893 εἰ
1849 1812 1982 1914 μὲν
2017 1813 2162 1919 γὰρ
2199 1816 2326 1894 οὐκ
2363 1810 2537 1895 εἶναι
2574 1810 2768 1893 κατὰ
2821 1814 3042 1919 φύσιν

628 1935 842 2036 Θεὸν,
908 1936 1125 2017 αὐτὸν
1188 1935 1300 2041 ἐφ’
1363 1941 1591 2045 ἑαυτῷ
1666 1939 1991 2042 δεχέσθω
2064 1938 2393 2041 μα’ρτυρα
2460 1936 2589 2018 τὸν
2650 1939 3040 2040 Μονογενῆ

294 2045 462 2162 ἓξὲξ
570 2090 605 2134 e
630 2061 940 2162 λέγοντα
992 2071 1034 2109 “
1070 2061 1269 2163 Ἐγω
1335 2097 1477 2162 ειμι
1544 2062 1591 2161 ἡ
1658 2061 1983 2162 ἀλήθεια.
1986 2061 2025 2089 ”
2111 2061 2413 2164 ἀλήθεια
2473 2096 2618 2165 γαρ
2688 2064 2871 2142 καθ’
2929 2063 3041 2141 ἕνα

628 2184 919 2289 τρόπον,
955 2187 1039 2266 οὖ
1089 2183 1173 2265 τὸ
1226 2185 1523 2267 νόθον
1476 2221 1618 2290 εχει
1668 2221 1784 2267 και
1834 2186 2327 2293 ψευδώνυμον.
2397 2188 2940 2291 παραδεχέσθω
2975 2186 3040 2267 δὲ
3065 2212 3112 2267 ¹5

631 2311 750 2389 καὶ
785 2307 1007 2390 αὐτον
1042 2311 1157 2390 ἐπι
1194 2310 1426 2418 τούτῳ
1464 2308 1591 2390 τὸν
1628 2311 2067 2418 σοφωτατον
2102 2309 2538 2411 Ἰωάννην,’
2496 2311 3043 2414 ανακεκραγότα

295 2437 535 2553 23:2⁰²*
629 2439 897 2541 σαφῶς
935 2437 1053 2515 καὶ
1089 2433 1399 2537 λέγοντα
1437 2445 1482 2482 “
1516 2436 1733 2514 Καὶ’
1697 2432 1919 2534 εσμὲν
1957 2437 2032 2514 ἐν
2068 2440 2173 2541 τῷ
2220 2437 2541 2542 ἀληθινῷ
2578 2439 2752 2542 Θεῷ
2791 2436 3043 2588 Ἰησοῦ

334 2540 347 2554 ⁶
442 2540 453 2552 ι
631 2569 675 2609 “
713 2563 1042 2668 Χριστῶ·
1124 2556 1329 2644 οὗτός
1365 2560 1568 2639 ἐστιν
1605 2559 1646 2639 5
1683 2558 2025 2660 ἀληθινὸς
2065 2556 2252 2644 Θεὸς
2302 2594 2420 2639 και
2473 2558 2517 2659 ἦ
2567 2555 2713 2660 ζωὴ
2762 2559 2818 2659 ἡ
2875 2560 3038 2641 αἰω-

631 2684 898 2769 “.νιος’
982 2684 1152 2764 ἀλλ’
1194 2716 1255 2762 ει
1306 2685 1425 2763 καὶ
1473 2716 1655 2786 προς
1706 2690 1918 2763 τοῦτο
1953 2681 2176 2789 τυχὸν
2211 2675 2764 2785 ὖπερυθρίιισας,
2805 2687 2935 2765 καὶ
2967 2718 3045 2762 το

631 2809 1106 2889 διατείνεσθαι
1138 2810 1372 2906 μεθεις
1409 2805 1757 2907 ἀληθινὸν
1790 2806 2235 2909 ὁμολογήσει
2272 2804 2462 2887 Θεὸν
2497 2804 2624 2886 τὸν
2658 2805 2880 2906 Υἱον,
2919 2809 3047 2911 οὐχ
3068 2840 3112 2881 s:

628 2932 946 3037 ἑτέρωσέ
993 2967 1118 3014 ποι
1167 2929 1618 3036 χωρήσομεν,
1659 2929 1906 3033 λόγοις
1956 2930 2033 3012 δὲ
2082 2936 2229 3017 τοῖς
2276 2932 2443 3033 παρ’
2482 2932 2703 3010 αὑτοῦ
2752 2933 3037 3036 χρησό-

301 3079 435 3136 868
455 3075 535 3133 Δ.
568 3091 610 3132 a
629 3063 817 3159 μεθα
869 3054 1059 3161 προς
1107 3052 1522 3157 ἀνατροπὴν
1564 3059 1711 3132 τῶν
1765 3056 1933 3157 παρ’
1973 3056 2192 3135 αὑτοῦ
2248 3054 2655 3156 λεγομένων
2694 3050 2878 3158 ⁹Ap'
2920 3059 3048 3160 οὐχ

299 3181 464 3298 ἓξὲξ
630 3216 881 3286 ωσπερ
943 3176 1262 3283 γεωργὸς
1328 3176 1732 3279 ἀλλογενής
1794 3178 1953 3257 ἐστι
2017 3184 2107 3283 τῇ
2178 3178 2526 3285 ἀμπέλῳ·
2508 3239 2528 3274 ,
2597 3179 2642 3258 5
2705 3177 2855 3278 μὲν
2911 3181 3048 3284 γὰρ

631 3304 1029 3408 ανθρωπος,
1086 3305 1131 3404 ἡ
1188 3300 1264 3382 δὲ
1327 3299 1582 3408 ξύλον·
1674 3335 1900 3384 ουτως
1972 3302 2017 3400 ἡ
2092 3302 2415 3402 ἄμπελος
2479 3304 2715 3406 ὀρθῶς
2776 3339 2868 3385 τε
2937 3340 3048 3386 και

631 3431 922 3527 ἀληθῶς
979 3426 1303 3535 ὅμοφυὴς
1355 3423 1450 3506 ἀν
1502 3432 1741 3505 νοοῖτο
1799 3423 1982 3528 πρὸς
2046 3460 2139 3505 τα
2194 3426 2340 3506 ιδια
2397 3424 2788 3527 κλήματα;
2883 3431 3048 3511 ἀλλ
3069 3457 3118 3513 ι5
3189 3513 3190 3516 ¹

632 3548 828 3650 οἶμαι
865 3550 1093 3653 γεμὴν
1127 3548 1398 3651 μηδένα
1438 3548 1622 3652 πρὸς
1676 3558 1887 3629 τοῦτο
1935 3550 2232 3654 μωρίας
2256 3552 2600 3650 ε’θελῆσαι
2636 3561 3049 3652 κατελθεῖν,

637 3678 734 3759 ὡς
786 3678 1158 3776 ἀρνεῖσθαι
1201 3679 1485 3772 τολμᾶν
1520 3672 1607 3752 τὸ
1660 3707 1844 3753 ουτω
1899 3674 2324 3782 καταφανές.
2405 3709 2525 3755 οτε
2573 3673 2825 3757 τοίνυν
2867 3678 3052 3765 Θεὸς

639 3797 980 3905 ὖπαρχων
1014 3794 1447 3898 ἀληθινὸς,
1416 3795 1800 3895 ομοούσιός
1852 3799 2014 3877 ἐστι
2063 3804 2167 3906 τῷ
2217 3833 2402 3879 κατα
2452 3798 2681 3906 φύσιν
2721 3803 3054 3912 ἀληθινῷ

639 3927 827 4030 Θεῷ,
862 3920 1211 4018 τουτέστι,
1249 3927 1353 4028 τῷ
1390 3922 1649 4024 Πατρῖ,
1688 3924 1805 4000 καὶ
1842 3920 2165 4021 ἄμπελος
2196 3922 2333 4023 μέν
2370 3925 2547 4020 ε’στι,
2579 3922 2944 4024 κλήματα
2985 3929 3054 4009 δὲ

571 4066 617 4132 b
638 4044 856 4146 ἡμεῖς,
892 4046 1180 4152 ὁμοφυῆ
1219 4045 1554 4146 δηλονότι
1593 4042 1710 4124 διὰ
1745 4053 1956 4126 τοῦτο
1991 4051 2081 4152 τῇ
2119 4047 2448 4155 ἀμπέλῳ,
2487 4053 2644 4133 πῶς
2689 4051 2864 4157 οὐχὶ
2913 4056 3052 4135 θεοὶ
3073 4078 3108 4136 3²

637 4167 822 4249 κατὰ
887 4169 1117 4276 φύσιν
1173 4169 1487 4270 ἐσόμεθα
1552 4171 1669 4249 καὶ
1725 4169 1943 4269 ἡμεῖς,
2001 4169 2134 4271 τὴν
2190 4172 2373 4251 ἰδίαν
2424 4168 2679 4276 ὥσπερ
2745 4178 3056 4282 ἀφέω-ες

636 4520 658 4590 (
691 4465 761 4588 ‘23
789 4447 1134 4575 Ιἐξηττημένη
1162 4448 1226 4503 Ε.
1580 4465 1635 4518 3.
1673 4447 1910 4517 οἰομένου
1938 4449 2004 4503 Ε.
2113 4448 2195 4521 ἐκ]
2230 4457 2287 4516 -1-
2317 4453 2412 4506 τοῦ
2437 4449 2501 4504 Ε.
2873 4475 2933 4528 9.
2969 4458 3060 4528 ἔχε’

661 4538 737 4574 mc
841 4559 853 4573 .
