3238 5158
650 340 780 408 ⁷26
1269 345 1351 411 Β.
1395 343 1825 412 CYRILLI
1883 346 2465 413 ALEXANDB.
2646 343 2803 410 xvii.
2833 343 2928 421 18,
2955 359 3044 427 19.

649 505 983 589 τεθνάναι
1024 515 1263 611 σῶμα,
1299 511 1529 593 πάλιν
1563 513 1759 622 αὐτῷ
1805 509 1942 612 τὴν
1989 514 2177 594 ἰδίαν
2217 512 2641 620 ἐνεφύτευσε
2687 508 2894 615 ζωὴν,
2926 508 3048 613 οὐχ

648 632 903 715 ἑαυτὸν
975 632 1310 736 δηλονότι
1381 642 1531 716 τῶν
1591 645 1723 717 τοῦ
1794 635 2107 717 θανάτου
2180 641 2475 736 δεσμῶν
2545 634 3046 743 ἐξαιρούμενος,

652 755 833 839 καθὸ
886 765 1146 839 νοεῖται
1200 757 1409 845 Θεός.
1486 759 1894 862 ἐπεδήμησε
1948 759 2095 864 γὰρ
2151 763 2270 840 καὶ
2323 759 2618 862 γε’γονεν
2663 757 3045 859 ἅνθρωπος,

653 882 738 962 οὐ
773 882 858 961 δι’
895 880 1169 963 ἑαυτόν·
1248 884 1602 965 ὁδοποιῶν
1647 882 1723 965 δὲ
1775 891 2074 984 μᾶλλον
2125 889 2218 989 τῇ
2264 882 2672 989 ἀνθρωπεία
2716 882 2934 987 φύσει
2968 880 3045 959 δι’

586 1016 632 1082 d
654 1006 907 1086 ἑαυτοῦ
961 1039 1043 1087 τε
1097 1010 1217 1089 καὶ
1260 1010 1337 1089 ἐν
1381 1010 1612 1117 ἑαυτῷ
1662 1007 1797 1109 τὴν
1830 1010 1911 1090 ἐκ
1965 1007 2281 1090 θανάτου
2335 1004 2722 1115 διαφυγὴν,
2764 1006 2879 1086 καὶ
2929 1001 3045 1103 τὴν
3065 1039 3096 1099 5

654 1134 752 1214 εἰς
805 1127 941 1229 τὴν
991 1132 1116 1213 ἀπ’
1174 1136 1402 1239 ἀρχῆς
1455 1133 1882 1242 ἀφθαρσίαν
1936 1131 2312 1215 ἐτι-ἄνοδον.
2381 1131 2484 1213 ἰ’θι
2540 1132 2631 1233 δὴ
2692 1132 2823 1211 οὖν
2876 1125 3042 1210 κατὰ

655 1250 791 1354 τὴν
824 1253 998 1360 ἰ’σην
1029 1262 1178 1337 τῶν
1221 1257 1608 1362 εἰρημένων
1652 1258 2053 1359 ἀναλογίαν
2106 1262 2205 1341 εἰς
2260 1291 2390 1337 τον
2443 1260 2609 1358 περὶ
2663 1263 2795 1337 τοῦ
2849 1248 3042 1356 ἁγια-

658 1375 910 1481 ζεσθαι
956 1378 1246 1484 τρόπον.
1320 1417 1465 1486 αρα
1517 1382 1664 1486 γὰρ
1718 1381 1911 1467 ὅλως
1961 1377 2285 1490 φαμέν”
2237 1415 2445 1485 αγιον
2482 1378 2849 1505 ὑπάρχειν,
2885 1375 3047 1458 κατά

658 1537 745 1606 γε
797 1538 927 1585 τον
975 1504 1201 1609 λόγον
1258 1511 1386 1607 τῆς
1439 1507 1618 1591 ἰδίας
1664 1504 1980 1615 φύσεως,
2015 1541 2101 1588 το
2156 1503 2306 1587 ἀπο
2359 1508 2496 1609 γῆς
2550 1511 2799 1605 σῶμα,
2841 1505 2952 1583 καὶ
2993 1504 3045 1579 εἰ

659 1624 760 1727 μὴ
798 1628 1077 1734 δέχοιτο
1122 1666 1252 1712 τον
1286 1630 1659 1734 ἁγιασμὸν
1690 1629 1892 1736 παρὰ
1925 1638 2054 1712 τοῦ
2091 1629 2277 1711 κατὰ
2313 1629 2544 1735 φύσιν
2580 1628 2794 1732 ἁγίου
2829 1632 3041 1707 Θεοῦ·
3025 1687 3042 1719 ,
3068 1668 3128 1711 ιο

660 1755 778 1834 καὶ
829 1760 985 1839 πῶς
1039 1754 1130 1836 ἂν
1165 1754 1273 1857 εἴη
1325 1754 1539 1837 τοῦτό
1592 1789 1725 1859 γε;
1777 1755 1951 1836 ποία
2003 1753 2148 1859 γὰρ
2192 1753 2284 1835 ἂν
2319 1755 2421 1835 ἔτι
2472 1761 2710 1834 νοοῖτο
2760 1745 3046 1857 διαφορὰ

658 1876 933 1983 σαρκός
982 1914 1060 1960 τε
1110 1884 1239 1981 τῆς
1293 1887 1641 1984 γηγενοῦς·
1694 1882 1814 1961 καὶ
1870 1883 2001 1980 τῆς
2049 1878 2235 1960 κατὰ
2283 1878 2513 1987 φύσιν
2563 1879 2777 1982 ἁγίας
2823 1910 2899 1956 τε
2945 1875 3046 1954 καὶ

661 2003 1087 2105 ἁγιαστικῆς
1148 2004 1449 2101 οὐσίας;
1528 2010 1588 2084 εὶ
1653 2005 1741 2086 δέ
1791 2006 1995 2085 ἐστιν
2051 2007 2270 2085 εἰπεῖν
2330 2000 2621 2104 ἀληθὲς,
2687 2002 2799 2084 ὅτι
2859 2006 3045 2082 πᾶσα

660 2126 894 2212 κτίσις
928 2127 1188 2231 λογικὴ
1225 2131 1342 2209 καὶ
1381 2128 1839 2236 ἁπαξαπλῶς
1881 2126 1967 2210 τὸ
2007 2126 2445 2229 κεκλημένον
2478 2133 2575 2212 εἷς
2628 2128 2909 2230 γένεσιν
2941 2124 3043 2203 καὶ

661 2257 919 2332 τελοῦν
971 2253 1050 2333 ἐν
1095 2261 1438 2356 γενητοῖς,
1494 2255 1787 2362 φύσεως
1836 2251 1969 2355 μὲν
2019 2252 2199 2338 ἰδίας
2241 2252 2370 2332 οὐκ
2417 2250 2559 2357 ἔχει
2610 2250 2888 2356 καρπὸν
2931 2244 3042 2326 τὸν
3065 2281 3122 2342 ¹5

605 2411 643 2457 e
667 2376 1053 2483 άγιασμὸν,
1089 2380 1467 2485 δανείζεται
1501 2377 1579 2460 δὲ
1631 2377 1882 2484 ὥσπερ
1917 2377 2120 2484 παρὰ
2160 2387 2291 2460 τοῦ
2340 2376 2525 2459 κατὰ
2573 2377 2806 2485 φύσιν
2856 2371 3040 2475 ἁγίου

663 2501 796 2606 τὴν
845 2501 1073 2611 χάριν,
1108 2511 1264 2591 πῶς
1315 2506 1443 2587 οὐκ
1493 2502 1590 2605 ,ἂν
1636 2502 1913 2609 γε’νοιτο
1959 2509 2107 2586 τῶν
2154 2501 2639 2586 ἀτοπωτάτων
2695 2499 3040 2606 ἀπροσδεᾶ

664 2627 798 2730 τὴν
849 2628 1092 2734 σάρκα
1146 2636 1333 2711 νοεῖν
1391 2637 1519 2711 τοῦ
1577 2627 1891 2734 ἁγιάζειν
1930 2663 2026 2711 τα
2077 2627 2318 2710 πάντα
2367 2626 2778 2736 πεφυκότος
2813 2629 3029 2706 Θεοῦ·
3011 2680 3030 2716 ,

664 2753 899 2854 ἐπειδὴ
948 2755 1188 2837 τοίνυν
1235 2755 1372 2861 οὐχ
1414 2754 1590 2858 ἁγία
1638 2756 1802 2836 καθ’
1865 2751 2124 2856 εαυτὴν
2183 2754 2230 2855 ἡ
2289 2752 2507 2862 σὰρξ,
2563 2752 2883 2858 ἡγιάσθη
2936 2743 3037 2826 διὰ

663 2883 880 2958 τοῦτο
931 2881 1051 2959 καὶ
1106 2881 1185 2961 ἐν
1241 2883 1572 2985 Χριστῷ,
1632 2886 1761 2959 τοῦ
1820 2880 1898 2957 ἐν
1955 2879 2137 2985 αυτῇ
2195 2876 2761 2980 κατοικήσαντος
2819 2870 3036 2977 Λόγου
3057 2910 3118 2950 20

667 2998 786 3083 δια
825 3011 956 3083 τοῦ
1008 3002 1265 3108 Αγίου
1303 3001 1725 3104 Πνευματος
1772 3037 1901 3084 τον
1950 3006 2240 3084 οἰκεῖον
2258 3037 2432 3084 ναον
2476 3000 2904 3106 ἁγιάζοντος,
2935 3028 3035 3077 και

667 3131 764 3211 εἷς
808 3126 1160 3231 ἐνέργειαν
1194 3127 1413 3209 αὐτὸν
1454 3131 1583 3228 τῆς
1632 3127 1812 3212 ἰδίας
1864 3136 2416 3227 μεταποιοῦντος
2465 3126 2784 3235 φύσεως.
2854 3121 3034 3227 ἅγιον

334 3279 471 3337 998
487 3278 569 3334 A.
610 3291 649 3333 a
670 3249 815 3355 γὰρ
874 3249 991 3331 διὰ
1051 3260 1266 3334 τοῦτο
1323 3259 1585 3333 νοεῖται
1648 3255 1767 3334 καὶ
1825 3250 2254 3357 ἁγιαοτικόν
2305 3252 2392 3334 τὸ
2437 3258 2658 3352 σῶμα
2713 3249 3034 3355 Χριστοῦ,

669 3374 793 3458 ἅτε
842 3372 951 3477 δὴ,
989 3374 1311 3481 καθάπερ
1345 3374 1604 3479 ἐ’λεγον
1640 3377 1919 3480 ἀρτίως,
1959 3374 2130 3462 ναὸς
2177 3373 2478 3480 γεγονὸς
2512 3384 2641 3457 τοῦ
2687 3372 3035 3457 ἑνωθέντος

329 3526 438 3579 001.
458 3527 511 3577 ii.
527 3542 576 3595 9.
665 3502 860 3609 αὐτῷ
913 3498 1162 3604 Λόγου
1213 3507 1663 3599 σωματικῶς,
1725 3502 1823 3587 ὡς
1881 3501 1924 3581 ὁ
1980 3499 2282 3586 Παῦλός
2339 3509 2594 3608 φησιν.
2677 3498 2797 3581 διὰ
2846 3501 3032 3578 τοῦτο
3054 3524 3111 3585 ²5

324 4368 488 4435 Supra
504 4369 540 4420 i.

324 4447 404 4500 3²·

668 3622 948 3706 κάτεισι
1000 3623 1135 3725 μὲν
1184 3624 1294 3708 ἐπ’
1332 3625 1552 3707 αὐτὸν
1604 3625 1696 3732 ἐξ
1744 3626 2048 3729 οὐρανοῦ
2091 3624 2176 3706 τὸ
2224 3630 2526 3733 Πνεῦμα
2567 3622 2652 3705 τὸ
2677 3623 2932 3727 Ἀγιον
2968 3618 3033 3696 ἐν

666 3747 828 3829 εἴδει
894 3754 1378 3853 περιστερᾶς·’
1433 3748 1931 3854 μεμαρτύρηκε
1994 3747 2071 3829 δὲ
2144 3755 2358 3829 τοῦτο
2428 3747 2669 3851 λε’γων
2725 3750 2768 3829 ὃ
2824 3739 3034 3850 σοφὸς

594 3918 611 3929 ν
664 3868 1024 3974 Ἰωάννης·
1096 3873 1218 3955 ἵνα
1274 3879 1562 3978 γνῶμεν
1614 3870 1873 3972 πάλιν,
1927 3871 2039 3954 ὅτι
2075 3871 2411 3978 ,καθάπερ
2463 3874 2541 3954 ἐν
2593 3875 2880 3978 ἀπαρχῇ
2927 3869 3037 3964 τῆς

665 3996 1178 4099 ἀνανεουμένης
1213 3998 1528 4107 φύσεως,
1564 4000 1644 4079 ἐν
1677 3995 1944 4106 πρώτῳ
1979 4001 2289 4105 Χριστῷ
2322 3996 2408 4078 τὸ
2450 4002 2747 4098 Πνεῦμα
2780 3991 3034 4089 κατέβη,

662 4119 842 4204 ’καθὸ
890 4122 1217 4230 πέφηνεν
1247 4122 1626 4225 ἅνθρωπος
1666 4122 1707 4202 ὁ
1733 4129 1872 4203 τοῦ
1922 4118 2348 4225 ἁγιάζεσθαι
2401 4119 2739 4207 δεκτικός.
2814 4120 2920 4200 καὶ
2963 4111 3033 4193 οὗ
3054 4140 3112 4201 30

664 4245 896 4347 δήπου
947 4245 1175 4335 πάλιν,
1210 4246 1438 4329 ,ἐκεῖνό
1495 4251 1759 4353 φαμεν,
1798 4243 1910 4326 ὅτι
1953 4245 2116 4327 τότε
2158 4246 2457 4349 γέγονεν
2490 4242 2710 4348 ἅγιος.
2745 4244 2827 4326 τὸ
2875 4232 3031 4322 κατὰ

661 4368 905 4476 σάρκα
949 4369 1295 4478 Χριστὸς,
1348 4368 1466 4452 ὅτε
1520 4381 1562 4420 “
1590 4369 1676 4452 τὸ
1737 4376 2033 4473 Πνεῦμα
2086 4370 2409 4451 τεθέαται
2463 4375 2885 4467 καταβαῖνον
2899 4364 2936 4391 ”
2985 4361 3020 4437 ὃ

1166 4617 1252 4670 24.
1286 4601 1513 4674 γεγονὸς
1538 4601 1603 4657 Ε.
2070 4616 2158 4674 31.
2189 4597 2283 4673 τὸ]
2309 4603 2339 4656 ὁ
2366 4600 2572 4673 Migne.
