3238 5158
582 343 668 404 28
1191 344 1268 408 B.
1317 342 1740 409 CYRILLI
1800 345 2379 412 ALEXANDR.
2719 344 2852 412 viii.
2881 359 2986 428 27.

247 516 372 566 ΜΛ
400 517 468 566 iv.
584 506 1022 605 σεβομένους
1072 506 1289 588 αὐτόν
1326 518 1370 556 “
1403 510 1547 588 Καὶ
1596 512 1929 589 ἀνατελεῖ
1974 512 2138 610 ὑμῖν
2174 517 2319 596 τοῖς
2374 509 2847 617 φοβουμένοις
2900 507 2987 591 τὸ

413 737 425 750 ·
584 638 628 675 ‘⁶
665 628 892 727 ὄνομά
941 666 1082 729 μου
1132 631 1337 732 ἥλιος
1388 633 1866 734 δικαιοσύνης,
1906 636 2024 714 καὶ
2074 634 2270 720 ἰἀσις
2318 637 2395 715 ἐν
2443 644 2599 719 ταῖς
2647 634 2990 742 πτέρυξιν

246 737 333 852 {⁸⁴
357 736 480 787 ¹¹¹¹·
585 764 628 802 ‘⁴
664 756 941 835 αὑτοῦ·”
1000 755 1184 859 πρὸς
1220 754 1341 854 ἐμὲ
1377 753 1465 856 δή
1504 764 1758 861 φησιν,
1799 755 1883 837 ὃν
1919 759 2048 838 οὐκ
2085 757 2341 843 εἰδότες
2382 758 2696 862 ὑβρίζετε
2730 769 2774 805 “
2797 756 2991 838 Ἰδοὺ

584 888 629 925 “
662 877 933 957 δέδωκά
979 913 1069 960 σε
1113 886 1210 965 εἱς
1258 878 1602 980 διαθήκην
1640 881 1914 983 γε’νους,
1958 888 2055 966 εἰς
2108 889 2268 987 φῶς
2317 880 2602 965 ἐθνῶν.”
2661 880 2835 961 ἀλλ’
2875 881 2990 960 ὅτι

583 1004 701 1080 καὶ
766 1007 925 1109 φῶς
989 1007 1127 1099 εἶμι
1189 1002 1372 1106 πρὸς
1438 1007 1623 1103 ὑμᾶς
1695 1005 1990 1107 ἐλέγετο
2062 1008 2230 1109 παρ’
2299 1008 2518 1087 αὐτοῦ
2582 1016 2627 1055 “
2667 1004 2988 1108 Φωτίζὸυ
3015 1036 3057 1097 5

584 1134 627 1171 “
666 1125 977 1229 φωτίζου
1029 1125 1172 1229 γάρ
1222 1133 1476 1232 φησιν,
1512 1127 2017 1230 Ἰερουσαλὴμ,
2062 1129 2214 1230 ἥκει
2268 1127 2412 1233 γάρ
2463 1163 2605 1211 σου
2653 1130 2740 1209 τὸ
2791 1138 2980 1236 φῶς,

522 1255 557 1299 0
581 1257 627 1294 “
665 1252 778 1326 καὶ
831 1249 877 1349 ἡ
929 1246 1111 1357 δόξα
1152 1251 1425 1354 Κυρίου
1478 1254 1595 1331 ἐπὶ
1646 1251 1736 1331 σὲ
1788 1253 2301 1332 ἀνατέταλκε.υ
2363 1263 2592 1333 ταῦτα
2645 1254 2988 1355 λέγοντος

581 1370 861 1472 ἤκουσα
909 1379 1072 1478 περὶ
1121 1376 1294 1472 ἐμοῦ
1342 1382 1472 1454 τοῦ
1519 1375 2094 1459 ἀποστείλαντός
2143 1411 2232 1476 με
2274 1374 2584 1482 Πατρὸς,
2624 1375 2828 1479 κάγὼ
2866 1379 2990 1458 διὰ

579 1505 792 1577 τοῦτο
859 1504 1017 1604 φῶς
1080 1496 1385 1597 ἐμαυτὸν
1441 1494 1617 1578 εἶναι
1682 1506 1809 1579 τοῦ
1867 1496 2151 1599 κόσμου
2210 1504 2417 1606 φημὶ,
2477 1503 2672 1600 ὑμεῖς
2730 1499 2807 1580 δέ
2866 1498 2988 1581 διὰ

579 1619 807 1722 μόνην
840 1621 974 1722 τὴν
1013 1620 1258 1725 σάρκα
1308 1622 1917 1724 κατεσμικρύνατε
1968 1624 2329 1727 κρίναντες
2380 1625 2511 1704 οὐκ
2559 1626 2820 1727 ὀρθῶς,
2862 1627 2986 1704 καὶ
3017 1657 3098 1703 ιο

243 1746 449 1873 ἏΡὮ,
583 1745 701 1825 διὰ
757 1754 969 1827 τοῦτο
1032 1746 1271 1848 λέγειν
1329 1747 1792 1845 ἀποτολμᾶτε
1856 1752 2147 1851 συχνῶς
2206 1758 2249 1796 “
2278 1746 2384 1827 Σῦ
2444 1750 2607 1852 περὶ
2672 1757 2988 1829 σεαυτοῦ

583 1879 630 1915 “
667 1876 1062 1973 μαρτυρεῖς·
1120 1870 1164 1968 ἡ
1201 1870 1553 1973 μαρτυρία
1590 1902 1732 1948 σου
1770 1870 1898 1950 οὐκ
1934 1870 2137 1950 ἔστιν
2174 1870 2510 1971 ἀληθής.”

691 1994 1002 2074 Οὐκοῦν·
1073 1992 1870 2100 ἀνακεφαλαιώσασθαι
1934 1993 2079 2096 γὰρ
2146 1993 2330 2096 ὅλην
2387 1992 2789 2075 ἀκόλουθον
2847 1993 2989 2092 τὴν

576 2118 653 2197 ἐν
712 2123 816 2225 τῷ
872 2117 1310 2224 προκειμένῳ
1371 2115 1713 2197 διάνοιαν·
1799 2124 2331 2222 θεομαχοῦντας
2393 2114 2723 2222 ἀντικρὺς
2785 2121 2979 2197 ἀπο-

578 2241 814 2347 φαίνει
850 2239 1016 2325 τοῦς
1051 2241 1459 2338 Ἰουδαίους,
1497 2243 1613 2320 καὶ
1666 2242 1751 2320 οῦ
1798 2240 2022 2339 μόνον
2057 2250 2213 2325 ταῖς
2259 2244 2426 2347 παρ’
2467 2243 2685 2322 αὐτοῦ
2735 2276 2976 2347 μαχο-
3015 2273 3096 2334 ¹5

242 2393 362 2448 515
384 2390 460 2447 A.
519 2406 555 2446 a
578 2363 828 2462 με’νους
866 2371 1160 2468 φωναῖς,
1198 2362 1400 2443 ἀλλὰ
1436 2367 1554 2444 καὶ
1588 2362 1829 2472 ψήφῳ
1863 2371 1954 2470 τῇ
1989 2364 2188 2468 παρὰ
2224 2373 2352 2445 τοῦ
2390 2363 2701 2469 Πατρός·
2761 2368 2801 2446 ὃ
2845 2366 2984 2465 μὲν

577 2486 722 2592 γὰρ
760 2494 919 2592 φῶς
955 2482 1143 2566 οἶδεν
1178 2485 1353 2566 ὅντα
1387 2485 1570 2567 κατὰ
1608 2487 1839 2595 φύσιν
1863 2487 1992 2567 τὸν
2018 2488 2197 2569 ἰ’διον
2219 2487 2421 2588 Υὶὸν,
2460 2491 2579 2569 καὶ
2615 2487 2986 2590 ἀνατολὴν

577 2614 696 2690 καὶ
744 2611 953 2712 ἥλιον
991 2611 1444 2711 δικαιοσύνης
1501 2611 1618 2692 διὰ
1672 2621 1885 2693 τοῦτο
1938 2620 2169 2694 καλεῖ·
2229 2618 2298 2694 οἱ
2349 2612 2425 2693 δὲ
2475 2612 2603 2693 τὸν
2639 2613 2729 2722 ἐξ
2769 2615 2979 2695 ἀπει-

578 2735 770 2820 θείας
824 2733 1128 2840 ὅλεθρον
1178 2742 1332 2820 ταῖς
1388 2738 1659 2816 ἑαυτῶν
1714 2736 2179 2838 ἐπισύροντες
2234 2743 2585 2842 κεφαλαῖς
2639 2738 2984 2818 ἀποδοκι-

241 2877 327 2931 Es·
344 2895 394 2932 v.
412 2893 487 2931 ²0-
573 2857 880 2962 μάζουσι
934 2857 1068 2960 τὴν
1122 2857 1485 2961 ἀλήθειαν,
1533 2870 1578 2906 “
1615 2857 1699 2939 τὸ
1756 2858 1983 2939 καλὸν
2038 2858 2372 2961 λέγοντες
2424 2859 2809 2963 πονηρὸν,”
2859 2864 2981 2942 καὶ
3013 2896 3096 2940 20

576 2983 693 3065 διά
730 3020 841 3065 τοι
876 2993 1090 3065 τοῦτο
1130 2983 1413 3068 δικαίως
1449 2984 1687 3067 αὐτοῖς
1722 2981 2205 3083 ἀκολουθήσει
2241 2983 2325 3063 τό
2363 2985 2577 3063 Οὐαί.

244 998 325 1049 Ib.
343 999 414 1052 lx.
434 1014 476 1049 ι.

476 3241 547 3302 27
948 3218 1084 3284 Οὐκ
1138 3218 1430 3292 ἔι-νωσαν
1483 3219 1585 3284 ὅτι
1637 3216 1751 3285 τὸν
1805 3218 2069 3307 Πατέρα
2125 3213 2348 3285 αὐτοῖς
2399 3217 2606 3293 ἕλει-ε.

691 3392 1295 3495 Καταπλήττεται
1343 3395 1573 3476 πάλιν
1619 3394 1754 3496 τὴν
1800 3402 1947 3476 τῶν
1982 3396 2347 3477 Ἰουδαίων
2398 3396 2884 3497 ἀναισθησίαν
2936 3399 2983 3478 ὁ

504 3518 547 3583 b
573 3520 1180 3625 πνευματοφόρος,
1228 3525 1345 3599 καὶ
1399 3517 1603 3619 μάλα
1659 3518 1967 3604 εἰκότως·
2036 3519 2114 3599 τί
2159 3518 2302 3623 γὰρ
2359 3518 2448 3598 ἂν
2499 3519 2774 3621 γε’νοιτο
2831 3526 2986 3599 τῶν

572 3642 912 3723 τοιούτων
973 3642 1459 3746 ἀνοητότερον,
1526 3644 1600 3723 οἵ
1664 3676 1750 3745 γε
1824 3648 1941 3723 καὶ
2009 3652 2286 3747 μακροῦ
2358 3642 2718 3727 πολλάκις
2792 3640 2983 3745 πρὸς
3016 3683 3100 3747 ²5

574 3766 827 3851 αὐτοῦς
880 3766 1260 3871 γεγονότος
1316 3767 1543 3870 λόγου
1597 3769 1762 3869 περὶ
1815 3773 1943 3846 τοῦ
1990 3771 2184 3847 Θεοῦ
2240 3768 2354 3845 καὶ
2410 3766 2722 3870 Πατρὸς,
2773 3763 2984 3845 οὐδὲν

573 3894 899 3973 ἐννοοῦσι
933 3894 1097 3996 περὶ
1133 3893 1352 3971 αὐτοῦ
1389 3899 1517 3970 τοῦ
1556 3894 1890 3993 Σωτῆρος
1926 3890 2128 3988 ἡμῶν
2165 3889 2599 3993 ἀκροώμενοι
2637 3887 2985 3989 λέγοντος

233 3989 446 4104 ἓὲἒῗό.
572 4023 616 4064 “
653 4016 869 4095 Ἀλλ’
911 4018 951 4094 ὁ
1006 4015 1306 4122 πέμψας
1359 4048 1451 4113 με
1506 4010 1783 4115 ἀληθής
1839 4014 2066 4093 ε’στι.”
2130 4013 2238 4098 τίς
2292 4014 2419 4093 οῦν
2470 4013 2515 4111 ἡ
2569 4010 2977 4117 πρόφασις,

640 4249 694 4303 3.
729 4229 794 4301 δὴ
821 4230 1001 4286 Holst.
1027 4231 1108 4285 δεῖ
1133 4229 1200 4284 Β.
1226 4229 1287 4284 δι’
1311 4229 1415 4284 Ed.
1717 4246 1770 4294 4.
1807 4228 2004 4284 δέδωκά
2029 4251 2094 4284 σε
2118 4226 2421 4284 emendavit
2445 4246 2474 4283 ο
2500 4226 2639 4296 Cat„
2662 4235 2727 4281 ut
2750 4225 2984 4282 adnotat

565 4303 681 4372 ipse
704 4301 849 4356 Aub.
877 4302 1101 4357 δέδωκας
1126 4301 1192 4356 Β.
1222 4300 1320 4355 Ht.
1606 4313 1659 4366 5.
1698 4297 1913 4371 ἐλέγετο
1936 4298 2240 4353 emendavit
2264 4317 2293 4352 e
2319 4298 2438 4354 Cat.
2463 4310 2526 4352 ut
2550 4297 2658 4352 vid.
2686 4297 2830 4351 Aub.
2856 4297 2980 4352 ἐλέ-

565 4395 686 4444 γετε
711 4373 772 4426 τὸ
800 4372 865 4425 Β.
895 4371 993 4429 Ht.
1234 4385 1283 4443 7.
1320 4374 1519 4439 ἤκουσα
1540 4370 1791 4441 λέγοντος
1814 4369 2025 4424 inverso
2051 4368 2238 4433 ordine
2262 4386 2310 4422 a.
2537 4385 2589 4439 9.
2627 4365 2709 4439 δὲ]
2748 4374 2803 4432 «1-
2832 4390 2900 4437 με
2922 4384 2977 4423 a.

572 4443 655 4497 16.
695 4441 778 4512 ψῆ
906 4446 969 4512 τῇ
1013 4460 1061 4496 8.
1102 4443 1313 4513 ψηφοῖς
1353 4444 1415 4510 τῇ
1462 4440 1586 4511 (εἰσ)
1631 4439 1694 4495 Β.
1732 4438 1942 4509 ψήφοις
1977 4442 2089 4496 ταῖς
2129 4439 2232 4494 Ed.
2344 4442 2438 4493 τοῦ
2473 4456 2582 4494 om.
2623 4438 2685 4493 Β.
2723 4437 2888 4493 babet
2922 4455 2977 4493 a.

570 4528 652 4586 17.
726 4514 791 4582 ἂρ
854 4520 911 4577 -Ι-
941 4513 1176 4581 ἅντικρυς
1199 4530 1246 4567 a.
1503 4512 1585 4565 18.
1623 4512 1706 4564 καὶ
1730 4509 1905 4583 ἥλιον]
1943 4522 1993 4577 †
2027 4511 2111 4564 καὶ
2135 4508 2260 4580 (sic)
2291 4509 2356 4564 B.
2609 4525 2695 4580 25.
2733 4508 2788 4563 οἵ
2807 4507 2898 4581 γε]
2925 4507 2986 4564 εἴ

564 4606 625 4655 γε
702 4594 772 4639 at.
859 4584 954 4638 ιιι-1.
982 4592 1115 4638 teste
1141 4583 1286 4636 Aub.
