3238 5158
624 272 755 334 668
1232 274 1310 337 B.
1357 271 1786 338 CYRILLI
1842 271 2424 336 ALEXANDR.
2793 271 3040 357 xvii}

626 437 923 542 xpum-6⁹.
1002 438 1085 516 οὐ
1128 435 1273 540 γὰρ
1309 436 1398 516 ἂν
1434 439 1689 540 ἑτέρως
1730 470 1840 521 τις
1883 435 2037 517 ἕλοι
2083 437 2220 537 τὴν
2252 437 2534 517 τελείαν
2568 443 2706 515 τοῦ
2743 433 3046 536 Πατρὸς

626 565 925 661 γνῶσιν,
978 566 1036 638 εἶ
1098 559 1199 659 μὴ
1255 561 1755 665 συνειστρέχοι
1809 567 2193 665 προσεχῶς
2247 594 2326 640 τε
2387 562 2504 640 καὶ
2559 559 3048 660 συνημμένους

627 686 742 761 καὶ
790 683 833 782 ἦ
888 686 1050 785 περὶ
1104 692 1232 764 τοῦ
1288 682 1748 786 γεννήματος,
1804 683 2156 783 τουτέστι,
2211 692 2340 764 τοῦ
2395 688 2600 763 Υἱοῦ.
2682 682 2848 780 ἅμα
2909 680 3049 782 γάρ

624 840 731 890 τις
764 805 947 907 ἔγνω
993 808 1071 886 τί
1110 809 1271 887 ἐστι
1311 806 1677 910 Πατὴρ,ν
1630 842 1814 910 εγνω
1851 807 1940 908 δὴ
1974 806 2262 891 πάντως
2302 810 2419 887 καὶ
2455 840 2582 888 τον
2615 804 2842 887 Υἶόν.
2933 805 3053 883 ἕνα

625 938 1007 1032 τοιγαροῦν
1057 933 1174 1010 καὶ
1224 929 1515 1025 ἀληθινον
1571 931 1788 1012 εἰπὼν
1841 966 1971 1011 τον
2010 931 2304 1033 Πατέρα
2346 934 2465 1011 καὶ
2502 929 2695 1029 Θεον,
2732 930 2878 1010 οὐκ
2913 929 3051 1035 ἔξω
3071 957 3104 1016 5

623 1053 999 1132 τέθεικεν
963 1052 1236 1134 εαυτόν.
1317 1053 1419 1134 ὧν
1453 1054 1597 1157 γὰρ
1634 1056 1711 1134 ἐν
1748 1055 1942 1163 αὐτῷ
1991 1089 2108 1135 και
2155 1054 2244 1162 ἐξ
2286 1057 2507 1134 αὑτοῦ
2557 1051 2752 1134 κατὰ
2793 1051 3050 1159 φύσιν,

623 1173 965 1277 ἀληθινὸς
1019 1177 1227 1258 ἔσται
1281 1181 1397 1258 καὶ
1452 1177 1691 1273 αὐτὸς,
1733 1183 1848 1258 καὶ
1905 1177 2123 1278 μόνος
2177 1181 2252 1257 ἐν
2304 1176 2526 1285 μόνῳ·
2595 1178 2778 1280 παρ’
2834 1173 3051 1256 αὐτὸν

287 1304 371 1431 ΞΕ·
392 1319 507 1353 ¹⁰V·
565 1325 600 1368 Θ
625 1297 768 1401 γὰρ
805 1299 1041 1405 ἕτερος
1097 1303 1320 1385 οὐδεὶς
1359 1299 1545 1386 Θεός
1599 1299 2001 1397 ἀληθινος
1952 1336 2159 1382 εσται
2214 1304 2333 1382 καὶ
2384 1304 2600 1407 μόνος.
2673 1312 2721 1348 “
2753 1304 2869 1380 Οἱ
2912 1300 3049 1401 γὰρ

631 1433 678 1470 “
715 1425 864 1504 θεοὶ
916 1431 1063 1505 τῶν
1098 1427 1324 1505 ἐθνῶν
1370 1422 1769 1525 δαιμόνια·”
1849 1424 2075 1524 δούλη
2110 1423 2187 1505 δὲ
2241 1428 2358 1505 καὶ
2392 1425 2439 1524 ἡ
2481 1425 2743 1521 κτίσις,
2787 1422 2890 1523 ἣν
2931 1425 3050 1504 οὐκ

625 1543 760 1627 οἷδ’
819 1549 1012 1634 ὅπως
1067 1549 1576 1653 προσκυνοῦσί
1622 1582 1825 1647 τινες,
1860 1553 1958 1631 εἷς
2012 1544 2354 1645 ἀδόκιμόν
2394 1581 2474 1628 τε
2529 1550 2650 1627 καὶ
2708 1548 2896 1626 λίαν
2930 1550 3047 1647 ἐμ·
3075 1585 3132 1624 ιο

624 1675 825 1769 παθῆ
881 1671 1448 1776 κατασυρόμενοι
1505 1672 1825 1774 γνώμην.
1925 1679 2235 1757 πολλοῖς
2291 1673 2500 1752 οὖσιν
2558 1671 2710 1773 ἄρα
2765 1679 2929 1757 τοῖς
2981 1674 3050 1752 ἐν

550 1868 556 1874 .
624 1798 804 1900 τῷδε
845 1797 949 1903 τῷ
986 1795 1243 1904 κόσμῳ
1281 1800 1733 1893 νομισθεῖσιν
1768 1795 1857 1903 ἐξ
1891 1793 2168 1895 ἀπάτης
2203 1791 2380 1875 εἶναι
2415 1801 2620 1893 θεοῖς,
2662 1798 2791 1875 καὶ
2833 1794 3049 1893 νόθην

625 1926 945 2022 λαχοῦσι
994 1919 1128 2020 τὴν
1162 1920 1587 2020 ἐπωνυμίαν,
1625 1920 1665 1998 ὃ
1706 1917 1925 2017 μόνος
1972 1921 2090 1999 καὶ
2134 1918 2471 2018 ἀληθινὸς
2522 1919 3047 2000 ἀντανίσταται

624 2037 837 2138 Θεὸς,
879 2043 920 2120 ὁ
976 2044 1053 2122 ἐν
1088 2044 1283 2152 αὐτῷ
1337 2078 1416 2124 τε
1462 2046 1578 2124 καὶ
1628 2042 1716 2150 ἐξ
1766 2044 1983 2122 αὐτοῦ
2041 2041 2226 2122 κατὰ
2281 2042 2508 2150 φύσιν
2543 2040 2746 2141 Υἱὸς,
2798 2048 3042 2150 διῃρη-

620 2162 851 2262 μένως
903 2198 981 2244 τε
1038 2165 1189 2265 ἅμα
1238 2169 1355 2247 καὶ
1401 2173 1759 2274 συμφυῶς
1810 2167 1974 2246 καθ’
2014 2163 2314 2266 ἑνότητα
2350 2165 2699 2273 φυσικήν.
2788 2171 3038 2273 διῃρη-
3067 2197 3124 2257 ¹5

621 2286 851 2385 μένως
885 2285 1018 2387 μὲν
1052 2288 1224 2392 γάρ·
1305 2289 1424 2369 διὰ
1472 2289 1556 2370 τὸ
1601 2292 1680 2369 ἐν
1717 2288 2019 2395 ὑπάρξει
2058 2295 2379 2369 νοεῖσθαι
2414 2293 2506 2395 τῇ
2542 2291 2717 2370 καθ’
2759 2288 3042 2371 ἑαυτόν·

289 2435 422 2492 953
441 2433 526 2490 A.
563 2448 600 2489 a
626 2408 771 2495 υἱὸς
820 2410 962 2517 γάρ
997 2414 1201 2493 ἐστιν
1236 2414 1277 2493 ὁ
1313 2412 1491 2498 Υἱὸς
1527 2417 1646 2494 καὶ
1683 2414 1842 2519 οὐχὶ
1880 2412 2166 2517 Πατήρ·
2247 2417 2604 2519 συμφυῶς
2657 2412 2738 2494 δὲ
2794 2414 3042 2511 πάλιν,

624 2535 734 2617 ὅτι
783 2541 873 2644 τῇ
911 2545 1040 2619 τοῦ
1086 2536 1413 2623 τεκόντος
1450 2536 1752 2644 ὑπάρξει
1788 2534 2484 2642 συμπαρομαρτήσει
2539 2535 2629 2639 δὴ
2666 2535 2971 2625 πάντως
3003 2540 3041 2619 ὁ

622 2660 712 2768 ἐξ
742 2663 959 2743 αὐτοῦ
1009 2660 1193 2743 κατὰ
1237 2662 1493 2770 φύσιν.
1572 2661 1725 2762 ἅμα
1770 2661 1915 2765 γὰρ
1954 2659 2213 2766 Πατὴρ
2247 2663 2366 2742 καὶ
2401 2658 2604 2760 Υἱὸς,
2643 2661 2857 2765 εἴπερ
2891 2664 3047 2744 ἐστι’

623 2819 699 2866 τε
736 2789 852 2866 καὶ
888 2785 1175 2890 λέγεται
1212 2784 1332 2866 διὰ
1365 2794 1579 2867 τοῦτο
1618 2785 1897 2888 Πατὴρ,
1935 2784 2175 2885 ἐπειδὴ
2213 2793 2470 2866 νοεῖται
2506 2787 2990 2889 γεγεννηκώς.
3065 2822 3122 2862 ιο

732 2909 909 3006 Αὕτη
945 2913 1183 2991 τοίνυν
1218 2912 1365 2991 ἐστι’
1396 2917 1631 3017 φησιν
1667 2913 1702 3005 ἦ
1740 2911 1996 2996 αἰώνιος
2034 2906 2162 3019 ζωῆ
2214 2906 2326 2990 ἵνα
2372 2914 2772 3012 ymmo-ml
2821 2948 2907 2995 σε
2943 2912 3044 2994 τὶν

621 3036 802 3141 μόνον
836 3033 1126 3130 ἀληθινόν
1166 3033 1331 3116 Θεὶν
1371 3038 1495 3115 καὶ
1535 3037 1599 3116 ὃν
1635 3031 2062 3120 ἀπέστειλας
2095 3037 2336 3128 Ἰησοῦν
2371 3037 2669 3145 Χριστόν.
2735 3031 2860 3139 ἆρ’
2900 3038 3040 3117 οὖν

621 3163 768 3261 ἐρεῖ
809 3194 916 3244 τις
947 3165 1094 3239 τῶν
1130 3156 1761 3266 φιλακροαμόνων,
1796 3156 1902 3243 οἷς
1936 3156 2021 3239 τὸ
2055 3156 2158 3257 μὴ
2203 3158 2581 3262 παρέργως
2615 3165 2769 3243 τοῖς
2831 3162 3044 3244 θείοις

621 3281 983 3387 δόγμασιν
1019 3285 1293 3383 ὁμιλεῖν
1342 3284 1860 3363 ε’σπούδασται·
1912 3280 2046 3382 τὴν
2081 3287 2358 3384 γνῶσιν
2402 3277 2582 3362 εἶναι’
2618 3288 2877 3389 φαμεν
2913 3284 3042 3385 τὴν

622 3407 905 3488 αἰώνιον
940 3406 1145 3511 ζωὴν,
1181 3406 1551 3514 ἐξαρκέσει
1600 3406 1688 3484 δέ
1730 3439 1883 3485 τισι
1932 3404 2017 3485 τὸ
2052 3405 2307 3485 εἰδέναι
2357 3402 2486 3486 τὸν
2520 3403 2747 3490 ὅντως
2785 3441 2876 3487 τε
2925 3414 3040 3488 καὶ
3063 3440 3120 3497 ²5

554 3534 597 3598 b
623 3531 842 3638 φύσει
875 3533 1165 3630 ἀληθῶς
1201 3529 1376 3611 ὄντα
1412 3528 1604 3610 Θεὸν
1640 3535 1736 3614 εἷς
1773 3527 1857 3610 τὸ
1900 3537 2151 3611 πᾶσαν
2186 3528 2374 3635 ἔχειν
2408 3532 2536 3629 τῆς
2571 3530 2876 3616 ἐλπίδος
2911 3533 3040 3633 τὴν

288 3645 466 3761 ἕξω·
480 3645 535 3696 ³·
621 3652 1056 3756 ἀσφάλειαν,
1115 3651 1447 3754 δεήσεται
1496 3653 1576 3733 δὲ
1625 3660 1772 3733 τῶν
1826 3654 2094 3738 ἄλλων.
2136 3653 2470 3753 amends-3
2558 3650 2713 3734 εἶτα
2774 3663 2948 3741 πῶς
2995 3659 3038 3755 ἡ

621 3775 867 3861 πίστις
917 3781 1136 3883 χωρὶς
1183 3783 1331 3856 τῶν
1364 3777 1596 3882 ἔργων
1633 3777 1849 3882 νεκρά
1895 3780 2052 3857 ε’στι
2081 3810 2104 3875 3
2168 3776 2420 3859 πίστιν
2456 3775 2533 3858 δὲ
2571 3777 2748 3859 ὅταν
2788 3781 3037 3883 λέγω·

621 3934 773 3999 μεν,
814 3900 949 4001 τὴν
1001 3903 1242 4001 ἀληθῆ
1290 3935 1455 4005 περι
1508 3908 1637 3981 τοῦ
1694 3907 1888 3982 Θεοῦ
1941 3908 2219 4053 γνῶσιν
2283 3903 2400 3982 καὶ
2461 3904 2597 4008 οὐχ
2652 3902 2910 4007 ἔτερόν
2969 3940 3034 3986 τι

622 4025 1091 4125 σημαίνομεν·
1167 4024 1286 4105 δια
1339 4023 1483 4129 γὰρ
1531 4035 1660 4106 τοῦ
1713 4025 2075 4107 πιστεύειν
2109 4027 2155 4126 ἦ
2208 4032 2503 4129 γνῶσις·
2574 4029 2694 4106 καὶ
2746 4063 3031 4134 μαρτυ-
3059 4060 3114 4117 30

287 4150 468 4201 Enii.
485 4164 533 4217 9·
621 4147 830 4253 ρήσει
869 4151 1173 4252 λέγων’
1141 4184 1181 4229 ο
1215 4149 1596 4256 προφήτης
1638 4149 1961 4235 Ησαΐας
1995 4149 2179 4255 πρός
2212 4185 2409 4235 τινας
2459 4160 2504 4199 ‘⁶
2529 4149 2716 4231 Ἐὰν
2748 4153 2903 4257 γὰρ
2936 4154 3035 4257 μὴ

701 4379 747 4417 ι.
784 4362 849 4417 ἂν
870 4380 978 4419 om.
1004 4363 1071 4418 E.
1092 4361 1293 4418 habent
1318 4361 1461 4418 catt.
1557 4363 1763 4418 τελείαν
1784 4360 1905 4435 τοῦ]
1931 4362 2134 4418 τελείου
2156 4361 2304 4418 haud
2327 4362 2466 4417 male
2490 4361 2637 4418 cm.
2867 4381 2918 4439 7.
2954 4368 3033 4423 καὶ

622 4431 799 4504 prius]
837 4442 887 4495 4-
921 4436 952 4487 ὁ
977 4432 1081 4489 Ed.
1109 4432 1276 4489 invito
1304 4432 1371 4490 E.
1730 4452 1752 4488 1
1768 4450 1939 4489 1—20
1974 4434 2102 4489 citat
2119 4434 3032 4560 &134an

623 4512 961 4576 assumptum
986 4522 1051 4560 ex
1078 4504 1201 4575 E.p.
1545 4517 1632 4571 25.
1670 4506 1780 4561 τισὶ
1806 4506 1872 4561 Ε.
1893 4505 2005 4561 rio-t
2028 4505 2118 4559 Au
2199 4503 2299 4559 τινί
2325 4502 2532 4577 Migne.
