3238 5158
122 367 252 410 xv.
285 363 514 431 14,15.
580 345 688 410 IN
750 346 818 411 S.
867 347 1383 413 JOANNEM.
1476 348 1673 414 LIB.
1721 349 1805 413 X.
1896 347 2103 413 CAP.
2150 345 2246 410 ΙΙ.
2422 345 2552 411 579

130 510 284 611 τὴν
349 513 534 592 ἰδίαν
587 512 731 621 ἕξει
785 513 1040 618 φύσιν·
1133 520 1390 620 χρῆναι
1448 514 1592 619 γὰρ
1645 513 1839 615 οἶμαι
1892 512 2036 620 πρὸ
2103 519 2249 593 τῶν
2299 512 2553 593 ἄλλων

134 633 372 715 αὐτὸν
428 645 749 718 τοιοῦτον
805 636 981 718 εἶναι
1029 640 1438 746 φαίνεσθαι,
1486 639 1707 720 δώσει
1761 638 1904 742 γὰρ
1960 636 2120 717 τότε
2176 635 2542 740 πρεπωδέ-

135 791 419 861 στερον
468 767 616 845 τοῖς
672 763 799 840 οὐκ
840 761 1089 867 ἔχουσι
1132 760 1218 842 τὸ
1272 762 1449 843 ἴδιον
1487 761 1786 865 ἀγαθόν.
1864 759 2068 842 ἀλλὰ
2120 767 2270 844 τοῖς
2325 761 2550 861 ἁγίοις

138 885 597 971 ἀποστόλοις
634 884 679 987 ἢ
719 890 834 966 καὶ
871 894 1021 972 τοῖς
1056 886 1313 972 ἄλλοις
1348 885 1585 968 ἅπασι
1623 888 1841 993 τυχὸν
1878 894 2024 972 τοῖς
2071 885 2189 968 διὰ
2235 885 2551 968 πίστεως

40 1032 99 1094 5
142 1014 248 1094 εἰς
299 1010 557 1115 φιλίαν
604 1012 1078 1107 ἀναβαίνουσι
1132 1011 1265 1111 τὴν
1299 1010 1480 1116 πρὸς
1537 1011 1666 1092 τὸν
1707 1013 1975 1115 Κύριον
2023 1014 2224 1113 ἡμῶν
2259 1012 2551 1110 Ἰησοῦν

142 1133 504 1238 Χριστὸν,
543 1135 853 1215 ἐπακτὸν
902 1133 995 1215 ἀν
1040 1136 1146 1236 ε’ίη
1201 1140 1318 1217 καὶ
1375 1134 1611 1235 δοτὸν,
1668 1141 1763 1221 ὡς
1818 1140 1893 1216 ε’ν
1950 1137 2150 1244 τάξει
2205 1138 2414 1233 τιμῆς
2465 1130 2550 1213 τὸ

146 1258 458 1365 ἀξίωμα,
496 1258 665 1364 ἕχον
710 1259 785 1340 δὲ
840 1261 1071 1341 οὐκέτι
1130 1261 1312 1341 κατὰ
1367 1261 1494 1342 τὸν
1549 1260 1718 1341 ἰ’σον
1773 1259 2067 1363 τρόπον·
2138 1264 2205 1339 οἶ
2259 1258 2403 1362 γὰρ
2458 1264 2549 1364 τῇ
2575 1267 2620 1333 d

146 1381 335 1485 πρὸς
384 1381 602 1463 αὐτὸν
639 1383 978 1481 ὁμοιώσει
1022 1384 1206 1488 πρὸς
1252 1384 1384 1485 τὴν
1420 1390 1549 1486 τῆς
1599 1387 2001 1488 ἐλευθερίας
2046 1383 2550 1490 ἀνατρέχοντες

151 1504 398 1613 δόξαν,
439 1509 630 1615 αὐτῷ
675 1506 761 1607 δὴ
818 1508 1050 1617 τούτῳ
1101 1512 1219 1588 καὶ
1274 1507 1472 1617 μόνῳ
1527 1507 1813 1615 προσὸν
1874 1516 2201 1613 φυσικῶς
2256 1508 2548 1588 ἀποδεί-

62 1670 118 1709 ο
157 1629 378 1737 ξειαν.
458 1637 560 1739 τῷ
592 1632 737 1734 γὰρ
772 1632 954 1712 κατὰ
992 1632 1220 1740 φύσιν
1259 1636 1361 1712 ἀεὶ
1402 1632 1485 1712 τὸ
1524 1633 1708 1713 κατὰ
1742 1632 1950 1714 θέσιν
1985 1630 2500 1734 παρεικᾶζέται.

269 1755 706 1854 Σημειωτέον
743 1755 993 1859 γεμήν·
1074 1761 1216 1837 δεῖν
1252 1755 1395 1859 γὰρ
1444 1753 1640 1855 οἶμαι
1692 1756 1810 1836 διὰ
1854 1754 2122 1839 παντὸς
2162 1754 2333 1834 ἰέναι
2371 1760 2548 1834 θεω-

155 1876 471 1981 ρήματος
523 1882 884 1985 χρησίμου
928 1915 1006 1961 τε
1052 1885 1170 1968 καὶ
1219 1881 1388 1960 λίαν
1441 1881 1837 1982 ἀναγκαίαν
1873 1880 2163 1986 ἔχοντος
2210 1878 2343 1979 τὴν
2377 1875 2544 1984 ἐξή-

154 2031 400 2103 γησιν·
471 2002 582 2083 ὅτι
630 2008 757 2104 τῆς
814 2004 995 2085 κατὰ
1051 2003 1271 2105 νόμον
1309 2005 1770 2104 δικαιοσύνης
1824 2004 1870 2103 ἡ
1925 2006 2004 2083 ε’κ
2058 2005 2372 2086 πίστεως
2427 2003 2554 2099 τῆς

156 2131 252 2209 εἰς
287 2125 618 2231 Χριστὸν
656 2127 1121 2236 ἀρχαιοτέραν
1158 2130 1298 2235 ἕχει
1357 2127 1488 2229 τὴν
1537 2127 1919 2236 ἀνάδειξιν,
1970 2128 2088 2208 καὶ
2141 2125 2324 2231 πρὸς
2377 2123 2548 2205 τού·-

33 2271 117 2342 ὲ5
155 2282 321 2347 τοις,
360 2248 471 2330 ὅτι
507 2258 655 2336 τοῖς
696 2253 1123 2334 πιστεύουσι
1174 2257 1291 2334 καὶ
1338 2253 1779 2334 ὑπακούουσι
1825 2256 1928 2359 τῷ
1963 2255 2289 2358 Χριστῷ,
2329 2251 2374 2350 ἡ
2409 2255 2555 2330 τῶν

156 2374 361 2454 θείων
426 2379 842 2479 μυστηρίων
907 2377 1487 2459 ἀποκαλύπτεται
1548 2382 1844 2478 γνῶσις,
1901 2378 2019 2455 καὶ
2075 2374 2118 2474 ἦ
2172 2382 2302 2454 τοῦ
2360 2379 2554 2454 Θεοῦ
2577 2405 2613 2449 e

155 2502 270 2578 καὶ
328 2496 620 2603 Πατρὸς
686 2500 1136 2604 ἑρμηνεύεται
1197 2498 1436 2599 βουλὴ
1503 2498 1704 2603 παρὰ
1761 2508 1891 2581 τοῦ
1956 2495 2223 2597 ταύτην
2287 2494 2555 2581 εἰδότος

155 2628 356 2703 Υὶοῦ·
417 2632 567 2710 τοῖς
605 2622 682 2705 δὲ
714 2624 1206 2724 ἀπειθήσασιν
1243 2623 1492 2705 οὐκέτι.

273 2751 412 2827 Καὶ
471 2748 642 2854 φέρε
703 2747 928 2829 πάλιν
994 2748 1169 2829 αὐτὸ
1234 2748 1350 2829 διὰ
1410 2754 1537 2849 τῆς
1596 2746 2080 2829 θεοπνεύστου
2134 2746 2559 2845 δεικνύωμεν

31 2916 120 2957 20
156 2875 464 2975 γραφῆς,
497 2874 713 2975 ὀλίγα
751 2874 1126 2978 χρησίμως
1164 2872 1818 2978 ἀδολεσχήσαντες.
1879 2872 2283 2975 γέγραπται
2321 2871 2557 2951 τοίνυν

154 3000 233 3077 ἐν
291 2998 538 3104 βίβλῳ
602 2998 999 3094 Μωυσέως,
1075 2996 1185 3077 ὅτι
1254 2998 1682 3078 πεπίστευκε
1756 2996 1888 3098 μὲν
1963 3008 2007 3045 “
2034 2992 2379 3099 Ἀβραὰμ
2452 2999 2555 3103 τῷ

157 3132 201 3170 “
239 3123 463 3227 Θεῲ,”
525 3120 724 3220 πλὴν
762 3120 805 3220 ἡ
842 3122 1089 3205 πίστις
1134 3123 1326 3228 αὐτῷ
1382 3120 1812 3223 λελόγισται
1871 3132 1915 3169 “
1943 3126 2038 3204 εἷς
2074 3118 2554 3219 δικαιοσύνην,

153 3256 199 3293 “
237 3249 350 3324 καὶ
404 3245 622 3352 φίλος
679 3250 872 3325 Θεοῦ
928 3244 1263 3345 ἐκλήθη.”
1346 3248 1461 3325 καὶ
1514 3247 1623 3330 τίς
1661 3247 1701 3325 ὁ
1740 3249 1867 3344 τῆς
1911 3245 2222 3327 πίστεως
2268 3241 2553 3347 τρόπος,

154 3367 200 3469 ἢ
239 3376 390 3453 πῶς
426 3368 567 3473 ἄρα
618 3370 836 3475 φίλος
887 3367 1157 3470 ἐκλήθη
1197 3375 1389 3450 Θεοῦ
1423 3402 1442 3466 ;
1507 3370 1816 3471 ἤκουσεν
1874 3365 2252 3475 ’(Ἔξελθε
2295 3369 2372 3446 ἐκ
2427 3370 2553 3466 τῆς
2575 3397 2612 3439 a

31 3524 116 3586 25
155 3502 199 3539 “
235 3497 369 3594 γῆς
418 3527 560 3573 σου
597 3497 713 3573 καὶ
750 3496 828 3573 ἐκ
872 3497 999 3594 τῆς
1037 3493 1457 3596 συγγενείας
1508 3527 1669 3591 σου,
1709 3496 1825 3572 καὶ
1864 3495 2066 3594 δεῦρο
2102 3497 2198 3576 εἷς
2245 3488 2377 3590 τὴν
2414 3494 2556 3592 γῆν

155 3626 200 3663 “
234 3616 323 3716 ἣν
360 3618 450 3696 ἄν
487 3652 609 3698 σοι
647 3616 922 3725 δείξω.”
997 3616 1197 3697 ἀλλὰ
1234 3621 1351 3697 καὶ
1397 3615 1513 3697 ὅτε
1572 3614 1699 3697 τὸν
1754 3621 2107 3718 μονογενῆ
2156 3617 2554 3719 προσετοίτ-

153 3776 313 3821 τετο
369 3741 560 3822 θύειν
616 3750 710 3827 εἰς
766 3742 994 3824 τύπον
1039 3748 1392 3845 Χριστοῦ,
1431 3741 1558 3822 τὸν
1594 3744 1671 3822 ἐν
1707 3747 1811 3848 τῷ
1859 3746 2025 3848 Θεῷ
2081 3739 2560 3842 κεκρυμμένον

155 3865 568 3946 ἐδιδάσκετο
617 3867 918 3946 σκοπόν·
1002 3869 1117 3946 καὶ
1170 3875 1346 3969 γοῦν
1385 3867 1425 3945 ὁ
1469 3864 1726 3969 Σωτὴρ
1764 3865 1904 3973 ἔφη
1960 3867 2122 3967 περὶ
2159 3865 2376 3943 αὑτοῦ
2411 3868 2559 3945 τοῖς

154 3990 476 4074 ἀνοσίοις
527 3990 894 4074 Ἰουδαίοις
965 3997 1424 4092 προσλαλῶν
1489 4001 1532 4038 “
1567 3987 1912 4094 Ἀβραὰμ
1970 3991 2012 4069 ὃ
2065 3986 2305 4089 πατὴρ
2361 3989 2559 4085 ὑμῶν

31 4128 122 4208 '30
156 4123 199 4160 “
236 4111 750 4215 ἠγαλλιάσατο
794 4114 907 4193 ἵνα
968 4114 1082 4219 ἴδῃ
1135 4112 1268 4213 τὴν
1304 4112 1575 4214 ἡμέραν
1630 4110 1762 4211 τὴν
1819 4109 2018 4212 ἐμὴν,
2073 4116 2192 4191 καὶ
2247 4107 2383 4191 εἶδε
2440 4112 2559 4189 καὶ

150 4247 197 4287 “
236 4234 522 4341 ἐχάρη.”
629 4237 882 4316 οὐκοῦν
959 4238 1042 4316 δι’
1112 4239 1423 4336 ὑπακοῆς
1501 4239 1619 4315 καὶ
1701 4235 1957 4321 θυσίας
2042 4237 2082 4315 ὁ
2168 4235 2556 4317 θεσπέσιος

145 4358 498 4462 Ἀβραὰμ
554 4360 775 4465 φίλος
820 4359 1091 4462 ἐκλήθη
1131 4365 1343 4458 Θεοῦ,
1389 4362 1504 4439 καὶ
1560 4356 1646 4439 τὸ
1702 4363 1831 4459 τῆς
1888 4357 2343 4459 δικαιοσύνης
2397 4361 2553 4437 ἀνε-
2577 4376 2622 4442 b

227 4605 422 4660 31—p.
452 4590 576 4661 580,
610 4608 656 4645 1.
696 4589 948 4646 ὁ--θείων
971 4607 1079 4645 om.
1112 4589 1177 4644 Ε.
1515 4605 1602 4661 3².
1642 4589 1930 4660 ἀνεδήσατο
1954 4588 2255 4646 emendavit
2280 4588 2483 4660 Migue.

1267 4694 1312 4756 4
1342 4692 1380 4736 E
1414 4691 1450 4737 2

2643 2998 2771 3051 Gen.
2794 3018 2876 3050 xv.

2644 3064 2677 3114 6

2644 3102 2697 3198 S..
2717 3149 2832 3199 διο.

2642 3213 2696 3263 ii.
2727 3228 2802 3278 ²3·

2650 3385 2793 3440 890
2812 3383 2890 3438 Δ..

2643 3458 2774 3575 (tlon.
2802 3459 2889 3509 xii.
