3238 5158
630 332 759 395 ⁷00
1237 330 1317 394 Β.
1364 329 1786 395 CYRILLI
1845 329 2440 396 ALEXANDR.
2621 327 2783 391 xvii.
2816 345 2918 403 12,
2953 344 3052 413 ¹:1-

633 494 990 601 συνουσίᾳ
1023 502 1152 575 τοῦ
1187 494 1567 579 ε’νωθέντος
1612 496 1795 599 αὐτῇ
1826 492 2091 597 Λόγου,
2127 492 2310 596 πρὸς
2346 493 2483 594 τὴν
2520 494 2748 577 αὑτοῦ
2783 487 3056 594 τρόπον

303 650 439 709 974
462 648 537 706 Δ.
575 663 612 704 a
634 618 794 700 τινὰ
839 617 1176 769 φυσικὴνῆ
1204 621 1692 719 μεθισταμένη
1741 618 2065 719 δύναμιν,
2104 619 2468 722 σωτηρίας
2519 615 2888 722 πρόξενος
2941 617 3056 694 καὶ

636 747 1003 846 ἀγιασμοῦ
1056 750 1205 827 τοῖς
1260 743 1479 842 αὐτῆς
1531 776 1918 848 μετεχουσι
1970 743 2317 846 γίγνεται.
2407 740 2491 823 τὸ
2557 739 2876 840 σύμπαν
2936 739 3060 819 οὖν

636 867 778 971 ἄρα
813 871 940 965 τῆς
982 867 1331 968 ἐνεργείας
1372 870 1500 967 τῆς
1538 873 1980 971 θεοπρεποῦς
2014 867 2174 972 οὐχὶ
2208 864 2297 966 δὴ
2331 863 2625 949 πάντως
2664 865 2857 970 αὐτῇ
2893 860 3056 944 καθ’

635 989 891 1090 ἑαυτὴν
925 989 1387 1092 ἀναθήσομεν
1421 997 1513 1096 τῇ
1548 992 1792 1094 σαρκὶ,
1828 991 2422 1095 πρεπωδέστερον
2457 991 2547 1069 δέ
2574 1021 2648 1069 τι
2689 994 3051 1095 φρονοῦν·
3081 1014 3114 1071 5

637 1149 753 1200 τες
807 1116 899 1220 τῇ
953 1115 1109 1221 θείᾳ
1150 1123 1282 1195 τοῦ
1322 1113 1568 1218 Λόγου
1616 1114 1912 1213 δυνάμει
1964 1113 2577 1222 προσγράψομεν.
2649 1112 2740 1194 τὸ
2799 1112 2952 1215 γὰρ
3005 1114 3062 1193 ἔτ

636 1247 732 1347 τῷ
794 1240 1063 1344 ὀνόματι
1128 1248 1257 1319 τοῦ
1315 1236 1605 1344 Πατρος
1666 1244 2012 1349 τηρεῖσθαι
2073 1236 2234 1323 τοῦς
2291 1234 2652 1338 μαθητὰς,
2723 1232 2845 1339 αρ’
2905 1238 3060 1341 οῦχὶ

635 1359 849 1442 τοῦτό
905 1365 1064 1443 ἐστι
1119 1366 1235 1442 καὶ
1280 1362 1520 1466 ἕτερον
1573 1360 1822 1442 οὐδέν·
1800 1423 1825 1461 ,
1910 1368 2104 1443 Θεοῦ
2157 1360 2304 1465 γὰρ
2358 1361 2541 1468 δόξῃ
2593 1360 3058 1464 τετήρηνται.

641 1485 962 1590 ἀφιστὰς
1014 1494 1399 1589 τοιγαροῦν
1451 1491 1582 1588 τῆς
1637 1493 1784 1567 τῶν
1836 1492 2181 1587 μαθητῶν
2235 1489 2547 1571 διανοίας
2600 1483 2737 1565 τὸν
2795 1488 2881 1565 ἐκ
2933 1492 3061 1565 τοῦ

574 1622 617 1688 b
643 1612 873 1689 δοκεῖν
909 1608 1543 1709 ἀπολιμπάνεσθαι
1594 1607 1856 1716 φόβον,
1893 1608 2069 1691 αὐτὸ
2123 1608 2241 1690 διὰ
2289 1617 2437 1691 τῶν
2470 1610 2714 1690 αὐτῶν
2750 1611 3060 1689 ἀνακυκ-
3088 1643 3154 1684 ιο

643 1731 884 1835 λήσας
937 1733 1295 1819 πολλάκις
1349 1740 1602 1815 πᾶσαν
1641 1736 1879 1819 αὐτοῖς
1933 1734 2232 1814 ἔσεσθαι
2275 1732 2408 1834 τὴν
2443 1733 2898 1841 ἀσφάλειαν,
2935 1733 3062 1812 οὐκ

645 1859 724 1939 ἐκ
761 1865 891 1937 τοῦ
927 1859 1479 1939 συνδιαιτᾶσθαι
1514 1865 1946 1958 σωματικῶς
1980 1864 2085 1965 τῷ
2122 1857 2544 1966 διδασκάλῳ
2583 1862 2849 1964 φησὶν,
2887 1860 3042 1937 ἀλλ

644 1982 929 2085 ἐπείπερ
988 1979 1278 2077 μᾶλλόν
1336 1985 1500 2063 ε’στι
1556 1982 1742 2062 κατὰ
1806 1981 2037 2090 φύσιν
2100 1980 2310 2067 Θεός.
2407 1981 2926 2082 ἀκατάληκτον
2987 1981 3062 2061 δὲ

648 2108 875 2204 δῆλον
952 2107 1064 2185 ὅτι
1137 2104 1272 2205 τὴν
1344 2108 1457 2213 ἐφ’
1527 2104 1806 2188 ἅπασιν
1875 2107 2061 2212 ἔχων
2118 2107 2459 2214 ἐξουσίαν
2530 2109 2650 2187 καὶ
2722 2105 3056 2202 δύναμιν·

648 2230 732 2309 οὐ
790 2227 932 2330 γὰρ
994 2229 1084 2306 ἀν
1147 2231 1584 2329 ἀλλοιωθείη
1647 2233 1765 2311 καὶ
1828 2229 2285 2329 μετάστασίν
2348 2265 2509 2311 τινα
2572 2229 2804 2325 λάβοι
2876 2228 3062 2334 πρὸς
3088 2258 3151 2318 ¹5

650 2352 826 2454 ὅπερ
861 2353 989 2433 οὐκ
1024 2349 1115 2451 ἦν
1150 2352 1236 2432 τὸ
1282 2353 1631 2439 ὡσαύτως
1667 2355 1837 2461 ἕχον
1871 2357 2001 2453 ἀεὶ,
2040 2354 2375 2461 διασώσῃ
2411 2352 2487 2434 δὲ
2534 2350 2764 2434 πάλιν
2801 2350 3060 2437 αὐτοὺς

649 2474 854 2558 οὐδὲν
889 2476 1190 2577 ἥττον’
1146 2511 1436 2576 ακονιτι,
1473 2512 1590 2558 και
1638 2477 1910 2562 παντὸς
1955 2487 2087 2560 τοῦ
2134 2480 2726 2582 προσπίπτοντος
2781 2478 3056 2587 ἐξελεῖ-

650 2636 768 2682 ται
815 2611 1056 2684 κακοῦ.
1133 2601 1460 2683 κατανόει
1504 2602 1580 2683 δὲ
1628 2601 1858 2684 πάλιν
1907 2599 2042 2704 τὴν
2079 2604 2649 2707 ἐγκεκρυμμενην
2692 2609 2804 2710 τῷ
2854 2602 3059 2711 λόγῳ

592 2761 629 2807 ο
651 2725 1016 2878 πρόνοιαν,
1081 2730 1175 2810 εἶς
1246 2760 1501 2825 ονησιν
1562 2725 1907 2831 ἡμετέραν
1972 2732 2094 2808 καὶ
2158 2727 2565 2827 οἰκοδομήν.
2663 2727 3062 2833 ἐξαιτήσης

650 2850 792 2954 γὰρ
843 2847 1091 2998 ὥσπερ
1124 2848 1323 2953 παρὰ
1372 2858 1503 2931 τοῦ
1540 2856 1732 2931 Θεοῦ
1769 2886 1885 2931 και
1928 2851 2221 2955 Πατρος
2274 2852 2608 2953 γενέσθαι
2653 2850 2792 2952 τὴν
2842 2851 3060 3000 τήρη-
3088 2881 3156 2920 20

649 3008 799 3065 σιν,
851 2971 984 3074 τὴν
1035 2979 1133 3056 εἰς
1186 3007 1353 3059 τους
1408 2974 1655 3077 ἁγίους
1712 2975 1786 3055 δὲ
1842 2973 2179 3076 δηλόνοτι
2215 2979 2402 3082 φημὶ
2458 2972 2811 3075 μαθητὰς,
2847 2975 3064 3060 αὐτὸς

650 3096 787 3198 ἤδη
823 3096 1260 3203 πεπραχέναι
1309 3133 1394 3178 το
1437 3098 1721 3179 τοιοῦτό
1758 3107 2013 3204 φησιν,
2054 3103 2401 3198 ἶσοσθενῆ
2438 3135 2517 3180 τε
2555 3101 2671 3179 καὶ
2711 3098 3066 3202 ἶσουργὸν

653 3228 756 3331 τῷ
789 3222 940 3303 ιδιω
965 3220 1336 3326 γεννήτορι
1374 3220 1717 3308 δεικνὺς
1682 3222 1954 3321 εαυτὸν,
1983 3231 2278 3322 μᾶλλον
2311 3223 2455 3303 δὲ
2420 3258 2672 3305 εαυτον
2710 3257 2894 3303 οντα
2931 3222 3064 3324 τὴν

653 3346 1141 3429 ἐνυπόστατον
1189 3356 1319 3427 τοῦ
1369 3345 1857 3448 γεννήσαντος
1908 3346 2228 3448 δύναμιν.
2297 3344 2356 3457 ᾧ
2407 3347 2553 3451 γὰρ
2597 3344 2689 3427 ἂν
2726 3347 3060 3454 φαίνοιτο

652 3468 939 3575 προσὸν
990 3467 1076 3551 τὸ
1133 3469 1361 3551 ταύτὰ
1413 3469 1772 3552 δύνασθαι
1826 3477 1929 3579 τῷ
1982 3507 2067 3575 γε
2115 3472 2269 3553 ὄντι
2323 3474 2440 3552 καὶ
2497 3472 3060 3580 ὁμολογουμένη)
3085 3494 3148 3554 ²⁵

655 3593 840 3674 κατὰ
866 3592 1095 3699 φύσιν
1123 3599 1307 3702 Θεῷ,
1332 3600 1487 3678 πῶς
1524 3597 1653 3674 οὐκ
1678 3594 1767 3674 ἂν
1792 3594 2029 3697 πάντη
2057 3630 2133 3676 τε
2171 3601 2289 3678 καὶ
2324 3594 2613 3681 πάντως
2648 3594 3058 3702 ἐνυπάρχον

659 3724 908 3817 νοοῖτο,
948 3719 1063 3798 καὶ
1111 3716 1195 3798 τὸ
1244 3719 1409 3798 ἰ’σον
1454 3720 1529 3800 ἐν
1563 3718 1862 3827 ἐξουσίᾳ
1907 3723 2023 3801 καὶ
2061 3722 2105 3821 ἡ
2138 3720 2323 3803 κατά
2375 3722 2605 3830 φύσιν
2652 3721 3056 3822 ‘mm-dmm

591 3865 637 3932 d
660 3844 776 3922 καὶ
824 3844 864 3922 ὁ
903 3839 1230 3945 τηρήσας
1286 3846 1382 3927 ὡς
1420 3841 1608 3929 Θεὸς
1665 3845 1726 3924 ἐν
1783 3848 2053 3950 ὀνόματι
2089 3850 2304 3944 Θεοῦ,
2355 3844 2785 3950 πρέπουσάν
2841 3880 2922 3927 τε
2973 3851 3060 3951 τῇ

658 3966 919 4067 κλήσει
974 3967 1106 4069 τὴν
1142 3970 1217 4047 ἐκ
1273 3973 1418 4047 τῶν
1453 3969 2033 4071 κατωρθωμένων
2067 3976 2476 4073 θεοπρεπῶς
2513 3969 3060 4069 ἀναδησάμενος

660 4091 901 4199 δόξαν,
942 4092 1125 4174 κατά
1172 4090 1329 4172 τίνα
1376 4092 1647 4195 τρόπον
1678 4091 2013 4200 ἕκφυλος,
2052 4095 2275 4196 ἤγουν
2319 4091 2730 4201 ἑτεροφυὴς,
2764 4102 3058 4192 μᾶλλον
3081 4130 3142 4190 3⁰

660 4216 736 4298 δὲ
782 4220 910 4299 οὐκ
963 4215 1382 4322 αὐτόχρημα
1417 4216 1875 4323 δειχθήσεται
1923 4217 2122 4299 τοῦθ’
2163 4216 2340 4322 ὅπερ
2382 4220 2541 4298 ἐστὶ
2590 4217 2780 4298 κατὰ
2834 4220 3061 4326 φύσιν

729 4515 782 4570 3.
821 4499 974 4567 αὐτῆς
998 4499 1045 4554 Ε
1050 4500 1159 4625 1{ex
1185 4516 1320 4555 corr.
1346 4517 1513 4555 manu
1548 4501 1762 4571 prima).
1789 4500 1848 4557 F.
1882 4500 1984 4557 Ed.
2011 4519 2122 4575 mg.
2146 4501 2317 4559 αὐτοῖς
2343 4500 2390 4556 E
2418 4501 2593 4573 (prius
2618 4500 2934 4574 scriptum).
2961 4502 3058 4560 Ed

666 4571 748 4624 16.
786 4571 1022 4638 διασώσῃ
1141 4570 1392 4626 διασώσει
1418 4570 1521 4626 Ed.
