3238 5158
208 327 340 393 xiv.
371 330 474 397 28.
603 331 720 397 IN
781 334 847 399 S.
898 332 1412 398 JOANNEM.
1504 332 1699 396 LIB.
1747 332 1829 397 X.
1923 329 2124 396 CAP.
2172 331 2229 395 Ι.
2496 325 2623 391 515

208 527 427 592 μενον
462 493 672 600 ἔχειν·
743 498 913 577 ἀλλ’
955 498 1040 577 οὐ
1091 494 1393 602 σφόδρα
1440 497 1806 600 χρήσιμον
1842 498 2037 603 αὐτῷ
2088 494 2507 599 διεφαίνετο,
2546 494 2624 572 ἐν
2647 526 2684 569 ο

207 626 508 720 μακροῖς
572 621 760 701 οὕτω
825 621 1110 726 χρόνοις
1176 622 1708 727 ἐμφιλοχωρεῖν
1767 625 1890 726 τῷἼ
1933 623 2061 718 τῆς
2125 618 2623 701 ταπεινώσεως

208 739 537 847 σχήματι
599 744 1122 850 παραδεχθέντι
1194 744 1570 849 χρησίμως
1646 741 1762 823 διά
1825 740 1956 843 τὴν
2022 750 2119 827 εἷς
2181 743 2367 841 ἡμᾶς
2432 739 2615 843 ἀγά-

207 899 458 966 πησιν,
498 866 821 974 καθάπερ
858 869 996 970 ἤδη
1033 874 1488 972 προείπομεν.
1568 867 1705 948 ε”δει
1741 866 1882 971 γὰρ
1928 874 2243 965 μᾶλλον,
2281 870 2409 965 τῆς
2455 867 2618 946 καθ’

138 1010 181 1071 5
210 990 398 1089 ἡμᾶς
433 994 835 1092 οἰκονομίας
873 992 1291 1077 ἀκολούθως
1340 992 1477 1094 ἤδη
1530 993 2100 1095 πεπερασμένης,
2138 997 2233 1075 εἰς
2270 988 2401 1090 τὴν
2440 990 2624 1070 ἰδίαν

209 1115 699 1220 ἀναφοιτῆσαι
736 1114 961 1225 δόξαν
995 1116 1236 1215 αὐτὸν,
1273 1120 1393 1197 καὶ
1440 1115 1624 1217 μετά
1676 1120 1804 1216 τῆς
1856 1114 1943 1196 δι’
1982 1117 2165 1213 ἡμᾶς
2213 1115 2625 1219 ληφθείσης

208 1235 486 1342 σαρκὸς
519 1244 1036 1345 παλινδρομεῖν
1074 1247 1171 1326 εἷς
1208 1241 1516 1343 ἰσότητα
1550 1239 1683 1341 τὴν
1718 1237 1902 1344 πρὸς
1932 1238 2123 1320 Θεὸν
2151 1241 2267 1319 καὶ
2307 1235 2624 1340 Πατέρα,

208 1360 303 1461 ἢν
363 1364 500 1470 οὐχ
569 1366 956 1469 ἁρπαγμὸν
1019 1365 1507 1469 ἡγησάμενος·
1586 1366 1759 1473 ἐξῆν
1825 1363 1968 1468 γὰρ
2043 1363 2226 1468 ἔχειν
2286 1367 2382 1447 ὡς
2447 1361 2627 1442 ἴδιον

210 1488 515 1588 ἀγαθόν·
577 1495 672 1575 εἶς
710 1490 1168 1596 ἀνθρωπίνην
1208 1491 1703 1590 καταβέβηκεν
1740 1489 2058 1596 ἀδοξίαν.
2135 1488 2265 1572 ’ἕως
2314 1487 2443 1586 μὲν
2480 1486 2622 1591 γὰρ
2648 1502 2692 1566 d

6 1705 7 1720 χ
96 1646 185 1687 10
212 1607 304 1709 ἦν
339 1614 453 1692 ἐπὶ
502 1618 631 1714 τῆς
678 1619 815 1718 γῆς
863 1615 987 1714 ἔτι,
1026 1615 1255 1696 καίτοι
1295 1614 1480 1700 Θεὸς
1530 1614 1875 1720 ὑπάρχων
1920 1611 2262 1713 ἀληθινὸς
2309 1616 2428 1692 καὶ
2478 1619 2626 1694 τῶν

6 1733 7 1740 ¹
214 1733 412 1815 ὅλων
479 1740 764 1844 Κύριος,
830 1738 1116 1825 οὐδενὸς
1188 1740 1495 1840 ἀμείνων
1566 1745 1715 1819 τῶν
1777 1740 1942 1819 καθ’
2011 1738 2198 1838 ἡμᾶς
2268 1737 2627 1841 ἐλογίζετο

211 1860 417 1962 παρά
466 1896 552 1964 γε
602 1872 751 1948 τοῖς
801 1866 929 1945 οὐκ
980 1862 1208 1944 εἰδόσι
1257 1862 1390 1964 τὴν
1426 1861 1653 1970 δόξαν
1689 1864 1935 1942 αὐτοῦ.
2023 1865 2141 1941 καὶ
2197 1869 2375 1962 γοῦν
2410 1864 2619 1967 ε’ῤῥα-

209 1987 466 2088 πίσθη,
528 1991 645 2068 καὶ
710 1986 1137 2089 ἐνεπτύσθη,
1200 1992 1318 2068 καὶ
1381 1987 1829 2089 ἐσταυρώθη,
1893 1988 2012 2066 καὶ
2077 1990 2204 2085 τῆς
2263 1984 2628 2066 Ἰουδαίων

209 2109 681 2214 ἀνοσιότητος
742 2111 1020 2212 ὑπέστη
1085 2112 1213 2192 τὸν
1270 2113 1561 2215 γέλωτα
1614 2109 2149 2211 τολμησάντων
2204 2116 2424 2191 εἰπεῖν
2463 2122 2507 2159 “
2535 2115 2627 2189 Εἰ
2715 2106 2966 2237 ξὶξζᾙ

98 2262 183 2324 15
212 2244 257 2283 “
295 2233 443 2320 υἱὸς
506 2234 573 2317 εἶ
631 2245 759 2317 τοῦ
829 2242 1042 2334 Θεοῦ,
1104 2232 1461 2334 κατάβηθι
1519 2244 1648 2315 νῦν
1709 2233 1853 2315 ἀπὸ
1918 2244 2045 2314 τοῦ
2105 2243 2446 2339 σταυροῦ,
2507 2236 2626 2313 καὶ
2715 2240 2777 2289 cs·
2800 2254 2881 2303 4²·

212 2360 787 2463 “πιστευ’σομε’ν
823 2363 993 2442 σοι.’
997 2359 1319 2513 ’ἐπειδὴ
1372 2358 1447 2440 δε
1498 2393 1581 2439 το
1636 2357 1800 2439 καθ’
1841 2358 2025 2458 ἡμᾶς
2077 2358 2627 2462 ἀποπληρώσας

212 2486 636 2589 μυστήριον,
693 2521 878 2591 προς
932 2520 1060 2566 τον
1115 2489 1190 2565 ἐν
1244 2491 1394 2569 τοῖς
1451 2486 1775 2589 οὐρανοῖς
1831 2483 2274 2588 ἀνεκομίζετο
2333 2482 2625 2587 Πατέρα

216 2615 335 2690 καὶ
373 2608 681 2710 Θεὸν,”
632 2647 758 2693 ατε
815 2611 903 2712 δὴ
959 2609 1515 2715 παρελάσαντος
1571 2607 1708 2709 ηδη
1764 2617 1894 2688 τοῦ
1946 2612 2076 2708 τῆς
2129 2602 2626 2692 ταπεινώσεως
2651 2643 2687 2686 ο

216 2732 510 2839 χρόνου,
553 2738 671 2816 καὶ
722 2735 1289 2840 πεπερασμένων
1337 2740 1484 2814 τῶν
1535 2739 1799 2835 καιρῶν
1844 2736 1972 2832 τῆς
2022 2732 2350 2812 ἑκουσίου
2400 2731 2617 2812 κενώ-

94 2892 189 2935 20
215 2892 422 2956 σεως,
485 2858 675 2944 Θεὸς
747 2859 885 2959 ἤδη
960 2866 1116 2945 ταῖς
1181 2858 1330 2938 ἅνω
1396 2855 1746 2956 δυνάμεσι
1810 2856 2231 2965 διεφαίνετο.
2333 2856 2419 2935 οὐ
2483 2854 2626 2959 γὰρ

214 2981 580 3085 ἠγνόησεν
616 2984 1096 3079 ἀναβαίνοντα
1150 2981 1280 3063 τὸν
1331 2989 1474 3061 τῶν
1521 2981 1719 3062 ὅλων
1756 2979 2150 3080 Δεσπότην
2195 2983 2236 3060 ὁ
2293 2981 2619 3084 οὐρανὸς,

213 3108 389 3188 ἀλλ’
428 3107 840 3190 ἐκελεύοντο
875 3107 1005 3207 μὲν
1041 3112 1108 3187 οἱ
1144 3114 1303 3191 ταῖς
1338 3108 1487 3186 ἄνω
1519 3105 1788 3192 πύλαις
1821 3102 2319 3214 ἐφεστηκότες,
2357 3108 2452 3189 ὡς
2497 3102 2625 3186 τὸν

211 3239 362 3312 τῶν
400 3230 767 3332 δυνάμεων
802 3232 1243 3335 προσίεσθαι
1299 3230 1592 3335 Κύριον,
1633 3231 1860 3310 καίτοι
1909 3228 2090 3330 μετὰ
2138 3227 2413 3334 σαρκὸς
2460 3234 2619 3309 ἀνι-

210 3356 603 3456 πτάμενον,
662 3356 885 3461 αἴρειν
939 3390 1016 3437 τε
1072 3354 1204 3440 τὰς
1262 3354 1504 3439 πύλας
1559 3357 1753 3463 αὐτῷ
1807 3354 2136 3435 διετύπου
2190 3354 2274 3434 τὸ
2324 3359 2623 3449 Πνεῦμα
2693 3384 2700 3391 ·

98 3501 184 3563 25
214 3484 434 3583 λε’γον
466 3492 510 3529 “
534 3479 812 3585 Ἀρατε
849 3482 1090 3565 πύλας
1127 3485 1194 3560 οἱ
1232 3479 1572 3584 ἄρχοντες
1612 3482 1831 3578 ὑμῶν,
1853 3482 1970 3559 καὶ
2006 3478 2359 3583 ἐπάρθητε
2394 3477 2622 3560 πύλαι
2714 3476 2963 3606 17)*αῶ

212 3604 586 3705 “αὶώνιοι,
626 3609 745 3685 καὶ
799 3603 1290 3685 εισελεύσεται
1346 3605 1387 3683 ὁ
1444 3602 1799 3698 βασιλευς
1852 3608 1981 3702 τῆς
2036 3603 2280 3711 δόξης·
2354 3603 2621 3704 Κύριος
2712 3626 2792 3674 Ib·
2812 3626 2859 3675 8·

213 3738 259 3778 ‘⁴
295 3764 630 3834 κραταιος
678 3733 796 3810 καὶ
849 3727 1169 3826 δυνατὸς,
1213 3727 1477 3831 Κύριος
1530 3725 1831 3813 δυνατος
1880 3730 1955 3807 ἐν
1990 3729 2311 3836 πολέμω,
2353 3725 2619 3831 Κύριος
2644 3765 2680 3804 a
2725 3746 2962 3803 844Δ.

214 3864 261 3902 “
297 3860 444 3934 τῶν
482 3853 871 3953 δυνάμεων,
910 3851 1124 3938 αὐτός
1160 3855 1363 3932 ε’στιν
1400 3851 1604 3936 ουτος
1656 3855 1697 3932 ὁ
1744 3850 2097 3948 βασιλεῦς
2149 3857 2276 3950 τῆς
2328 3851 2570 3959 δόξης.
2575 3850 2615 3879 ”
2710 3824 2791 3874 lb
2815 3836 2892 3874 ω

214 3977 552 4079 ἐγνώσθη
607 3977 751 4081 γὰρ
789 3988 833 4025 “
858 3984 1013 4062 ταῖς
1069 3981 1323 4082 ἀρχαῖς
1377 3979 1497 4057 καὶ
1552 3983 1708 4060 ταῖς
1763 3976 2125 4082 ἐξουσίαις
2174 3976 2217 4075 ἦ
2268 3977 2621 4056 πολυποί-

99 4140 188 4198 30
219 4110 263 4149 “
299 4112 504 4186 κιλος
573 4102 808 4210 σοφία
880 4110 1009 4182 τοῦ
1077 4107 1288 4198 Θεοῦ,
1357 4096 1447 4200 ἣν
1511 4102 1851 4199 ἐποίησεν
1923 4103 1998 4179 ἐν
2065 4104 2168 4206 τῷ
2236 4102 2620 4208 Χριστῷ,”

215 4224 539 4331 καθάπερ
613 4228 654 4306 ὁ
721 4225 1019 4310 Παῦλός
1092 4230 1348 4332 φησιν.
1453 4226 1958 4324 ἀνακομισθεὶς
2031 4222 2174 4327 γὰρ
2243 4221 2426 4326 πρὸς
2497 4223 2625 4303 τὸν

221 4349 538 4454 Πατέρα,
577 4350 806 4430 καίτοι
859 4346 1147 4450 μείζονα
1194 4345 1240 4449 ἢ
1293 4350 1444 4429 κατ’
1484 4346 1703 4428 αὐτὸν
1748 4350 1899 4429 κατ’
1941 4351 2161 4429 ἐκεῖνο
2209 4345 2617 4446 νοούμενον,

2713 3972 2885 4037 Eph.
2869 3970 2945 4021 ui.

2720 4052 2797 4096 10,
2819 4050 2894 4086 ιι.

1060 4578 1143 4633 16.
1181 4578 1237 4633 δὲ
1264 4588 1605 4650 assumptum
1630 4598 1694 4633 ex
1724 4579 1787 4634 E.

1330 4682 1369 4747 3
1404 4682 1441 4726 υ
1479 4682 1517 4731 2
