3238 5158
692 302 823 365 426
1302 302 1381 368 B.
1428 301 1846 369 CYRILLI
1905 302 2493 370 ALEXANDR.
2881 299 2999 365 xiv.
3020 319 3069 386 9.

624 475 669 541 b
695 466 1151 569 δημιουργὸς,
1228 464 1321 548 τὰ
1394 470 1523 548 οὐκ
1596 467 1773 549 ὅντα
1842 468 2019 550 ποτὲ
2101 475 2350 551 καλῶν
2423 473 2520 554 εἷς
2592 467 2908 572 γένεσιν,
2973 468 3070 546 καὶ

692 589 1021 693 συνέχων
1055 596 1154 674 εἶς
1198 589 1284 672 τὸ
1332 589 1511 674 εἶναι
1560 591 1654 673 τὰ
1700 591 1963 693 πάντα,
1999 594 2120 674 καὶ
2169 593 2564 698 ζωογονῶν,
2603 590 2819 676 αῦτὸς
2862 591 3071 697 σοφία

690 714 810 792 καὶ
847 714 1163 814 δύναμις,
1199 715 1520 821 χρηστὸς
1556 721 1677 797 καὶ
1712 718 2099 821 οἰκτίρμων
2131 721 2251 798 καὶ
2288 716 2631 818 ἐλεήμων.
2706 715 2980 796 τούτων
3009 712 3071 794 δὲ

689 834 774 918 τὸ
806 837 1155 941 παράπαν
1191 837 1395 920 οὐδὲν
1426 842 1502 920 ἐν
1536 843 1735 943 πυρί.
1811 843 1895 921 οὐ
1931 839 2078 945 γὰρ
2112 838 2206 923 ἀν
2243 841 2462 923 οἴοιτό
2509 875 2638 939 τις,
2676 840 2743 920 εἴ
2784 875 2876 942 γε
2923 847 3072 919 νοῦν

687 959 858 1066 ἔχοι,
895 960 1221 1067 χρηστόν
1267 967 1387 1044 καὶ
1442 964 1969 1071 φιλάνθρωπον
2010 961 2187 1047 εἶναι
2234 965 2320 1047 τὸ
2369 974 2538 1069 πῦρ,
2575 963 2739 1046 οὐδὲ
2795 967 2940 1067 ἐρεῖ
2981 986 3118 1046 τις5

687 1091 1118 1193 σωφρονῶν,
1157 1090 1252 1172 ὡς
1284 1086 1392 1186 εἴη
1427 1086 1562 1187 μὲν
1599 1090 2126 1193 δημιουργικὸν,
2166 1088 2411 1197 σοφόν
2445 1126 2523 1172 τε
2560 1093 2678 1171 καὶ
2715 1087 3071 1192 ζωογόνον.

688 1206 839 1291 εἶτα
886 1218 1042 1295 πῶς
1091 1209 1183 1291 ἄν
1218 1244 1345 1309 τις,
1382 1212 1549 1293 εἶπέ
1579 1246 1728 1312 μοι,
1764 1212 1882 1293 διὰ
1925 1211 2153 1317 πυρὸς
2203 1213 2334 1300 τὰς
2382 1216 2547 1318 περὶ
2596 1218 2723 1314 τῆς
2773 1215 3073 1312 ἀληθοῦς

687 1335 1028 1437 θεότητος
1079 1337 1350 1421 ἐννοίας
1405 1335 1883 1443 συλλέξειενς
1961 1335 2010 1436 ἢ
2064 1345 2223 1424 πῶς
2286 1335 2378 1419 ἂν
2433 1342 2512 1419 ἐν
2572 1336 2914 1445 ἐσόπτρῳ
2972 1337 3072 1416 καὶ

628 1492 665 1538 ο
687 1463 1053 1564 αἰνίγματι
1116 1458 1509 1563 θεωρήσειέ
1559 1495 1631 1540 τι
1694 1468 1842 1542 τῶν
1900 1459 2417 1567 ἐμπεφυκότων
2473 1464 2705 1567 αὐτῇ;
2796 1464 2905 1545 τίς
2963 1460 3073 1540 οὖν

688 1586 852 1688 ἄρα,
890 1588 1145 1693 φησὶν,
1183 1586 1224 1663 5
1269 1584 1513 1684 λόγος,
1551 1580 1598 1684 ἢ
1636 1586 1812 1666 ποία
1843 1584 2094 1688 γε’γονε
2131 1586 2510 1693 πρόφασις
2559 1591 2656 1669 εἷς
2706 1594 2862 1689 πῦρ
2911 1587 3065 1664 ἀνα·
3093 1612 3138 1655 10

681 1711 1039 1790 πείθουσα
1073 1708 1637 1812 χρηματίζεσθαι
1670 1706 1801 1789 τὸν
1838 1711 2031 1792 Θεὸν
2068 1712 2145 1792 ἐν
2179 1715 2285 1818 τῷ
2320 1709 2467 1814 ὄρει
2504 1715 2730 1817 Σινᾷ,
2797 1712 3069 1812 ἐροῦμεν

683 1832 794 1913 ὅτι
857 1830 1276 1937 ἀρχομένων
1335 1839 1483 1912 τῶν
1548 1833 1639 1940 ἐξ
1695 1831 2008 1938 Ἰσραὴλ
2083 1837 2238 1916 κατ’
2307 1836 2531 1915 ἐκεῖνο
2603 1833 2693 1933 δὴ
2759 1835 3069 1932 μάλιστα

681 1965 932 2060 καιροῦ
1005 1960 1134 2056 τῆς
1205 1961 1302 2042 εἷς
1376 1958 1749 2052 εὐσέβειαν
1816 1962 2334 2064 παιδαγωγίας,
2407 1962 2527 2040 καὶ
2601 1955 2859 2060 ὥσπερ
2932 1952 3069 2037 τινὰ

680 2079 950 2162 κανόνα
1001 2087 1363 2161 ποιεῖσθαι
1416 2082 1840 2181 μελλόντων
1882 2088 2011 2183 τῆς
2066 2085 2323 2170 οἰκείας
2377 2082 2557 2187 ζωῆς
2603 2078 2732 2162 τὸν
2781 2078 3059 2183 διορθῶ·

677 2213 963 2288 σασθαι
1015 2201 1388 2303 με’λλοντα
1440 2204 1681 2304 νόμον,
1748 2206 1886 2286 ἔδει
1949 2204 2109 2288 τότε
2175 2207 2264 2308 δὴ
2321 2206 2653 2306 μάλιστα
2705 2202 3064 2303 κολαστήν
3085 2236 3128 2293 ¹5

676 2365 839 2411 τινα
907 2332 1025 2411 καὶ
1086 2329 1406 2437 φοβερὸν
1463 2331 1704 2414 αὐτοῖς
1770 2331 2162 2436 φαίνεσθαι
2229 2330 2358 2411 τὸν
2414 2327 2628 2428 Θεὸν,
2682 2331 2771 2410 ἵν’
2837 2329 3061 2410 εἰδέναι

672 2452 905 2560 ἔχοιεν
939 2458 1006 2534 οἱ
1038 2455 1629 2559 παραβαίνοντες,
1670 2453 1780 2535 ὅτι
1828 2453 2009 2560 πρὸς
2057 2463 2206 2559 πῦρ
2257 2457 2298 2535 5
2348 2453 2572 2559 λόγος
2619 2454 2889 2539 αὐτοῖς.
2964 2448 3059 2532 διὰ

674 2575 821 2682 γάρ
858 2613 968 2661 τοι
1005 2589 1217 2661 τοῦτο
1255 2582 1371 2660 καὶ
1409 2581 1450 2659 5
1487 2614 1712 2683 μεγας
1754 2584 2085 2680 Μωυσῆς·
2134 2587 2284 2665 τοῖς
2333 2579 2424 2687 ἐξ
2450 2577 2766 2681 Ἰσραὴλ
2801 2611 3053 2682 προσε-

337 2702 476 2834 {⁶2-
502 2719 588 2753 ¹¹¹·
610 2710 654 2774 d
678 2704 900 2811 φώνει
948 2704 1186 2807 λέγων
1222 2715 1265 2752 “
1289 2706 1388 2784 Ο
1427 2703 1615 2788 Θεὸς
1672 2704 1875 2803 ἡμῶν
1910 2713 2058 2808 πῦρ
2106 2706 2643 2785 καταναλίσκον
2679 2706 2867 2786 ἐστί.
2870 2705 2910 2730 ”
2961 2703 3057 2782 καὶ

339 2836 494 2964 ΞΜ·
513 2835 584 2886 iv.
676 2829 762 2908 οὐ
813 2827 1045 2929 δήπου
1093 2826 1487 2934 φαίημεν
1443 2864 1533 2908 αν
1570 2828 1683 2909 ὅτι
1730 2827 1863 2930 τὴν
1895 2837 2026 2910 τοῦ
2064 2836 2256 2910 Θεοῦ
2307 2828 2538 2937 φύσιν
2575 2828 3053 2935 ἐξηγουμενος,
3075 2854 3121 2898 ²⁰

672 2955 846 3056 πυρὶ
882 2950 1299 3055 παρείκαζεν
1334 2951 1555 3053 αὐτὴν
1589 2956 1631 3033 5
1676 2955 1861 3034 οὕτω
1907 2953 2358 3060 σοφώτατος,
2398 2950 2712 3054 ὠνόμαζε
2765 2953 2847 3033 δὲ
2897 2954 3056 3031 οὕτω

672 3075 801 3158 τὸν
850 3076 1062 3176 Θεὸν,
1119 3080 1217 3162 ὡς
1269 3079 1349 3157 ἐκ
1400 3082 1692 3177 πολλῆς
1748 3078 1942 3181 ἄγαν
1993 3079 2539 3181 μισοπονηρίας,
2584 3073 2818 3180 πυρὸς
2881 3074 3057 3173 δίκην

671 3209 803 3281 τοῦ
835 3207 1248 3306 παμφαγου
1282 3205 1612 3283 δαπανᾶν
1648 3237 1727 3283 τε
1765 3204 1881 3283 καὶ
1919 3203 2342 3282 ἀναλίσκειν
2377 3203 2461 3281 οὐ
2508 3197 3056 3302 παραιτουμένου

668 3323 835 3409 τοῦς
891 3331 1522 3432 καταφρονοῦντας
1578 3327 1824 3406 αὐτοῦ.
1917 3326 2176 3406 οὐκοῦν
2217 3327 2345 3407 οὐκ
2400 3322 2588 3432 ἐξ
2533 3361 2635 3405 ων
2685 3323 2849 3406 ἔστι
2897 3318 3055 3403 κατὰ

669 3448 922 3556 φύσιν,
960 3449 1149 3534 Θεὸς
1199 3448 1315 3530 διὰ
1366 3449 1592 3555 πυρὸς
1636 3448 2078 3553 γνωρίζεται·
2138 3449 2224 3530 τὸ
2268 3447 2343 3530 δὲ
2388 3452 2617 3533 οὕτως
2654 3449 3053 3548 ὠνομάσθαι
3072 3465 3123 3526 25

667 3573 787 3651 καὶ
826 3567 1070 3677 ὦφθαι
1107 3573 1268 3653 τότε
1304 3573 1491 3677 πρὸς
1526 3572 1611 3655 τὸ
1649 3582 1798 3659 τοῖς
1835 3574 2309 3677 ἀκροωμένοις
2346 3573 2636 3680 ἐλήφθη
2672 3567 3050 3653 λυσιτελές.

611 3733 648 3776 e
668 3695 886 3793 ἴωμεν
949 3695 1038 3796 δὴ
1112 3695 1373 3776 λοιπὸν
1443 3700 1558 3778 ἐπὶ
1631 3695 1764 3799 τὴν
1838 3702 2081 3799 ἀληθῆ
2153 3703 2271 3780 καὶ
2344 3696 2880 3800 ἀκριβεστάτην
2944 3697 3052 3773 τοῦ

668 3818 965 3923 Πατρὸς
1039 3819 1360 3923 θεωρίαν,
1419 3819 1750 3902 τουτέστι
1822 3820 1952 3903 τὸν
2009 3820 2217 3903 Υἱόν.
2327 3819 2563 3902 εἰκόνα
2635 3819 2782 3924 γὰρ
2855 3817 3050 3899 αὐτὸν

663 3942 1004 4049 ὀψόμεθα
1064 3951 1195 4024 τοῦ
1258 3943 1768 4045 γεννήσαντος,
1823 3953 1973 4031 τοῖς
2028 3949 2318 4028 ἐνοῦσιν
2372 3948 2567 4054 αὐτῷ
2624 3939 3046 4040 πλεονεκτή-

659 4099 848 4166 μασι
922 4064 1051 4148 τὸν
1122 4071 1251 4167 τῆς
1324 4069 1641 4152 διανοίας
1713 4070 2193 4171 ἐνερείσαντες
2262 4068 2681 4175 ὀφθαλμόν.
2795 4063 3049 4172 ἀγαθὸς
3068 4084 3117 4145 3⁰

658 4199 1042 4293 τοιγαροῦν
1097 4193 1138 4271 5
1194 4191 1382 4276 Θεὸς
1438 4196 1555 4273 καὶ
1612 4191 1873 4297 Πατὴρ
1935 4193 2122 4274 κατὰ
2187 4193 2449 4302 φύσιν,
2514 4201 2838 4275 τοιοῦτον
2891 4189 3048 4271 ὄντα

730 4418 783 4473 5.
820 4404 933 4476 ἔχοι
958 4405 1023 4460 Ε.
1049 4404 1160 4475 ἔχει
1182 4402 1287 4458 Ed.
1803 4405 1963 4474 ματίζ
1929 4405 2110 4473 (εσθαι
2137 4404 2243 4461 Ed.
2264 4428 2302 4479 γ
2486 4405 2797 4478 ματίζεσθαι
2820 4403 2921 4461 Ed·

662 4491 747 4542 14.
784 4475 1175 4542 διορθώσασθαι
1200 4474 1265 4530 Ε.
1289 4474 1677 4544 διορθώσεσθαι
1698 4425 1874 4530 ἔρημα
1986 4476 2070 4532 16.
2106 4474 2170 4535 ἶν’
2195 4427 2499 4535 Βὲοᾜ.
2687 4493 2777 4534 21
2810 4474 2964 4543 αὔην

656 4547 812 4601 αὐτὸν
838 4546 940 4602 Ed.
1157 4563 1243 4614 24.
1278 4546 1464 4602 οὐκοῦν
1486 4554 1829 4616 assumptum
1852 4563 1920 4602 ex
1945 4546 2012 4602 E.
