3238 5158
579 321 736 385 422<
1189 318 1269 383 B.
1315 313 1739 381 CYRILLI
1797 313 2378 380 ALEXANDR.
2769 313 2913 377 xiv.
2940 331 3006 399 9.

701 483 991 584 Πλὴν’
955 490 1174 563 εκεῖνο
1210 480 1298 583 δὴ
1334 481 1564 564 πάλιν
1600 488 1753 564 τοῖς
1785 485 1913 580 τῆς
1951 480 2292 580 ἀληθείας
2339 482 2635 584 ἐροῦμεν
2672 483 3002 584 ἐχθροῖς,

586 642 653 687 οι
687 615 1041 689 πλατεῖαν
1078 607 1329 712 ἔχουσι
1365 608 1527 686 καθ’
1566 607 1771 706 ἡμῶν
1805 603 1941 705 τὴν
1977 611 2339 707 γλῶτταν,
2376 612 2685 754 μᾶλλον
2706 602 2787 683 δὲ
2834 637 2986 682 κατ

584 732 803 831 αὐτῆς
839 736 967 831 τῆς
1004 731 1254 814 οὐσίας
1291 740 1418 811 τοῦ
1460 736 1946 831 Μονογενοῦς.
2026 736 2088 810 εἰ
2127 729 2273 832 γὰρ
2314 726 2417 830 μὴ
2466 728 2557 836 ἐξ
2598 730 2819 827 αὐτῆς
2861 732 3009 826 τῆς

584 856 838 939 οὐσίας
887 862 1017 934 τοῦ
1053 861 1247 935 Θεοῦ
1290 860 1410 935 καὶ
1447 853 1743 957 Πατρός
1791 857 1996 933 ἐστιν
2031 854 2072 932 5
2108 850 2306 950 Υἱὸς,
2340 858 2699 955 γεννητῶς
2746 851 3001 954 ὑπάρ-

585 1012 738 1083 χων
792 980 994 1060 τοῦθ’
1054 978 1232 1083 ὅπερ
1288 981 1467 1075 ἐστὶ,
1525 977 1712 1062 Θεὸς
1777 975 2114 1077 δηλονότι
2169 979 2285 1056 καὶ
2340 1010 2526 1055 κατα
2583 973 2816 1081 φύσιν
2868 978 3005 1056 καὶ
3033 1001 3077 1060 5

527 1131 564 1175 0
588 1104 900 1202 ἀληθῶς,
942 1103 1186 1203 μόνοις
1245 1102 1320 1183 δὲ
1376 1110 1525 1187 τοῖς
1580 1102 1849 1209 ἔξωθεν
1899 1097 2201 1203 αγλαιζ
2161 1134 2413 1198 μενος
2466 1098 2827 1204 σχήμασι,
2872 1103 3007 1180 καὶ

587 1233 742 1310 ταῖς
807 1226 1255 1313 ἐπεισάκτοις
1328 1224 1989 1331 λελαμπρυσμένος
2062 1224 2429 1321 εὐκλείαις,
2493 1224 2578 1303 οῦ
2651 1229 3009 1329 φυσικοῖς

591 1351 1000 1454 διαπρέπων
1043 1352 1474 1460 ἀξιώμασιν,
1512 1354 1588 1430 ἐν
1638 1353 1865 1457 ἑαυτῷ
1914 1347 1992 1428 δὲ
2039 1355 2319 1455 μορφοῖ
2357 1345 2487 1428 τὸν
2527 1347 2841 1450 Πατέρα,
2875 1352 3011 1429 καὶ

590 1475 796 1557 εἰκών
852 1479 1056 1558 ἐστιν
1110 1475 1680 1580 ἀπαράλλακτος
1732 1481 1864 1554 τοῦ
1920 1478 2133 1568 Θεοῦ,
2188 1478 2480 1575 πρῶτον
2531 1471 2663 1570 μὲν
2715 1472 2847 1551 οῦκ
2904 1470 3010 1551 ἂν

591 1600 696 1702 εἴη
752 1600 936 1682 κατὰ
992 1600 1223 1708 φύσιν
1274 1596 1471 1697 was,
1527 1599 1699 1679 ἀλλ’
1758 1595 1920 1678 οὐδὲ
1984 1594 2304 1700 γε’ννημα
2365 1594 2552 1676 κατὰ
2611 1594 3000 1696 ἀλήθειαν,
3038 1628 3123 1669 10

589 1727 864 1825 ποίημα
920 1723 996 1807 δὲ
1031 1727 1213 1832 ,καθ’
1257 1726 1462 1824 ἡμᾶς,
1496 1725 1552 1825 ἤ
1592 1757 1663 1802 τι
1715 1728 1862 1802 τῶν
1907 1722 2248 1801 τοιούτων
2283 1719 2547 1825 ἕτερον·
2609 1721 2693 1800 οὗ
2746 1754 3001 1821 παρα-

592 1848 987 1954 δεχθέντος,
1045 1851 1232 1929 οὕτω
1298 1882 1375 1929 τε
1433 1847 1621 1952 ἔχειν
1672 1845 2264 1944 πεπιστευμένου,
2322 1850 2699 1928 παντελῶς
2760 1843 3008 1945 δήπου

580 1975 870 2055 κάκεῖνο
926 1969 1265 2079 φήσομεν
1320 1974 1633 2073 ἀληθῶς,
1686 1974 1782 2055 ὡς
1840 1971 1969 2050 οὐκ
2023 1966 2115 2049 ἂν
2169 1968 2274 2068 ε’ίη
2327 1967 2569 2072 πατὴρ
2631 1970 2673 2047 5
2732 1966 3008 2071 Πατὴρ

590 2096 906 2204 ἐνεργεία
955 2098 1074 2175 καὶ
1131 2094 1373 2201 φύσει,
1411 2095 1709 2195 θελήσει
1764 2091 1839 2173 δὲ
1895 2099 2187 2192 μᾶλλον
2237 2096 2354 2172 καὶ
2409 2092 2700 2192 δοκήσει
2749 2091 3006 2198 τυχὸν,

522 2231 567 2297 d
594 2218 916 2321 καθάπερ
990 2219 1117 2298 ουν
1191 2252 1309 2298 και
1381 2219 1583 2318 ἡμῶν
1658 2217 2076 2317 ὠνόμασται
2160 2216 2424 2320 πατήρ.
2540 2214 2690 2297 εἶτα
2765 2219 2844 2297 τί
2911 2214 3008 2296 τὸ
3038 2244 3118 2303 15

588 2346 957 2424 ἐντεῦθεν·
938 2405 958 2440 ,
1020 2341 1803 2445 συνομολογηθήσεται
1853 2343 1972 2421 καὶ
2023 2344 2118 2428 ὡς
2169 2343 2258 2448 ἐξ
2301 2338 2621 2443 ἀνάγκης
2669 2342 3018 2421 ανατελεῖ

591 2464 842 2571 Τριάς·
910 2468 1038 2548 οὐκ
1095 2467 1197 2548 ἕτι
1256 2466 1402 2570 γὰρ
1457 2468 1627 2566 ἡμῖν
1677 2466 1723 2566 ἡ
1777 2465 1952 2567 ἁγία
2005 2463 2421 2545 πιστεύεται
2473 2464 2655 2545 κατά
2700 2498 2863 2545 τινα
2911 2464 3009 2566 δὴ

589 2590 881 2696 τρόπον,
917 2599 1106 2697 τρεῖς
1155 2590 1233 2672 δὲ
1281 2598 1594 2692 μᾶλλον,
1635 2594 1732 2674 ὡς
1774 2593 1850 2671 ἐν
1885 2589 2244 2691 ἀλλήλοις
2295 2591 2424 2670 οὐκ
2476 2588 3013 2694 ἐνυπάρχοντος

594 2718 979 2814 οὑσιωδῶς,
1019 2715 1331 2796 ἑκάστου
1380 2750 1457 2795 τε
1507 2714 1760 2817 ὥσπερ
1809 2720 1957 2794 τῶν
2004 2712 2380 2813 ὀνομάτων
2430 2721 2524 2798 εἷς
2575 2712 2704 2794 τὸν
2747 2721 3012 2793 οἰκεῖον

594 2844 724 2939 τῆς
760 2842 940 2925 ἰδίας
977 2839 1270 2945 φύσεως
1305 2841 1849 2944 ἀναχωροῦντος
1886 2836 2134 2941 λόγον,
2171 2837 2722 2938 διακεκομμένον
2757 2872 2834 2918 τε
2874 2846 3011 2917 τοῦ
3036 2874 3111 2915 20

597 2964 837 3067 ἑτέρου
889 2969 1289 3047 παντελῶς.
1371 2962 1769 3067 ἐκβιάζεται
1818 2961 1961 3066 γάρ
2008 2997 2165 3046 πως
2214 2963 2401 3062 ἡμᾶς
2448 2962 2494 3063 ἦ
2547 2971 2675 3042 τοῦ
2724 2962 3002 3065 θεωρή-

596 3122 823 3189 ματος
888 3087 1181 3188 δύναμις
1247 3089 1364 3167 καὶ
1421 3085 1833 3192 παχύτερον
1886 3088 2049 3189 περὶ
2102 3085 2379 3166 τούτων
2431 3091 2675 3167 εἷπεῖν.
2771 3089 2891 3165 καὶ
2947 3092 3012 3165 εἰ

541 3246 577 3289 e
602 3220 811 3291 τοῦτο
847 3211 1177 3312 δώσομεν
1216 3210 1561 3317 ὑπάρχειν
1599 3207 1886 3310 ἀληθὲς,
1922 3212 2148 3294 οὕτως
2192 3244 2268 3290 τε
2314 3210 2499 3315 ἔχειν
2534 3213 2851 3314 ἐροῦμεν,
2888 3214 3013 3289 καὶ

600 3340 727 3435 τῆς
762 3337 1013 3420 οὐσίας
1047 3344 1175 3417 τοῦ
1213 3342 1404 3417 Θεοῦ
1442 3338 1560 3416 καὶ
1602 3333 1895 3437 Πατρὸς
1933 3331 2327 3438 ἀλλότριον
2360 3340 2735 3418 παντελῶς
2770 3368 3012 3436 παρα-

602 3459 951 3567 δεξόμεθα
1005 3458 1134 3541 τὸν
1168 3458 1369 3559 Yam,
1413 3466 1568 3544 πῶς
1626 3460 1709 3539 οὑ
1766 3457 2240 3563 διαψεύσεται
2299 3457 2536 3561 λέγων
2569 3458 2660 3539 ‘0
2698 3456 3011 3565 ἐωρακῶς
3039 3487 3113 3547 25

602 3582 722 3690 ἐμὲ
769 3584 1011 3693 ἑώρακε
1055 3584 1161 3666 τὶν
1200 3580 1519 3688 Πατίρας
1587 3589 1779 3664 Θεοῦ
1835 3581 1979 3685 γὰρ
2037 3581 2485 3687 ὑπάρχοντος
2540 3581 2724 3661 κατὰ
2777 3579 3016 3685 φύσιν

603 3716 731 3787 τοῦ
785 3707 1098 3813 Πατρὸς,
1134 3714 1289 3791 πῶς
1340 3707 1429 3786 ἂν
1472 3707 1641 3805 ἡμῖν
1690 3708 1730 3785 5
1773 3705 1972 3804 Υἱὸς,
2010 3706 2238 3785 καίτοι
2287 3704 2388 3805 μὴ
2440 3700 2782 3856 ὑπάρχων
2823 3702 3019 3788 Θεὸς

604 3832 790 3911 κατὰ
847 3834 1076 3938 φύσιν
1131 3866 1313 3910 κατα
1370 3828 1498 3909 τὸν
1551 3830 1836 3910 ἐκείνων
1891 3828 2140 3932 λόγον,
2200 3830 2414 3936 δείξει
2473 3831 2547 3909 ἐν
2598 3829 2828 3935 eam-cf>
2881 3827 3016 3907 τὸν

610 3955 956 4058 Πατέρα·
938 4016 958 4051 ,
1030 3961 1186 4039 πῶς
1234 3952 1379 4058 γὰρ
1430 3955 1505 4033 ἐν
1546 3959 1651 4063 τῷ
1704 3953 2037 4056 γεγονότι
2086 3951 2171 4033 τὸ
2227 3952 2327 4052 μὴ
2377 3950 2676 4055 γεγονὸς
2730 3949 3007 4054 θεωρή-

606 4108 861 4179 σομεν·
924 4080 1000 4158 ἐν
1037 4078 1111 4160 δὲ
1147 4083 1250 4185 τῷ
1284 4077 1385 4179 μὴ
1424 4113 1574 4159 οντι
1625 4075 1822 4176 ποτὲ,
1860 4073 2045 4159 κατά
2096 4112 2178 4179 γε
2228 4075 2356 4159 τὸν
2393 4084 2522 4156 τοῦ
2570 4079 3012 4175 πεποιῆσθαι
3037 4113 3115 4169 30

273 4228 505 4291 ΊΊΒΔ.
548 4243 585 4284 a
609 4199 857 4303 λόγον,
892 4208 1049 4287 πῶς
1098 4237 1189 4282 αν
1231 4237 1339 4288 τις
1388 4203 1524 4284 ἴδοι
1574 4202 1703 4284 τὸν
1749 4200 1924 4282 ὄντα
1980 4199 2099 4281 διὰ
2152 4197 2465 4285 παντός·
2445 4262 2468 4299 ,
2529 4198 2630 4300 μὴ
2686 4198 2832 4302 γάρ
2887 4234 3012 4296 μοι

686 4510 768 4549 10.
794 4495 920 4550 κατὰ
942 4497 1033 4551 alt.
1051 4495 1116 4550 E.
1143 4494 1248 4550 κατ’
1276 4494 1379 4549 Ed.
1488 4494 1569 4549 18.
1597 4493 1981 4565 ἐνυπάρχοντος
2007 4491 2070 4547 Ε.
2182 4506 2267 4545 20.
2293 4491 2458 4560 λόγον
2481 4494 2823 4558 assumptum
2849 4500 2913 4539 ex
2940 4482 3007 4538 Ε.

612 4579 807 4637 25-27.
841 4566 893 4621 A
917 4571 1026 4624 πῶς
1049 4564 1117 4623 ad
1140 4571 1249 4623 πῶς
1273 4565 1502 4620 transilit
1528 4563 1592 4618 E.
