3238 5158
235 372 562 442 x.11-13.
639 356 759 421 IN
820 357 887 422 S.
937 357 1451 425 JOANNEM.
1543 360 1735 424 LIB.
1767 359 1890 423 VI.
1981 358 2186 424 CAP.
2233 357 2293 422 Ι.
2512 357 2639 421 225

240 516 438 604 ὅπως
480 517 526 620 ἢ
576 524 738 602 τίνα
787 523 1060 628 τρόπον
1095 528 1390 628 ἐροῦμεν
1425 525 1963 631 ἐπιτομῶτερον.
2039 527 2115 606 ἐν
2149 523 2281 626 μὲν
2315 523 2459 628 γὰρ
2495 531 2642 608 τοῖς

238 644 727 750 ἀρχαιοτέροις
764 657 1051 754 καιροῖς,
1087 649 1312 751 μόνον
1347 648 1799 757 ἐπεγράφετο
1843 649 2162 799 βασιλέα
2207 684 2333 730 τον
2371 648 2632 729 Θεὸν
2600 682 2641 727 ο

238 768 609 875 πολύχους
672 780 820 854 τῶν
874 775 1238 856 Ἰουδαίων
1301 775 1502 875 λαὸς,
1565 777 1760 883 αὐτῷ
1822 774 1906 855 τὸ
1971 776 2387 880 δίδραχμον,
2451 773 2644 880 αὐτῷ
2733 776 2983 906 {35²2ssss-

243 894 502 979 θυσίας
540 894 791 997 ἐτέλει,
828 902 945 979 καὶ
994 934 1246 1004 ωσπερ
1296 900 1456 980 τινὰ
1506 898 1813 998 δασμὸν,
1850 897 1984 1000 τὴν
2029 903 2104 978 ἐν
2151 898 2346 1005 νόμῳ
2400 930 2642 999 προσ·
2670 905 2716 971 d

148 1033 216 1096 ·5
247 1018 604 1122 εκομίζετο
674 1026 1072 1107 πολιτείαν.
1169 1026 1341 1105 ἀλλ’
1409 1022 1636 1124 ἦλθεν
1696 1027 1803 1104 ἐπ’
1865 1023 2083 1104 αὐτὸν
2145 1021 2468 1126 καθάπερ
2540 1055 2649 1104 τις

249 1142 500 1248 ἄγριος
552 1144 767 1233 λύκος
821 1147 1227 1254 ἑτερογενὴς
1288 1149 1686 1252 ἅνθρωπος,
1734 1151 2057 1232 δουλείας
2110 1149 2371 1230 ἐπιθεὶς
2425 1141 2653 1244 ὄνομά

250 1301 330 1348 τε
365 1272 481 1349 καὶ
516 1278 842 1374 πρᾶγμα,
881 1276 998 1354 καὶ
1033 1275 1420 1370 βασιλείας
1454 1274 1906 1378 ἀνθρωπίνης
1953 1272 2383 1376 ἐπιῤῥίπτων
2419 1269 2652 1373 ζυγὸν,

250 1395 855 1500 μετακομίζεσθαί
900 1432 1056 1482 πως
1109 1395 1618 1502 ἐπαναγκάζων
1666 1403 1763 1483 εἶς
1818 1396 2119 1498 ἕκνομόν
2166 1429 2246 1477 τε
2294 1398 2414 1476 καὶ
2465 1392 2656 1495 ἀήθη

252 1516 458 1621 ζωὴν,
504 1518 774 1625 φόρους
822 1522 1144 1629 ἐξαιτῶν,
1188 1528 1317 1624 τῆς
1370 1523 1510 1604 ὑπὸ
1559 1528 1728 1631 Θεῷ
1785 1523 2171 1619 βασιλείας
2223 1522 2651 1600 ἀποσυλῶν.

141 1669 169 1710 1
182 1667 225 1708 0
252 1638 344 1743 ἦν
377 1641 521 1745 γὰρ
555 1643 644 1745 δὴ
683 1648 796 1725 καὶ
834 1646 1114 1750 ἀνάγκη
1149 1655 1298 1732 τοῖς
1335 1655 1431 1733 εἶς
1468 1656 1683 1729 τοῦτο
1718 1646 2208 1750 ταλαιπωρίας
2254 1646 2652 1750 κατεῤῥαγ-

252 1767 490 1867 μένοις
535 1777 686 1854 τοῖς
732 1778 861 1850 τοῦ
907 1780 1339 1876 κρατοῦντος
1391 1774 1696 1853 ὑπείκειν
1741 1777 2061 1868 θεσμοῖς·
2124 1769 2292 1871 ἧκεν
2335 1771 2376 1849 ὃ
2427 1772 2658 1849 ἀλλο-

255 1889 471 1995 γενὴς
536 1893 860 2000 ἀφιστὰς
926 1895 1057 1996 μὲν
1112 1895 1344 2003 ἀρχὴν
1398 1896 1532 1997 τὴν
1593 1896 1795 2001 παρὰ
1850 1901 2064 1994 Θεοῦ,
2120 1894 2474 1996 τουτέστι,
2527 1893 2660 1995 τὴν
2682 1932 2721 1977 e

260 2020 590 2121 ἱερᾶσθαι
656 2027 1041 2125 λαχοῦσαν
1103 2019 1367 2126 φυλὴν,
1426 2017 1473 2127 ᾗ
1542 2019 1627 2100 τὸ
1694 2021 1954 2126 κρίνειν
2011 2022 2130 2100 καὶ
2201 2019 2287 2100 τὸ
2363 2019 2663 2124 δικάζειν

260 2140 741 2244 ἐπετέτραπτο
793 2142 995 2248 παρὰ
1039 2149 1255 2242 Θεοῦ,
1302 2149 1701 2245 μετατιθεὶς
1754 2142 1995 2228 πάντα
2050 2146 2169 2223 καὶ
2224 2142 2662 2247 βιαζόμενος,

152 2285 230 2347 15
261 2262 516 2345 ἑαυτὸν
551 2274 700 2353 τοῖς
751 2270 1202 2368 νομίσμασιν
1240 2269 1802 2371 ἐνσημαίνεσθαι
1851 2276 2100 2368 ποιῶν,
2133 2274 2252 2349 καὶ
2297 2275 2448 2372 πᾶν
2483 2266 2667 2352 εἶδος
2748 2307 2756 2320 ’

261 2388 553 2494 ἐπάγων
605 2394 1046 2501 πλεονεξίας.
1139 2390 1323 2498 πρὸς
1377 2393 1511 2494 τὴν
1567 2397 1792 2479 οὕτως
1847 2391 2217 2502 ἀφόρητον
2274 2396 2485 2499 ὕβριν
2540 2395 2670 2473 οὐκ

260 2515 743 2621 ἠγρύπνησαν
797 2522 865 2598 οἱ
919 2518 1270 2619 ποιμένες.
1345 2515 1531 2600 εἶδον
1575 2518 1680 2600 τὶν
1723 2516 1927 2600 λύκον
1974 2516 2325 2626 ἐρχόμενον,
2367 2520 2483 2599 καὶ
2537 2515 2673 2618 τὴν

262 2641 539 2744 ἀγέλην
608 2641 912 2748 ἀφέντες
993 2641 1438 2748 ἀπέδρασαν,
1507 2645 1590 2724 οὐ
1664 2642 1808 2748 γὰρ
1878 2640 1969 2744 ἦν
2041 2645 2277 2723 αὐτῶν
2353 2640 2498 2725 ἴδιοι
2579 2641 2673 2725 re}

265 2768 618 2874 πρόβατα,
657 2767 785 2848 οὐκ
826 2765 1187 2848 ἐκάλεσαν
1222 2766 1354 2849 τὸν
1388 2770 1744 2865 ἐπαμῦναι
1788 2765 2201 2869 δυνάμενον,
2239 2768 2367 2848 τὸν
2403 2767 2671 2848 διασῶ-
2694 2807 2731 2848 a
2768 2794 2904 2848 649
2926 2790 3006 2846 A.

156 2919 240 2960 20
264 2923 506 2970 σαντα
550 2888 685 2990 μὲν
719 2893 796 2972 ἐκ
835 2893 1349 2990 Βαβυλωνίων,
1386 2891 1902 3000 ἀνατρέψαντα
1940 2892 2017 2972 δὲ
2065 2890 2192 2972 τὸν
2227 2889 2664 2996 Ἀσσύριον,

265 3013 396 3095 τὸν
443 3014 793 3096 ἀνελόντα
847 3016 966 3096 διὰ
1019 3014 1256 3123 χειρὸς
1313 3014 1639 3119 ἀγγέλου
1671 3027 1717 3064 “
1744 3014 1999 3098 ἑκατὸν
2056 3018 2174 3096 καὶ
2230 3014 2672 3120 ὀγδοήκοντα
2761 3024 2955 3138 {iffi-

267 3150 311 3187 ‘⁶
347 3138 558 3221 πέντε
628 3138 1008 3246 χιλιάδας”
1075 3148 1223 3222 τῶν
1286 3143 1739 3245 ἀλλογενῶν.
1849 3141 1961 3222 ὅτι
2036 3140 2111 3222 δὲ
2185 3141 2527 3244 ἠδίκησεν
2590 3141 2673 3220 οὗ
2765 3154 2845 3218 3⁶·

263 3270 536 3368 μικρῶς
591 3269 707 3345 καὶ
760 3264 1180 3369 παρέλυσεν
1236 3270 1334 3350 εἶς
1397 3264 1784 3363 εὐλάβειαν
1839 3263 2003 3350 τοὺς
2069 3266 2159 3373 ἐξ
2217 3263 2528 3368 Ἰσραὴλ
2588 3263 2674 3347 τὸ

265 3386 819 3495 παραδέξασθαι
874 3388 1007 3491 τὴν
1065 3392 1358 3471 ὀθνείων
1412 3390 1667 3497 ἀρχὴν,
1719 3388 1853 3491 τὴν
1899 3389 2038 3472 ὑπό
2092 3425 2177 3494 γε
2233 3396 2382 3475 τοῖς
2437 3394 2671 3471 ἀλλο-

161 3540 239 3601 25
268 3509 514 3614 γενέσι
552 3517 760 3618 φημὶ,
799 3516 916 3593 καὶ
953 3513 1041 3621 ἐξ
1071 3516 1293 3595 αὐτοῦ
1327 3514 1630 3623 μαθήσῃ
1666 3523 1795 3596 τοῦ
1830 3516 2278 3619 πράγματος.
2346 3513 2676 3594 Πιλάτου

268 3633 416 3739 γάρ
450 3670 625 3717 ποτε
661 3643 809 3723 τοῖς
830 3637 1196 3723 Ἰουδαίοις
1232 3637 1319 3720 τὸ
1354 3638 1782 3744 παράλογον
1809 3638 2343 3748 ἐξονειδίζοντος
2379 3636 2674 3742 θράσος,

272 3758 391 3840 ὅτε
447 3763 563 3840 καὶ
617 3767 1123 3866 σταυροῦσθαι
1176 3761 1637 3868 παρεκάλουν
1691 3762 1819 3845 τὸν
1877 3762 2167 3868 Κύριον,
2226 3766 2343 3843 καὶ
2397 3764 2669 3843 ἀκατα-

272 3882 658 3969 καλύπτως
703 3885 1047 3989 λε’γοντος
1084 3897 1130 3935 “
1156 3886 1314 3969 Τὸν
1347 3887 1671 3982 βασιλέα
1720 3890 1917 3988 ὑμῶν
1952 3887 2363 3991 σταυρώσω
2389 3888 2460 3985 ;”
2516 3887 2677 3969 τότε
2764 3891 2915 4007 ἓξξ
2925 3968 2971 4019 5·

423 4193 562 4285 avr?
586 4194 678 4248 alt.
684 4204 1038 4284 assumptum
1063 4214 1131 4252 ex
1151 4195 1199 4250 B
1205 4213 1270 4251 ..α
1344 4195 1541 4251 Statim
1566 4180 1920 4251 θυσίαεετελει
1940 4195 2006 4252 Β.
2032 4196 2221 4254 θυσίας
2244 4195 2477 4252 ἐπετέλει
2499 4195 2683 4251 Holot.

272 4356 332 4390 η
366 4263 867 4406 ἱείιᾚέγᾞῖἵέ.
864 4267 1517 4428 322⁰35³5332¹23⁸⁰
1537 4355 1567 4393 e
1602 4286 1723 4393 οέἷῖ
1754 4269 2239 4393 ἴίὶῗῗῗέῗὲῗέαῖιι
2262 4267 2416 4393 Aug?
2436 4267 2683 4392 εἷ’ῗζαῗ

367 4406 683 4498 ἐπερρίπτουν
707 4406 823 4462 B.a.
850 4408 936 4463 ἐπι
970 4412 1168 4479 ριπτῶν
1190 4407 1295 4464 Ed.
1457 4408 1512 4463 8.
1548 4408 1919 4480 ἀπαναγκάζων
1943 4426 1992 4463 a.
2136 4427 2190 4483 9.
2136 4409 2442 4483 ἐρξαιτῶν
2470 4407 2687 4501 [ἐξετῶν

277 4417 373 4548 ᾗ]
407 4476 472 4533 Β.
475 4494 526 4532 a.
551 4477 774 4569 ἐκζητῶν
802 4478 899 4534 Ht.
926 4430 1030 4533 fid.
1275 4496 1359 4534 11.
1395 4481 1427 4533 ὅ
1450 4488 1795 4551 assumptum
1820 4497 1886 4534 ex
1913 4479 1980 4534 B.
1984 4496 2032 4534 a.
2283 4496 2365 4535 12.
2404 4480 2571 4551 ἀρχὴν
2592 4479 2687 4546 τὴν

278 4546 397 4602 Ba.
427 4547 581 4603 Ht.’
549 4550 717 4620 αρχῆς
749 4551 841 4618 τῆς
864 4548 1011 4605 Aub.
1139 4548 1233 4620 τὴν
1266 4551 1309 4604 le
1309 4548 1505 4620 ρασθαι
1539 4553 1817 4622 λαχοῦσαν
1847 4550 2027 4622 φυλὴν
2051 4549 2099 4604 Β
2104 4568 2169 4607 ..a
2197 4548 2296 4604 Ht.
2320 4553 2411 4621 τῆς
2447 4549 2687 4619 ἱερᾶσθαι

275 4616 549 4690 λαχούσης
570 4621 746 4690 φυλῆς
768 4619 915 4676 Aah.
1059 4635 1144 4676 21.
1180 4622 1266 4678 καὶ
1289 4638 1399 4678 om.
1425 4638 1473 4675 a.
1500 4621 1675 4692 (Vnt.)
1818 4639 1904 4690 24.
1943 4620 2144 4677 ὄθνείαν
2166 4638 2216 4678 a.
2243 4620 2363 4677 Cat.
2393 4620 2545 4676 Harl.

364 4719 509 4766 vot..
542 4721 619 4766 11.
1424 4723 1465 4769 ο
1497 4726 1546 4790 g
