3238 5158
236 363 505 450 viii.59.
708 421 717 429 .
824 366 939 431 IN
1000 367 1069 431 S.
1114 366 1627 432 JOANNEM.
1717 367 1910 432 LIB.
1942 366 2068 433 VI.
2521 362 2646 427 133

238 528 461 633 ὅρκου
506 528 710 637 τάξει
758 536 1169 635 προστιθεὶς
1219 531 1306 614 τό
1354 532 1596 634 Ἀμὴν
1632 539 1731 618 εἷς
1778 533 2182 629 βεβαίωσιν
2226 536 2374 611 τῶν
2420 538 2640 630 λεγο-

237 653 478 753 μένων
513 662 672 759 Πρὶν
704 654 1047 761 Ἀβραᾶμ
1078 654 1379 760 γενέσθαι
1428 656 1568 759 ἐγῶ
1607 664 1771 765 εἶμι.
1849 652 2249 756 οἰησόμεθα
2295 652 2372 732 δὲ
2423 652 2642 732 οὖδα-
2673 674 2710 715 ⁸
2752 660 2886 716 586
2909 656 2984 714 Α·

239 784 395 876 μῶς
422 779 759 883 ἐπαυχεῖν
787 778 913 859 τὸν
937 783 1323 882 Μονογενῆ
1358 786 1462 888 τῷ
1501 776 1676 860 εἶναι
1702 778 1846 884 πρὸ
1874 778 2096 879 μόνου
2122 785 2252 859 τοῦ
2278 775 2648 880 Ἀβραάμ.

242 901 406 983 ἔστι
466 900 613 1007 γὰρ
670 900 820 1007 πρὸ
880 901 1146 1009 χρόνον
1198 902 1501 1001 παντὸς,
1560 907 1681 984 καὶ
1738 902 2257 1007 πρεσβυτάτην
2313 898 2459 1005 ἔχει
2517 896 2653 999 τὴν

180 1046 217 1109 5
242 1024 589 1126 γέννησιν
637 1025 951 1174 ἄναρχος·
1004 1024 1108 1107 ὧν
1157 1028 1234 1107 ἐν
1271 1027 1534 1131 Πατρί.
1613 1025 1853 1127 ἐπειδὴ
1908 1025 1985 1107 δε
2037 1026 2417 1128 προῦκειτο
2468 1020 2654 1126 πρὸς

241 1147 331 1227 τὸ
386 1147 625 1252 παρὸν
678 1149 721 1249 ἡ
776 1150 961 1253 πρὸς
994 1148 1341 1301 Ἀβραὰμ
1395 1151 1591 1258 αὐτῷ
1643 1150 2051 1254 σύγκρισις,
2098 1151 2364 1229 ἐκείνου
2419 1149 2656 1255 φησὶν

243 1269 501 1351 ἑαυτὸν
538 1270 886 1378 ὑπάρχειν
922 1273 1408 1378 ἀρχαιότερον,
1448 1276 1850 1377 ὡσπερανεὶ
1887 1273 2094 1375 λέγοι
2141 1276 2258 1353 καὶ
2311 1274 2353 1353 5
2400 1271 2655 1353 ἑκατὸν

243 1395 554 1498 ἀριθμὸς
588 1395 673 1476 τὸ
709 1395 952 1501 τυχὸν,
991 1397 1104 1478 ὅτι
1138 1397 1394 1500 μείζων
1432 1401 1573 1497 εἰμὶ
1616 1405 1747 1478 τοῦ
1782 1398 1977 1487 δέκα,
2017 1399 2134 1477 καὶ
2171 1397 2331 1501 οὐχι
2366 1395 2656 1483 πάντως

246 1522 347 1601 ὥς·
381 1519 673 1621 γείτονα
708 1526 811 1628 τῷ
849 1521 1019 1601 δέκα
1057 1520 1190 1622 τὴν
1226 1519 1589 1627 ὑπεροχὴν
1626 1520 1834 1626 ἔχων,
1873 1520 1965 1600 τὰ
2011 1528 2307 1601 τοιαῦτα
2353 1516 2656 1625 φήσειεν

142 1667 223 1711 10
244 1639 358 1739 ἂν,
415 1640 591 1721 ἀλλ’
648 1643 761 1724 ὅτι
818 1642 1013 1725 πολὺ
1072 1646 1242 1725 λίαν
1299 1645 1814 1750 ὑπερκείμενος,
1870 1646 1988 1724 καὶ
2050 1641 2227 1747 ὑπὲρ
2283 1649 2431 1723 τῶν
2484 1641 2659 1723 δέκα

245 1766 477 1845 ἐστίν.
584 1767 840 1848 οὐκοῦν
891 1769 979 1848 οὐ
1040 1775 1189 1853 τοῖς
1241 1767 1589 1872 Ἀβραὰμ
1653 1770 2053 1869 ἁμιλλᾶται
2117 1764 2431 1873 χρόνοις,
2495 1762 2656 1847 οὐδὲ
2680 1772 2725 1838 b

247 1890 483 1995 ὀλίγῳ
542 1891 886 1995 προῦχειν
942 1891 1195 1972 ἑαυτὸν
1256 1898 1404 1972 τῶν
1465 1890 1730 1973 ἐκείνου
1793 1898 2059 1996 καιρῶν
2124 1890 2654 1997 διισχυρίζεται,

247 2012 422 2091 ἀλλ’
462 2014 746 2115 ἐπείπερ
802 2016 1006 2096 ἐστὶν
1055 2050 1203 2096 ανω
1257 2013 1528 2100 παντὸς
1582 2012 1869 2121 χρόνον,
1904 2019 2024 2096 καὶ
2078 2013 2350 2100 παντὸς
2404 2020 2660 2100 αἰῶνος

250 2135 560 2240 ἀριθμὸν
593 2136 1002 2244 ἐξάλλεται,
1040 2142 1158 2219 καὶ
1191 2137 1338 2242 πρὸ
1374 2147 1503 2220 τοῦ
1537 2137 1954 2243 Αβραὰμ’
1918 2138 2171 2220 εαυτὸν
2205 2135 2389 2219 εἶναί
2432 2145 2654 2245 φησι,

154 2287 229 2349 15
251 2266 562 2413 πρᾶγμα
615 2262 855 2362 λέγων
901 2261 1190 2363 ἀληθές.
1270 2263 1536 2348 οἰκείως
1585 2261 1663 2342 δε
1711 2260 2011 2366 σφόδρα
2059 2267 2176 2343 καὶ
2232 2269 2496 2359 καλῶς,
2544 2263 2662 2343 ἐπὶ

252 2418 386 2485 μεν
420 2393 551 2465 τοῦ
586 2384 931 2491 Αβραὰμ
965 2386 1051 2467 τό
1091 2384 1397 2468 Pereo-Ocu
1434 2386 1745 2486 τίθησιν,
1782 2387 1894 2494 ἐφ
1935 2387 2187 2468 εαυτοῦ
2231 2385 2304 2467 δε
2347 2383 2433 2468 τό
2472 2396 2659 2493 Εἱμι,

254 2506 531 2595 δεικνὺς
567 2508 676 2590 ὅτι
712 2515 817 2619 τῷ
852 2509 986 2612 μὲν
1019 2510 1108 2619 ἐξ
1141 2511 1270 2592 οὐκ
1305 2509 1534 2592 ὅντων
1568 2509 1928 2620 γενομένῳ
1963 2509 2255 2597 πάντως
2290 2507 2382 2592 ἂν
2417 2510 2661 2592 ἕποιτο

255 2636 375 2714 καὶ
419 2632 507 2713 τὸ
545 2635 971 2741 φθείρεσθαι
1007 2638 1178 2731 δεῖν,
1217 2641 1320 2743 τῷ
1357 2635 1435 2715 δὲ
1470 2637 1576 2716 ἀεὶ
1629 2634 1782 2716 ὄντι
1829 2635 1914 2715 τὸ
1962 2634 2146 2740 πρὸς
2194 2634 2280 2717 τὸ
2328 2631 2431 2737 μὴ
2483 2631 2660 2716 εἶναι

254 2765 520 2864 χωρεῖν
558 2759 686 2839 οὐκ
734 2755 824 2839 ἂν
858 2758 1187 2859 συμβαίη
1233 2758 1429 2841 ποτέ.
1513 2758 1768 2863 μείζων
1804 2759 1931 2839 οὖν
1965 2759 2108 2861 ἄρα
2158 2762 2277 2839 καὶ
2326 2759 2661 2863 κρείττων
2684 2790 2721 2834 ο

153 2913 231 2957 20
257 2888 388 2961 τοῦ
444 2879 813 2986 Ἀβραάμ·
897 2879 1150 2984 μείζων
1204 2880 1339 2981 μὲν
1392 2886 1489 2969 ὡς
1548 2881 1794 2980 ἀΐδιος,
1851 2883 2189 2985 κρείττων
2248 2882 2325 2963 δὲ
2387 2882 2498 2962 ὅτι
2560 2881 2663 2982 μὴ

256 3006 629 3113 φθείρεται
682 3004 1003 3110 καθάπερ
1058 3008 1340 3092 ἐκεῖνος.

242 3295 469 3390 Ἠραν
521 3296 637 3366 οὖν
692 3300 913 3368 λίθους
966 3300 1073 3367 ἵνα
1129 3302 1415 3380 βάλωσιν
1467 3302 1561 3369 ἐπ’
1627 3301 1849 3368 αὐτόν·
1907 3301 1945 3368 ὁ
1999 3299 2071 3368 δὲ
2116 3300 2368 3368 Ἰησοῦς
2419 3299 2657 3393 ἐκρύβη
2688 3309 2766 3374 59

965 3426 1071 3492 καὶ
1124 3427 1398 3498 ἐξῆλθεν
1451 3427 1524 3492 ὲκ
1577 3435 1693 3494 τοῦ
1750 3424 1948 3518 ἱεροῦ.

376 3599 551 3704 Οὐχ
604 3600 834 3700 ὀρῶσι
888 3597 1022 3699 τὴν
1055 3596 1506 3700 άλήθειαν,”
1456 3634 1582 3679 ατε
1628 3597 1716 3700 δὴ
1770 3601 1889 3680 καὶ
1942 3633 2165 3684 ουτως·
2212 3599 2543 3706 ψεῦσταί
2586 3631 2661 3678 τε

160 3743 234 3806 ²5
261 3722 466 3806 ὄντες
516 3723 740 3821 αὐτοὶ,
775 3726 893 3803 καὶ
943 3722 1356 3831 ψεύστην
1308 3758 1590 3829 εχοντες
1637 3724 1765 3804 τὸν
1800 3723 2097 3827 πατέρα,
2134 3722 2319 3803 κατὰ
2368 3723 2501 3824 τὴν
2535 3729 2664 3802 τοῦ
2752 3722 2966 3851 {⁶⁰52

263 3850 608 3949 Σωτῆρος
682 3846 959 3952 φωνήν·
1047 3848 1539 3949 ἀγανακτοῦσι
1600 3846 1678 3928 δε
1748 3845 1977 3927 πάλιν
2039 3846 2148 3928 ἐπ’
2216 3848 2447 3927 οὐδενὶ
2518 3851 2666 3926 τῶν

264 3972 474 4050 ἀνιᾶν
509 3968 887 4051 εἰωθότων.
965 3969 1219 4073 ὥσπερ
1261 3973 1386 4051 οὖν
1422 3971 1844 4076 ἀδικουμένῃ
1891 3976 1984 4075 τῇ
2033 3978 2163 4051 τοῦ
2209 3969 2665 4073 προπάτορος
2691 3992 2737 4057 d

266 4093 452 4201 δόξῃ
502 4102 896 4175 συναθλεῖν
940 4094 1265 4193 οἰόμενοι,
1302 4093 1421 4175 διὰ
1466 4094 1739 4176 τούτων
1774 4093 2273 4195 ἀνεκαύθησαν
2307 4094 2534 4174 πάλιν
2569 4099 2667 4177 εἰς

268 4220 400 4300 οὐκ
432 4219 802 4321 εὐκαίρους
836 4216 1080 4322 ὀργὰς,
1118 4224 1345 4299 καίτοι
1379 4218 1539 4300 δεόν
1572 4225 1866 4318 μᾶλλον
1901 4216 2157 4304 αὐτοὺς
2206 4221 2517 4298 συνιδεῖν
2551 4219 2670 4297 καὶ

305 4474 393 4599 ⁷.1
429 4452 623 4526 Ἂμὴν]
651 4454 785 4525 ἀμὴν
807 4456 940 4526 ἀμὴν
966 4455 1149 4510 Holet.
1176 4454 1282 4510 Ed.
1647 4468 1697 4525 7.
1733 4455 2026 4580 ὡσπερανεὶ
2051 4454 2117 4509 Β.
2144 4456 2324 4521 ὥσπερ
2348 4453 2412 4509 ἂν
2438 4452 2537 4509 Ht.
2563 4452 2668 4509 Ed.

340 4527 519 4584 .”ἃν
485 4548 667 4582 εποιτο
690 4544 739 4582 a.
767 4526 865 4583 Ht.
889 4527 1097 4582 &mot
1133 4548 1162 4581 ο
1188 4525 1255 4581 Β.
1278 4525 1455 4581 ἕποιτο
1479 4525 1627 4581 Aub.
1899 4525 2058 4615 αρὴ
2083 4543 2132 4579 a.
2158 4525 2220 4580 οὗ
2243 4523 2390 4580 Aub.
2416 4535 2671 4581 neutrum

264 4544 474 4656 {abent
499 4597 566 4654 Β.
597 4589 696 4654 Ht.
911 4613 999 4669 27.
1152 4596 1338 4669 ονμένῃ
1365 4596 1430 4654 Β.
1434 4614 1484 4654 a.
1510 4595 1630 4654 Cat.
1660 4595 1817 4653 Harl.
1844 4596 1942 4653 Ht.
1966 4594 2288 4666 αδικούμενοι
2312 4593 2459 4652 Aub-
