3238 5158
235 368 300 413 x.
332 348 431 415 16.
609 349 724 415 IN
785 350 855 415 S.
903 348 1420 416 JOANNEM.
1511 352 1706 418 LIB.
1739 352 1859 416 VI.
1952 352 2159 417 CAP.
2205 352 2264 416 Ι.
2512 351 2642 416 237

2396 524 2440 561 66
2459 509 2640 594 “On
2729 518 2815 568 Pa.
2838 516 2960 567 xlvi.

236 520 876 616 πολυπραγμονεῖν
917 513 1052 614 τὴν
1098 516 1350 614 αἰτίαν,
1388 515 1676 620 εὑρήσει
1732 517 2041 619 λέγοντα
2094 521 2359 622 σαφῶς
2730 585 2779 644 8.
2792 598 2844 649 9·

239 647 282 683 ‘⁴
318 636 672 731 βασιλεὺς
707 637 955 737 πάσης
992 642 1119 738 τῆς
1157 643 1293 741 γῆς
1329 641 1370 718 ὃ
1407 639 1614 738 Θεὸς,
1653 640 1990 747 ψάλλετε
2022 645 2359 738 συνετῶς,
2389 639 2642 734 ἐβασί-

238 770 285 807 “
322 773 584 842 λευσεν
621 763 662 843 ὃ
697 760 887 848 Θεὸς
923 764 1039 845 ἐπὶ
1083 762 1324 844 πάντα
1372 761 1466 844 τὰ
1518 765 1758 865 ἕθνη.”
1817 768 1933 846 καὶ
1971 763 2189 846 αὑτὸν
2225 763 2312 844 δέ
2336 798 2479 845 που
2515 761 2643 843 τὸν
2665 770 2710 835 d

243 885 516 986 Κύρων
551 888 628 965 ἐν
665 887 865 971 ἰδίοις
910 885 1159 989 λόγοις
1193 885 1577 994 εἰσαγήοχε
1613 895 1847 969 πᾶσιν
1884 889 2064 989 ὁμοῦ
2099 894 2245 973 τοῖς
2282 887 2520 968 ἔθνεσι
2556 884 2642 967 τὸ

170 1029 209 1089 5
240 1008 708 1112 εὖαγγελικὸν
743 1008 1375 1118 περιαγγέλλοντα
1411 1009 1771 1115 κήρυγμα·
1823 1014 1899 1092 ἐν
1935 1009 2078 1117 γὰρ
2112 1018 2216 1119 τῷ
2251 1010 2486 1120 ὀγδόῳ
2525 1015 2640 1092 καὶ

236 1140 815 1241 τεσσαρακοστῷ
869 1135 1067 1237 λέγει
1124 1140 1410 1242 ψαλμῷ
1452 1145 1498 1184 “
1535 1136 1942 1217 Ἀκούσατε
1995 1135 2233 1217 πάντα
2287 1135 2380 1216 τὰ
2435 1136 2604 1236 ἔθνη
2611 1195 2635 1233 ,
2730 1138 2980 1271 {fviii-

238 1265 283 1302 “
317 1258 763 1339 ἐνωτίσασθε
811 1256 1076 1343 πάντες
1126 1264 1194 1339 οἰ
1245 1268 1735 1345 κατοικοῦντες
1787 1259 1920 1363 τὴν
1961 1259 2400 1360 οἰκουμένην,
2445 1259 2520 1340 οἵ
2564 1294 2641 1340 τε

237 1390 283 1427 “
318 1389 642 1484 γηγενεῖς
694 1385 810 1462 καί
849 1387 917 1462 οἱ
954 1387 1089 1463 υἱοὶ
1125 1390 1273 1464 τῶν
1309 1384 1729 1488 ἀνθρώπων,
1767 1387 1880 1467 ἐπὶ
1931 1382 2016 1466 τὸ
2065 1383 2239 1465 αὑτὸ
2287 1383 2643 1468 πλούσιος

237 1514 282 1551 “
318 1508 437 1586 καὶ
471 1506 709 1608 πένης.
788 1504 874 1587 τὸ
924 1505 1172 1605 στόμα
1218 1542 1359 1606 μου
1401 1507 1721 1609 λαλήσει
1770 1511 2072 1616 σοφίαν,
2114 1511 2232 1589 καὶ
2274 1509 2320 1608 ἢ
2375 1511 2642 1610 μελέτη

129 1661 209 1703 10
236 1640 281 1679 “
317 1635 446 1732 τῆς
499 1632 793 1736 καρδίας
847 1666 988 1728 μου
1045 1631 1417 1712 σύνεσιν.”
1476 1632 1553 1713 τί
1601 1630 1744 1737 γὰρ
1800 1635 1966 1737 ἐρεῖ·
1992 1668 2098 1718 τις
2153 1639 2299 1713 τῶν
2346 1633 2642 1736 εὑαγγε-
2721 1681 2732 1718 1

235 1761 461 1835 λικῶν
523 1752 1023 1855 παιδευμάτων
1085 1752 1269 1836 εἶναί
1326 1790 1396 1836 τι
1461 1757 1907 1863 σοφώτερον,
1975 1759 2052 1838 τί
2121 1755 2199 1837 δὲ
2265 1759 2490 1842 οὕτως
2563 1759 2640 1837 ἐν

233 1880 527 1959 συνέσει
585 1878 908 1980 λαληθὲν
963 1878 1363 1983 εὑρήσομεν
1417 1883 1512 1965 ῶς
1565 1880 1869 1982 μάθημα
1929 1879 2014 1962 τὸ
2079 1880 2197 1962 διὰ
2251 1887 2631 1985 Χριστοῦ,

234 2003 512 2083 οὐκοῦν·
574 2002 911 2111 ἐπανήξει
948 2001 1091 2107 γὰρ
1127 2006 1167 2083 ὁ
1205 2002 1430 2107 λόγος
1466 2010 1564 2088 εἰς
1601 2003 1686 2086 τὸ
1723 2007 1843 2086 ἀπ’
1885 2009 2133 2111 ἀρχῆς·
2198 2005 2308 2086 ὅτι
2356 2013 2504 2090 τοῖς
2554 2007 2645 2115 ἐξ
2659 2041 2696 2086 e

232 2126 543 2231 Ἰσραὴλ
578 2129 1105 2235 ἐπιστρέφουσι
1141 2128 1883 2232 συναγελασθήσεται
1917 2139 2063 2212 τῶν
2098 2134 2320 2212 ἐθνῶν
2358 2131 2403 2232 ἡ
2436 2140 2632 2230 πλη-

131 2267 200 2328 ¹5
232 2250 382 2351 θὺς,
420 2250 888 2357 προαγορεύει
938 2259 1224 2359 σαφῶς.
1303 2252 1504 2333 ἀλλὰ
1561 2263 1693 2335 τοῦ
1744 2253 1832 2356 δὴ
1882 2254 2113 2361 χάριν,
2163 2255 2342 2362 φαίη
2393 2288 2500 2339 τις
2549 2252 2640 2335 ἂν

228 2374 364 2476 τὴν
421 2379 497 2457 ἐν
557 2381 660 2486 τῷ
722 2377 1162 2487 προκειμένῳ
1232 2378 1550 2459 διάνοιαν
1613 2378 2038 2484 πικρότερον
2100 2381 2425 2483 ἐρευνῶν,
2487 2387 2639 2464 τοῖς

226 2501 595 2582 Ἰουδαίων
630 2500 1047 2605 ἡγουμένοις
1085 2501 1797 2607 προσδιαλεγόμενος
1837 2505 1903 2591 [ὁ
1942 2502 2249 2608 Σωτὴρ1,
2286 2506 2403 2583 καὶ
2451 2502 2634 2605 πρὸς

227 2625 494 2730 ἄνδρας
529 2629 725 2726 μίσει
772 2629 889 2707 καὶ
938 2627 1192 2735 φθόνῳ
1246 2628 1797 2729 διακεκαυμένην
1835 2628 2130 2733 ἔχοντας
2166 2628 2300 2728 τὴν
2336 2630 2634 2731 καρδίαν

228 2757 502 2848 λαλῶν,
578 2750 1077 2832 ἀποκαλύπτει
1149 2751 1517 2856 μυστήρια
1546 2785 1569 2850 3
1651 2751 1727 2832 τί
1789 2750 1956 2856 γὰρ,
2028 2752 2184 2832 εἰπέ
2249 2787 2391 2855 μοι,
2468 2751 2634 2836 τοὺς
2701 2768 2708 2779 ’

121 2907 202 2949 20
223 2875 587 2960 τοιούτους
635 2877 853 2981 ἐχρῆν
896 2875 1007 2956 ὅτι
1056 2883 1204 2957 τῶν
1239 2879 1463 2956 ἐθνῶν
1505 2875 1844 2982 κατάρξει
1893 2883 2164 2973 μαθεῖν,
2203 2878 2319 2956 καὶ
2375 2875 2485 2957 ὅτι
2539 2875 2634 2957 τὰ

225 2997 368 3105 ἔξω
411 3003 539 3100 τῆς
573 2997 924 3084 Ἰουδαίας
975 2998 1316 3105 πρόβατα
1363 3008 1519 3086 ταῖς
1574 3002 1782 3084 ἰδίαις
1831 3001 2087 3084 αὐλαῖς
2134 3002 2498 3101 ἐνσηκιεῖ;
2561 3001 2693 3082 τίει
2734 3023 2865 3079 65¹7
2884 3021 2969 3077 A.

225 3122 353 3202 οὖν
408 3124 704 3228 ἐροῦμεν
767 3122 950 3228 πρὸς
1023 3132 1256 3221 τοῦτο,
1312 3126 1389 3205 τί
1447 3123 1524 3205 δὲ
1591 3124 2243 3227 ἀπολογισόμεθα;
2327 3127 2464 3232 οὐχ
2537 3130 2633 3213 ὡς

226 3246 473 3352 φίλοις
547 3246 1040 3329 ἀνακοινοῦται
1111 3249 1498 3354 μυστήρια,
1578 3251 1747 3329 ἀλλ’
1816 3248 1979 3331 οὐδὲ
2051 3250 2321 3330 εἰκαίαν
2394 3252 2633 3337 αὑτοῖς

221 3377 524 3452 ποιεῖται
573 3370 707 3473 τὴν
741 3376 858 3454 ε’πὶ
906 3373 1185 3458 τούτοις
1232 3372 1606 3480 ἐξήγησιν·
1666 3374 1838 3454 ἀλλ’
1879 3375 2167 3478 ἐπείπερ
2217 3372 2633 3481 ὠφελήσων

117 3518 194 3579 25
224 3494 609 3596 ἠπίστατο,
647 3497 829 3578 ὅσον
865 3496 979 3604 ἐφ’
1017 3499 1270 3606 ἑαυτῷ·
1331 3506 1548 3579 τοῦτο
1597 3495 1743 3603 γὰρ
1795 3495 1885 3598 ἦν
1920 3495 2005 3579 τὸ
2048 3498 2533 3604 προκείμενον,
2569 3506 2632 3581 εἰ

223 3620 343 3699 καὶ
379 3628 527 3701 τῶν
566 3619 1039 3726 ἀκροωμένων
1076 3621 1504 3707 δυσάλωτος
1540 3627 1800 3730 κομιδῇ
1841 3625 1960 3703 καί
2007 3621 2192 3727 πρὸς
2242 3624 2633 3704 εὐπείθειαν
2677 3620 2698 3639 ²

220 3744 354 3823 οὑκ
403 3745 694 3851 εὐχερὴς
743 3745 1086 3852 ὑπάρχων
1127 3748 1169 3826 ὁ
1226 3755 1389 3831 νοῦς
1443 3746 1779 3846 διέμεινεν
1824 3747 2181 3847 ἀκαμπής.
2258 3747 2498 3848 ἐπειδὴ
2555 3748 2631 3829 δὲ

219 3867 357 3970 τήν
393 3904 472 3950 τε
523 3870 899 3956 Μωυσέως
957 3870 1404 3978 συγγραφὴν
1451 3874 1568 3951 καὶ
1621 3870 1716 3953 τὰ
1768 3877 1915 3951 τῶν
1959 3873 2187 3974 ἁγίων
2230 3878 2630 3979 προφητῶν

292 4082 347 4127 4.
383 4053 697 4135 εἰσηγῆοχεν
719 4063 787 4119 Β.
813 4063 1117 4120 emendavit
1146 4064 1326 4121 Holst.
1540 4064 1592 4120 6.
1628 4064 1821 4137 πάντα]
1849 4069 2010 4120 ταῦτα
2032 4068 2200 4122 πάντα
2222 4083 2271 4122 a.
2489 4067 2541 4122 8.
2580 4069 2629 4121 οἱ

218 4142 564 4203 assumptum
589 4152 653 4188 ex
684 4134 749 4189 Β.
864 4148 871 4151 ’
967 4150 1158 4190 10-12.
1195 4135 1250 4189 τί
1268 4134 1502 4207 γὰρ-ἐν
1525 4135 1871 4218 micet-om.
1897 4136 2044 4192 Aub.
2290 4155 2372 4205 14.
2409 4136 2628 4220 Ἰσραὴλ

220 4202 290 4259 Β.
314 4202 662 4294 Ἰερουσαλὴμ
688 4205 787 4287 H}-
815 4203 918 4261 Ed.
1106 4219 1196 4289 ο17.
1233 4208 1263 4260 ὁ
1288 4206 1464 4297 Σωτήρ
1488 4215 1784 4277 assumpmt
1807 4225 1836 4262 e
1864 4206 1981 4295 Cat..
2009 4217 2071 4262 ut
2095 4207 2206 4262 vid.
2235 4208 2380 4264 Aub.
2407 4218 2460 4262 et
2482 4218 2556 4297 lt?
2579 4227 2628 4264 a.

219 4289 307 4328 21.
348 4296 573 4343 ενσηκιει
596 4293 643 4330 a.
670 4285 724 4330 et
747 4286 820 4329 lta
844 4273 1147 4331 emendant
1173 4276 1372 4350 Heyse.
1399 4278 1622 4347 ενσικειὴ
1650 4277 1717 4333 Β.
1743 4278 1976 4333 εἰσοικιει
2004 4279 2102 4334 Ht.
2125 4278 2228 4332 Ed.
2374 4295 2460 4333 22.
2497 4301 2629 4333 απο-

216 4346 547 4417 λογισόμεθο
575 4345 638 4400 Β.
664 4345 1107 4417 ἀπολογησόμεθα
1132 4347 1433 4403 emendavit
1459 4346 1795 4412 Holstenius,
1821 4358 1874 4403 et
1897 4349 1971 4402 ita
1995 4367 2041 4403 a.
2138 4346 2264 4420 οὐχ]
2291 4347 2322 4418 ἢ
2348 4348 2427 4404 ὅτι
2452 4349 2551 4420 οὐχ
2576 4367 2627 4404 a.

219 4430 309 4487 23.
335 4416 400 4470 οὔ
424 4416 623 4472 δικαίαν
650 4416 714 4470 Β.
746 4418 843 4472 Ht.
868 4417 989 4471 οὐδὲ
1015 4416 1208 4473 εἰκαίαν
1230 4436 1261 4473 e
1286 4418 1404 4473 Cat.
1431 4417 1738 4502 qmendavit
1754 4419 1900 4474 Aub.
1925 4426 1980 4474 et
2003 4420 2076 4474 ita
2100 4437 2149 4474 a.
2296 4436 2381 4487 24.
2405 4423 2626 4475 ποιεῖται

212 4535 345 4661 {³13
365 4537 508 4591 ποιεῖ
534 4535 632 4590 nt.
658 4535 763 4591 Ed.
1124 4552 1210 4608 25.
1249 4537 1336 4609 ιφ·
1361 4486 1508 4603 2212
1534 4538 1617 4609 (=
1645 4538 1759 4611 ιφ’)
1788 4539 1855 4595 Β.
1875 4539 1950 4596 εις
1973 4538 2059 4611 ιφ·
2089 4538 2215 4609 (sic)
2247 4539 2345 4594 nt.
2370 4539 2429 4593 ae
2452 4537 2515 4608 ἦ.
2538 4537 2625 4611 ιφ·

269 4625 305 4661 u
351 4647 365 4661 .
