3238 5158
645 328 731 391 56
1239 326 1317 392 Β.
1367 325 1788 392 CYRILLI
1848 325 2431 391 ALEXANDR.
2783 319 2910 385 viii.
2938 336 3037 405 30.

644 489 983 595 γραμμόν
1022 494 1141 572 καὶ
1191 491 1308 571 διὰ
1356 492 1632 573 τούτων
1676 490 1933 590 διδοὺς,
1971 496 2087 574 καί
2137 492 2366 573 τύπον
2413 486 2665 570 ἑαυτὸν
2713 492 2862 570 τοῖς
2918 489 3041 584 τῆς

645 614 1092 716 Ἐκκλησίας
1152 617 1617 704 διδασκάλοις
1673 619 2044 702 ἀνατιθείς.
2134 624 2193 698 εἰ
2252 615 2396 720 γὰρ
2453 618 2570 696 καί
2629 612 2730 713 μὴ
2785 609 3041 692 πάντες

650 744 1051 848 ὠφελοΐντο
1088 740 1310 845 τυχὸν
1347 741 1550 823 ἕνεκά
1597 777 1680 843 γε
1728 746 1856 842 τῆς
1892 748 2115 846 σφῶν
2149 744 2384 822 αὐτῶν
2419 737 2837 845 μοχθηρίας,
2874 734 3038 814 ἀλλ’

649 866 935 967 ἐπείπερ
993 864 1175 950 εἰκὸς
1234 863 1658 947 ἀπόνασθαί
1709 902 1908 950 τινας
1966 870 2093 966 τῆς
2150 869 2470 946 ἐντεῦθεν
2525 865 2869 959 σπουδῆς,
2921 860 3044 938 οὐκ

652 988 986 1088 ὀκνητέον
1039 993 1203 1092 περὶ
1256 989 1390 1091 τὴν
1434 998 1581 1071 τῶν
1633 989 2158 1097 συμφερόντων
2207 989 2599 1096 ὑφήγησιν.
2675 1017 3039 1088 καταχων-
3066 1008 3096 1068 5

655 1122 898 1198 νῦντες
972 1113 1116 1218 γὰρ
1190 1112 1440 1219 ὥσπερ
1514 1121 1610 1200 εἰς
1684 1115 2010 1218 ἄκαρπον
2082 1111 2369 1213 σιωπὴν
2441 1110 2526 1193 τὸ
2601 1108 2810 1191 δοθὲν
2883 1108 3045 1207 ἡμῖν

587 1244 632 1309 b
654 1236 1036 1338 τάλαντον,
1099 1237 1448 1336 τουτέστι,
1513 1238 1647 1339 τὴν
1721 1239 1838 1319 διὰ
1910 1246 2040 1318 τοῦ
2106 1236 2527 1337 Πνεύματος
2597 1236 2831 1342 χάριν,
2895 1232 3042 1311 κατ’

656 1365 919 1444 ἐκεῖνον
979 1363 1292 1462 ἐσόμεθα
1357 1364 1487 1446 τὸν
1540 1361 1862 1466 πονηρὸν
1918 1363 2192 1463 οἰκέτην
2246 1361 2375 1441 τὸν
2428 1359 2686 1462 ἀνέδην
2739 1358 3047 1461 λέγοντα

320 1483 566 1613 {gg-⁸¹3&
656 1492 759 1594 τῷ
823 1488 1050 1597 οἰκείῳ
1116 1486 1437 1595 δεσπότῃ
1503 1499 1548 1536 “
1569 1486 1861 1570 Ἠιδειν
1926 1486 2036 1568 ὅτι
2106 1485 2431 1590 σκληρός
2504 1485 2883 1589 ἅνθρωπος
2959 1478 3041 1578 εἰ,

325 1629 404 1679 ²5·
657 1621 700 1659 ‘⁶
738 1612 1026 1716 θερίζων
1061 1612 1242 1693 ὅπου
1293 1614 1421 1694 οὐκ
1469 1612 1826 1715 ἔσπειρας,
1865 1616 1983 1693 καὶ
2018 1609 2364 1714 συνάγων
2400 1611 2564 1692 ὅθεν
2596 1611 2679 1689 οὐ
2717 1605 3043 1708 διεσκόρ-
3074 1636 3131 1677 10

656 1746 701 1784 “
736 1770 984 1830 πισας,
1049 1739 1166 1815 καὶ
1235 1741 1583 1843 φοβηθεὶς
1657 1739 2040 1842 κατέχωσα
2107 1737 2191 1817 τὸ
2258 1734 2619 1816 τάλαντόν
2684 1768 2846 1814 σου.
2955 1731 3049 1810 ἰ’δε

658 1870 702 1908 “
740 1861 921 1965 ἔχεις
976 1859 1060 1939 τὸ
1116 1858 1321 1944 σόν.”
1399 1864 1567 1941 ἀλλ’
1618 1869 1715 1947 εἰς
1771 1860 1921 1942 οἷον
1976 1863 2016 1941 ὃ
2074 1863 2258 1941 οὕτω
2318 1859 2550 1944 δειλὸς
2606 1857 3050 1962 κατέστρεψε

657 1983 889 2085 τέλος,
928 1990 1044 2065 καὶ
1097 1986 1311 2067 ποίαν
1362 1985 1674 2093 ἐξῄτησε
1722 1986 1945 2086 δίκην,
1984 1984 2166 2089 ἔγνω
2213 2020 2355 2068 που
2402 1983 2692 2069 πάντως
2741 1985 2781 2062 ὀ
2833 1988 3048 2088 φιλο·-

659 2109 896 2210 μαθὴς
961 2117 1108 2195 τοῖς
1172 2112 1663 2214 εὐαγγελικοῖς
1728 2112 1862 2216 οὐχ
1935 2109 2146 2218 ἅπαξ
2211 2108 2612 2214 περιτυχὼν
2674 2103 3053 2211 συγγράμ-

662 2268 916 2333 μασιν.
998 2236 1252 2316 οὐκοῦν
1299 2238 1523 2316 ε’κεΐνο
1575 2235 2153 2336 διενθυμούμεθα,
2192 2236 2307 2314 καὶ
2356 2239 2745 2331 σκοπῶμεν
2794 2233 3047 2334 ὀρθῶς,
3079 2252 3133 2311 15

607 2389 642 2431 e
666 2360 762 2442 ὡς
816 2356 1026 2440 ὄκνου
1080 2357 1215 2459 μὲν
1270 2356 1746 2465 ἀπηλλάχθαι
1799 2357 2151 2463 προσήκει
2207 2356 2496 2456 παντὸς,
2548 2365 2677 2437 τοῦ
2740 2352 2927 2459 πρός
2979 2352 3055 2433 τό

663 2485 923 2588 χρῆναι
998 2482 1361 2564 διδάσκειν
1434 2486 1645 2590 φημὶ,
1714 2481 1843 2563 τὸν
1915 2488 2011 2569 εἰς
2083 2490 2295 2563 τοῦτο
2368 2478 3057 2588 προκεχειρισμένον,

662 2606 1054 2709 τρέπεσθαι
1113 2607 1190 2688 δὲ
1251 2607 1433 2714 πρὸς
1494 2611 1880 2714 ὀλιγωρίας
1940 2610 2286 2708 οὐδαμῶς,
2344 2613 2406 2688 εἰ
2464 2611 2579 2688 καὶ
2640 2604 2742 2706 μὴ
2801 2603 3058 2687 πάντες

664 2739 813 2817 τοῖς
869 2735 1038 2836 παρ’
1096 2735 1316 2814 αὐτοῦ
1370 2733 1935 2814 καταπείθωνται
1989 2730 2258 2836 λόγοις,
2314 2734 2585 2838 χαίροις
2641 2728 2741 2811 δὲ·
2771 2736 3059 2828 μᾶλλον

662 2857 776 2962 ἐφ’
844 2855 1106 2962 οἷσπερ
1182 2858 1272 2939 ἂν
1340 2857 1530 2943 ὅλως
1596 2858 2092 2962 ἀποκερδαίνοι
2156 2865 2421 2957 πονῶν,
2482 2860 2741 2937 ἐννοεῖν
2804 2854 2883 2935 δὲ
2950 2858 3060 2935 καὶ
3083 2885 3141 2924 20

663 2979 867 3081 μάλα
939 2982 1346 3090 σωφρόνως
1418 2978 1819 3063 ἀκόλουθον
1892 2979 1977 3063 τό
2049 2980 2167 3061 διὰ
2239 2990 2368 3063 τοῦ
2445 2984 2779 3082 Σωτῆρος
2864 2979 3062 3080 ἡμῶν

665 3107 1033 3210 εἰρημένον
1085 3119 1129 3198 ‘.‘
1157 3108 1320 3187 Οὐκ
1374 3107 1533 3187 ἔστι
1590 3104 1916 3206 μαθητὴς
1971 3105 2147 3209 ὑπὲρ
2202 3103 2330 3187 τὸν
2385 3104 2850 3201 διδάσκαλον,
2909 3103 3062 3184 οὐδὲ

668 3242 710 3279 “
749 3236 1009 3315 δοῦλος
1062 3229 1237 3333 ὑπὲρ
1293 3228 1422 3312 τὸν
1469 3230 1712 3334 κύριον
1769 3233 2012 3310 αὐτοῦ.
2090 3229 2390 3333 ἀρκετὸν
2443 3236 2545 3337 τῷ
2604 3235 2893 3334 μαθητῇ
2954 3229 3064 3308 ἵνα

601 3367 646 3431 (1
669 3363 713 3401 “
750 3353 1039 3456 γένηται
1105 3357 1201 3438 ὡς
1267 3356 1310 3432 ὀ
1375 3353 1814 3438 διδάσκαλος
1876 3357 2118 3454 αὐτοῦ,
2181 3356 2298 3434 καὶ
2366 3359 2469 3463 τῷ
2541 3353 2781 3460 δούλῳ
2856 3357 2959 3438 ὡς
3026 3353 3062 3430 ὅ

669 3488 711 3525 “
749 3476 988 3580 κύριος
1024 3477 1312 3558 αὐτοῦ.”
1371 3485 1430 3559 εἰ
1480 3477 1625 3581 γὰρ
1669 3481 1752 3559 οὐ
1799 3477 2078 3564 πάντας
2127 3481 2167 3558 ὀ
2210 3479 2474 3583 Κύριος
2519 3478 2744 3559 πείθει
2781 3476 2901 3557 διὰ
2938 3476 3064 3576 τὴν
3088 3503 3147 3562 25

667 3607 813 3680 τῶν
868 3601 1336 3705 ἀκροωμένων
1387 3600 1786 3702 σκαιότητα
1841 3606 1956 3683 καὶ
2009 3604 2619 3708 σκληροκαρδίαν,
2675 3602 2782 3687 τίς
2845 3605 3064 3681 ἀσθε-

670 3735 929 3807 νοῦντα
966 3724 1095 3807 τόν
1130 3729 1297 3831 παρ’
1337 3728 1539 3827 ἡμῶν
1573 3725 1971 3807 αἰτιάσεται
2007 3725 2255 3830 λόγον,
2296 3730 2522 3808 καίτοι
2571 3723 3067 3831 προαιρετικὴν

668 3854 1108 3934 ἀπαιτοῦντα
1148 3855 1263 3932 καὶ
1299 3854 1427 3933 οὐκ
1465 3852 1554 3959 ἐξ
1585 3850 1902 3955 ἀνάγκης
1936 3851 2069 3953 τὴν
2105 3851 2453 3951 σύνεσιν,

329 3098 410 3149 Ib.
428 3115 477 3148 x.
498 3113 576 3163 24,

333 3177 412 3227 ²5·

740 4123 794 4178 3.
828 4129 891 4178 γε
915 4124 1025 4161 om.
1050 4106 1199 4162 Aub.
1413 4108 1465 4162 8.
1503 4107 1684 4177 ἀναιδῆ
1712 4107 1778 4162 B.
1802 4106 2107 4162 emendavit
2133 4107 2318 4163 Holst.
2552 4124 2635 4161 12.
2674 4110 2705 4162 ὁ
2728 4114 3069 4178 assumptum

670 4196 735 4233 ex
766 4177 811 4231 Β
837 4195 901 4232 ex
927 4194 1065 4233 corr.
1388 4192 1471 4248 15.
1509 4180 1673 4233 ἐκεῖνο
1697 4178 2000 4234 emendavit
2023 4188 2085 4233 ut
2109 4179 2328 4234 adnotat
2353 4179 2369 4232 i
2409 4195 2466 4232 ee
2491 4177 2635 4233 Aub.
2661 4178 2853 4234 ἐκεῖνον
2882 4178 2946 4232 Β.
2979 4177 3069 4232 Ht.

672 4255 950 4319 σκοπῶμεν
977 4248 1042 4303 Β.
1070 4247 1171 4302 Ht.
1199 4252 1494 4318 σκοποῦμεν
1519 4250 1663 4304 Aub.
2014 4266 2097 4320 19.
2136 4250 2351 4304 καταπεί
2383 4271 2525 4303 ονται
2554 4249 2618 4302 Β.
2647 4249 2748 4306 Ht.
2771 4247 3070 4303 emendavit

671 4320 817 4374 Aub.
948 4318 1153 4390 χαίροις
1179 4320 1244 4374 Β.
1269 4320 1469 4391 χαίρειν
1498 4320 1595 4375 Ht.
1624 4320 1728 4375 Ed.
1988 4336 2073 4374 20.
2111 4320 2470 4391 ἀποκερδαίνοι
2497 4320 2562 4372 Β.
2587 4319 2945 4392 ἀποκερδαὶνει
2968 4317 3068 4374 Ed.

674 4391 869 4445 Statim
890 4396 1063 4447 πονῶν
1086 4390 1365 4447 emendavi
1388 4410 1417 4447 e
1440 4392 1746 4464 conjectura
1772 4391 1997 4446 Auberti
2019 4392 2157 4447 inter
2181 4402 2354 4447 notas·
2379 4393 2551 4447 πόνων
2574 4390 2679 4446 Ed.
