3238 5158
656 294 787 358 462
1263 294 1347 359 B.
1393 291 1822 358 CYRILLI
1878 293 2463 358 ALEXANDR.
2825 294 2972 358 xiv-
3013 309 3120 377 15.

658 457 1077 559 ὁλοκλήρως
1126 459 1617 560 διασπασμὸν,
1656 458 1784 540 τὸν
1832 465 1931 545 εἰς
1974 459 2286 540 ἕκαστον
2327 466 2478 541 τῶν
2513 460 3122 561 σημαινομένων

659 581 868 688 φημί.
942 581 1447 682 διακεισόμεθα
1500 583 1647 688 γὰρ
1702 591 2136 692 φρονοῦντες
2189 586 2440 687 ὀρθῶς,
2489 586 2589 668 ὦς
2642 588 2728 665 ἐκ
2788 583 3119 687 Πατρός

656 740 735 785 τε
791 709 947 786 ἐστὶ
1004 710 1121 786 καί
1175 710 1252 788 ἐν
1292 712 1532 813 Πατρὶ
1567 714 1896 816 φυσικῶς
1939 710 1980 787 5
2024 706 2221 805 Υἱὸς,
2270 708 2360 816 ἐξ
2409 709 2631 789 αὐτοῦ
2689 744 2774 790 τε
2836 713 2968 790 καὶ
3036 712 3117 789 ἐν

658 832 871 936 αὐτῷ,
910 834 1027 910 καὶ
1071 828 1159 912 τὸ
1203 831 1381 913 ἴδιον
1416 834 1636 914 αὐτοῦ
1682 867 1758 913 τε
1802 837 1920 915 καὶ
1964 842 2093 914 τοῦ
2127 839 2310 913 Υἰοῦ
2354 838 2682 932 Πνεῦμα,
2722 836 3112 932 τουτέστι,

657 954 744 1035 τὸ
793 952 1083 1057 ‘'Aytov.
1188 962 1357 1056 μιᾶς
1426 964 1810 1060 τοιγαροῦν
1869 958 2095 1057 οὔσης
2166 992 2244 1037 τε
2311 960 2427 1037 καὶ
2495 958 2900 1057 νοουμένης
2969 963 3110 1059 τῆς
3135 978 3164 1035 5

660 1077 846 1158 κατὰ
905 1079 1135 1185 φύσιν
1188 1078 1545 1180 θεότητος,
1588 1083 1677 1161 δι’
1723 1087 1907 1162 Υἰοῦ
1960 1079 2163 1185 παρὰ
2218 1078 2512 1183 Πατρὸς
2564 1083 2642 1161 ἐν
2699 1083 3110 1181 Πνεύματι

660 1211 810 1289 τοῖς
873 1205 1099 1312 ἀξίοις
1167 1203 1260 1284 τὰ
1322 1202 1491 1306 παρ’
1554 1206 1794 1291 αὐτοῖς
1865 1203 2465 1311 χορηγηθήσεται,
2539 1209 2658 1285 καὶ
2736 1205 2841 1285 τὰ
2914 1215 3106 1308 παρ’

664 1328 865 1428 ἡμῶν
916 1335 1014 1413 εἰς
1071 1326 1264 1408 Θεὸν
1322 1327 1907 1435 ἆπενεχθῆσεται,
1970 1326 2467 1428 μεσιτεύοντος
2533 1328 2892 1429 δηλονότι
2965 1340 3108 1411 τοῦ

319 1455 498 1573 {gg}
663 1458 866 1534 Υὶοῦ·
914 1463 957 1501 “
979 1453 1238 1537 Οὖδείς
1299 1450 1443 1556 γὰρ
1507 1453 1790 1558 ἔρχεται
1846 1451 2031 1557 πρὸς
2083 1450 2212 1534 τὸν
2268 1454 2582 1556 Πατέρα,
2637 1459 2700 1533 εἰ
2755 1454 2873 1555 μὴ
2931 1456 3038 1536 δι’
3059 1458 3100 1483 ”

323 1596 462 1651 806
481 1595 560 1650 A·
603 1609 641 1650 a
663 1579 903 1676 αὐτοῦ,
959 1576 1282 1729 καθάπερ
1337 1575 1588 1674 α’μὲλει
1646 1576 2152 1681 διωμολόγησε
2203 1581 2320 1659 καὶ
2374 1574 2610 1661 αὐτός·
2671 1577 2875 1680 θύρα
2925 1607 3176 1658 rot-1²

662 1711 937 1807 γαροῦν
973 1705 1088 1782 καὶ
1125 1703 1290 1785 ὁδὸς
1324 1706 1452 1801 τῆς
1502 1699 1684 1804 πρὸς
1724 1701 1918 1782 Θεὸν
1948 1709 2065 1783 καὶ
2105 1702 2403 1804 Πατέρα
2451 1702 2704 1807 φιλίας
2753 1736 2843 1783 τε
2902 1706 3097 1803 ὁμοῦ

659 1831 780 1908 καὶ
827 1824 1160 1929 προόδου,
1196 1823 1459 1929 γέγονέ
1482 1860 1561 1906 τε
1604 1827 1722 1907 καὶ
1767 1826 1968 1907 ἔστιν
2004 1827 2047 1907 5
2081 1825 2283 1923 Υἱὸς,
2323 1828 2441 1905 καὶ
2473 1829 2602 1924 τῆς
2636 1828 2815 1931 παρ’
2860 1830 3094 1907 αὐτοῦ

658 1953 927 2055 δωρεᾶς
987 1949 1353 2053 συνδοτήρ
1414 1984 1491 2031 τε
1556 1953 1736 2050 ὁμοῦ
1800 1954 1918 2031 καὶ
1982 1948 2378 2051 διανομευς,
2444 1952 2543 2034 ὡς
2612 1951 2694 2029 ἐκ
2759 1957 2949 2049 μιᾶς
3015 1987 3090 2032 τε

657 2073 808 2175 ἅμα
852 2079 970 2157 καὶ
1012 2079 1249 2176 κοινῆς
1293 2076 1734 2183 φιλοτιμίας.
1815 2077 1945 2175 μία
1981 2075 2125 2180 γὰρ
2163 2075 2209 2175 ἡ
2252 2079 2381 2174 τῆς
2431 2072 2770 2174 θεότητος
2827 2076 3084 2181 φυσις,

654 2203 733 2280 ἐν
790 2200 1168 2309 προσώπω
1230 2235 1305 2280 τε
1371 2202 1490 2280 καὶ
1564 2199 1970 2281 ὑποστάσει
2042 2198 2336 2303 Πατρός
2393 2233 2472 2279 τε
2537 2202 2654 2278 καὶ
2714 2205 2910 2280 Υἱοῦ
2963 2206 3081 2281 καί
3109 2232 3161 2287 15

654 2325 912 2429 Ἀγίου
952 2324 1411 2423 Πνεύματος.
1511 2324 1751 2423 ἐπειδὴ
1807 2324 1883 2406 δὲ
1938 2322 2290 2423 ἀσύνηθές
2342 2357 2499 2407 πως
2551 2330 2702 2408 τοῖς
2759 2327 3070 2430 ἀρχαιο-

655 2449 887 2553 τέροις
940 2452 1055 2530 καὶ
1111 2447 1654 2550 ἀνεπιτήδευτον
1707 2446 1798 2548 ἦν
1852 2483 1956 2528 ετι
2009 2448 2095 2529 τὸ
2151 2450 2238 2528 δι’
2283 2453 2465 2529 Υἰοῦ
2518 2446 3073 2554 προσέρχεσθαι

655 2581 760 2686 τῷ
850 2577 1112 2680 Πατρὶ,
1196 2574 1516 2655 διδάσκει
1608 2577 1728 2655 καὶ
1819 2581 2034 2655 τοῦτο
2104 2572 2528 2723 χρησίμως,
2610 2576 2730 2654 καί
2815 2571 3073 2680 ὥσπερ

590 2709 631 2773 b
656 2701 815 2783 τινὰ
870 2703 1181 2804 κρηπῖδα
1235 2707 1360 2779 τοῦ
1414 2698 1841 2802 πράγματος
1895 2702 1973 2780 ἐν
2015 2706 2165 2783 τοῖς
2222 2700 2421 2784 ἰδίοις
2474 2705 2836 2798 μαθηταῖς
2891 2734 3070 2803 προ-

654 2827 1148 2921 καταβαλλων
1185 2827 1301 2905 καὶ
1351 2822 1485 2924 τὴν
1520 2826 1635 2905 ἐπὶ
1688 2824 1921 2932 τούτω
1963 2826 2216 2905 πίστιν
2253 2858 2328 2904 τε
2381 2827 2496 2904 καὶ
2545 2825 2930 2974 μάθησιν,
2955 2829 3108 2907 καὶ
3089 2857 3142 2895 ²0

655 2959 753 3039 εἰς
788 2952 971 3053 ἡμᾶς
1006 2947 1264 3034 αὐτους
1310 2949 1773 3053 παραπέμπει
1825 2952 1941 3029 καὶ
1988 2953 2115 3049 τῆς
2166 2951 2580 3054 προσευχῆς
2625 2947 2757 3028 τὸν
2792 2950 3064 3052 τρόπον

653 3083 771 3159 καὶ
826 3081 955 3179 τῆς
1009 3078 1299 3159 ἐλπίδος
1344 3073 1477 3174 τὴν
1527 3070 1879 3174 δήλωσιν.
1962 3072 2339 3155 ἐπιδώσειν
2371 3071 2516 3176 γὰρ
2570 3072 2784 3157 αὐτὸς
2843 3075 2940 3155 τὰ
2993 3079 3063 3156 ἐν

657 3205 896 3308 εὐχαῖς
944 3200 1113 3301 ἡμῖν
1147 3195 1704 3302 ἐπαγγέλλεται,
1744 3202 2003 3300 δεῖγμα
2048 3202 2177 3297 τῆς
2224 3196 2409 3278 κατὰ
2460 3196 2689 3305 φύσιν
2728 3198 3063 3301 θεότητος

654 3331 771 3409 καὶ
825 3331 954 3427 τῆς
1007 3324 1308 3426 ἐνούσης
1364 3324 1556 3432 αὐτῷ
1612 3327 2004 3424 βασιλικῆς
2059 3322 2414 3431 ἐξουσίας,
2473 3326 2589 3402 καὶ
2643 3330 2864 3404 τοῦτο
2919 3334 3060 3410 τοῖς

651 3452 913 3537 ἄλλοις
964 3447 1398 3553 προστιθείς.
3080 3482 3138 3538 ²5

554 3673 627 3734 Ῑ5
971 3664 1136 3732 Ἐὰν
1189 3664 1487 3739 ἀγαπᾶτέ
1539 3688 1643 3749 με,
1695 3665 1813 3732 τὰς
1865 3664 2138 3731 ἐντολάς
2192 3687 2315 3743 μου
2369 3664 2723 3753 τηρήσατε.

592 3785 629 3830 ο

761 3835 1045 3936 Χρῆναι
1116 3828 1248 3929 μὲν
1320 3834 1539 3909 αἰτεῖν
1606 3829 2026 3934 εὐχομένους
2095 3831 2213 3908 ἐπὶ
2286 3833 2390 3937 τῷ
2462 3827 2759 3926 ὀνόματι
2835 3830 3050 3909 αὐτοῦ

650 3956 1103 4063 διατεταχὼς,
1166 3951 1604 4062 χορηγήσειν
1669 3953 1747 4034 δὲ
1815 3959 1965 4038 τοῖς
2040 3957 2366 4033 αἰτοῦσιν
2431 3950 2643 4037 αὐτὸς
2715 3951 2898 4057 ὅπερ
2969 3954 3050 4033 ἂν

648 4084 1060 4181 βούλωνται
1096 4088 1352 4177 λαβεῖν
1387 4079 1976 4184 ὑπισχνούμενος,
2014 4080 2367 4184 φροντίδα
2415 4082 2717 4159 ποιεῖται
2764 4077 3049 4179 πολλὴν

650 4217 780 4290 τοῦ
832 4204 933 4309 μὴ
1001 4205 1520 4313 διαψεύδεσθαι
1581 4207 1812 4284 δοκεῖν
1866 4201 1986 4283 διὰ
2038 4201 2168 4288 τὰς
2223 4209 2369 4282 τῶν
2423 4198 2778 4282 εἰωθότων
2835 4209 3042 4309 φιλο·
3066 4233 3124 4291 30
3179 4253 3180 4298 1

723 4412 846 4466 6-8.
884 4408 1370 4478 ἐν-μεσιτεῦοντος
1392 4427 1502 4466 om.
1530 4408 1622 4479 (ab
1646 4410 1704 4466 ὸς
1727 4406 1795 4463 ad
1820 4429 1879 4465 ος
1903 4407 2105 4463 scilicet
2128 4407 2455 4474 transiliens)
2483 4405 2550 4460 E.
2748 4420 2832 4459 10.
2867 4406 3042 4475 &upo-
3177 4369 3178 4440 ἰ

647 4483 943 4612 λόγησέἀΕ.
967 4483 1322 4555 διωμολόγηκε
1345 4483 1452 4539 Ed.
1735 4496 1819 4536 12.
1855 4481 1885 4533 ὁ
1908 4496 2019 4535 om.
2049 4478 2115 4536 E.
2397 4476 2484 4532 26.
2520 4474 2783 4547 τηρήσατε
2809 4475 2875 4532 E.
2897 4476 3040 4548 τηρῆ·

649 4578 773 4612 «rere
