3238 5158
243 344 377 410 xiii.
408 364 512 430 27,
540 349 644 416 28.
817 350 931 415 IN
991 350 1062 417 S.
1110 349 1154 414 J
1163 348 1626 416 OANNEM.
1716 348 1910 414 LIB.
1957 347 2079 412 IX.
2520 344 2645 409 371

245 511 508 593 λοιπὸν
562 515 604 593 ό
662 514 930 618 Κύριος
986 516 1190 616 ἡμῶν
1237 516 1529 614 Ἰησοῦς
1588 517 1631 596 ὁ
1684 511 2010 619 Χριστὸς
2070 514 2266 621 αὐτῷ
2320 516 2642 612 μᾶλλον,

242 633 430 737 ἤπερ
483 634 710 721 ὅντως
765 673 843 718 τε
895 641 1012 719 καὶ
1069 641 1363 742 ἀληθῶς
1416 645 1521 748 τῷ
1573 640 1744 744 παρ’
1791 639 2009 718 αὐτοῦ
2066 638 2153 716 δι’
2200 637 2650 745 ἀπροσεξίαν

241 761 733 871 κεκρατημένῳ
779 758 883 844 ὸΟ
938 768 1152 850 ποιεῖς
1218 766 1484 856 ποίησον
1537 763 1795 860 τάχιον.
1894 762 2143 863 ὅμοιον
2200 760 2365 864 γὰρ,
2427 763 2524 846 ὡς
2592 771 2647 845 εἱ
2674 796 2710 837 a
2747 783 2885 841 '740
2905 782 2984 837 A.

244 883 454 986 λέγοι
515 893 780 992 σαφῶς
831 886 943 967 Τὸ
1002 886 1145 967 σὸν
1199 887 1413 992 ἔργον
1470 887 1648 991 ὅπερ
1707 883 1927 967 οἶσθα
1987 887 2232 985 μόνον,
2288 887 2406 965 καὶ
2469 889 2649 988 δρᾶν

177 1022 217 1085 5
246 1010 362 1088 ἀεί
407 1042 532 1090 σοι
587 1009 832 1117 φίλον,
889 1005 949 1090 ὦ
1001 1018 1306 1111 σατανᾶ,
1362 1013 1632 1106 ποίησον
1685 1011 1947 1110 τάχιον
2020 1009 2431 1093 ἀπέκτεινας
2484 1006 2650 1091 τοὺς

243 1131 655 1239 προφήτας·
735 1133 1201 1238 ἐστρατήγεις
1260 1134 1406 1240 γὰρ
1476 1140 1575 1219 εἷς
1647 1134 1990 1232 ἀσέβειαν
2061 1134 2450 1219 Ἰουδαίοις·
2530 1135 2649 1213 καὶ

243 1256 408 1337 τότε
463 1263 1045 1359 καταλευσθῆναι
1099 1256 1670 1361 παρασκευάσας
1725 1255 1893 1343 τοὺς
1945 1256 2074 1338 τὸν
2116 1256 2476 1359 σωτήρων
2520 1263 2648 1337 τοῦ

243 1378 560 1486 Ἰσραὴλ
592 1382 1133 1487 πρεσβεύοντας
1167 1380 1417 1486 λόγον,
1454 1381 1737 1468 οὐδενὸς
1773 1381 2045 1488 ἐφείσω
2080 1386 2229 1461 τῶν
2261 1383 2643 1462 ἀπεσταλ-

245 1504 481 1603 μένων
533 1505 736 1610 παρὰ
797 1511 1015 1588 Θεοῦ·
1103 1513 1357 1587 πᾶσαν
1411 1512 1509 1591 εἰς
1573 1503 1831 1591 αὐτοὺς
1890 1504 2227 1612 ἐπεδείξω
2285 1501 2419 1604 τὴν
2473 1504 2649 1606 ὑπὲρ

138 1659 224 1702 10
249 1624 477 1729 λόγον
510 1630 844 1731 ὠμότητα
893 1631 1014 1722 καὶ
1062 1629 1320 1731 μανίας
1369 1628 1807 1733 ὑπερβολήν.
1882 1630 2031 1730 ἥκω
2080 1637 2460 1733 τοιγαροῦν
2495 1630 2646 1728 μετ’

245 1753 547 1840 ἐκείνους
583 1753 747 1857 ἐγὼ,
782 1761 935 1841 τοῖς
965 1753 1098 1854 μὲν
1130 1753 1233 1834 ἔτι
1270 1751 1763 1854 πλανωμένοις
1806 1751 1890 1834 τὸ
1934 1751 2184 1852 μηκέτι
2224 1756 2648 1833 πλανᾶσθαι

246 1874 499 1974 διδοὺς,
555 1884 704 1964 τοῖς
757 1879 834 1958 ἐν
887 1877 1136 1958 σκότει
1199 1882 1569 1981 κατορθῶν
1625 1876 1709 1958 τὸ
1767 1878 1845 1957 ἐν
1898 1880 2088 1983 φωτὶ
2150 1874 2487 1980 γενέσθαι
2544 1880 2647 1982 τῷ
2672 1887 2717 1953 b

247 2000 435 2108 θείῳ,
480 2008 629 2087 τοῖς
682 2035 778 2085 εις
832 1998 967 2102 τὴν
1016 2000 1163 2102 σὴν
1210 2002 1485 2104 παγίδα
1538 1999 2129 2102 κατολισθήσασι
2187 2034 2305 2079 και
2361 1998 2649 2103 θήραμα

247 2126 375 2222 τῆς
448 2129 590 2225 σῆς
663 2159 1064 2229 γενομενοις
1138 2121 1527 2225 ὠμότητος,
1590 2122 1677 2205 τὸ
1742 2124 1885 2232 ἔξω
1956 2122 2249 2231 βρόχων
2310 2124 2647 2228 γενέσθαι

138 2260 220 2323 ¹5
249 2247 709 2352 δωρούμενος.
785 2249 937 2350 ἥκω
991 2252 1121 2349 τῆς
1178 2246 1296 2328 διὰ
1350 2281 1440 2329 σε
1484 2248 1975 2352 τυραννούσης
2030 2250 2381 2352 ἁμαρτίαις
2431 2281 2650 2328 κατα-

248 2370 504 2453 λύσων
538 2370 624 2453 rb
661 2371 943 2477 κράτος,
977 2376 1096 2453 καὶ
1146 2371 1253 2456 τίς
1302 2373 1343 2451 ὁ
1390 2371 1613 2478 φύσει
1655 2371 1842 2457 Θεὸς
1889 2372 2257 2480 ἐπιδείξων
2289 2371 2649 2482 ἀνθρώπῳ

246 2495 487 2575 παντί·
579 2495 752 2576 ἀλλ’
811 2493 971 2578 οἶδα
1041 2494 1303 2578 λοιπὸν
1355 2498 1441 2577 οὐ
1509 2497 1812 2601 μετρίως
1882 2494 2016 2598 τὴν
2089 2492 2236 2595 σὴν
2296 2495 2648 2575 ἀτίθασον

247 2619 501 2727 φρένα.
602 2622 777 2724 ὅπερ
844 2622 971 2702 οὖν
1033 2622 1196 2705 ἔθος
1258 2655 1385 2703 σοι
1456 2626 1743 2720 τολμᾶν
1808 2622 1925 2701 ἐπὶ
1983 2626 2131 2704 τοῖς
2195 2617 2290 2699 τὰ
2353 2626 2648 2699 τοιαῦτα

247 2750 642 2849 κατορθοῦν
677 2744 1035 2843 ἐθέλουσι,
1070 2743 1343 2849 πράττε
1378 2748 1496 2824 καὶ
1532 2751 1684 2825 νῦν.
1765 2741 2084 2827 ἀνιάσεις
2132 2741 2277 2845 γὰρ
2320 2743 2646 2840 οὐδαμῶς

134 2900 223 2944 20
246 2866 644 2949 ἐπιπίπτων
706 2867 898 2977 ὀξὺς,
963 2872 1083 2950 καὶ
1144 2868 1442 2977 σφόδρα
1506 2864 1756 2971 δριμὺς
1828 2868 2245 2969 ἐγκείμενος,
2312 2864 2493 2946 ὅσον
2554 2863 2647 2945 ἀν

246 2989 454 3071 ἔσται
488 2990 573 3073 τὸ
606 2990 840 3078 πάθος
873 2991 962 3074 δι’
999 2994 1173 3092 ἐμοῦ
1209 2992 1530 3088 βαδίσαν
1564 2992 1642 3071 ἐν
1677 2993 1894 3097 ἀρχῇ.

363 3118 508 3196 Καὶ
565 3119 768 3197 ταυτὶ
823 3116 954 3218 μὲν
996 3116 1227 3218 ἔγωγε
1280 3121 1408 3195 τοῦ
1462 3118 1801 3218 Σωτῆρος
1853 3111 1949 3194 τὰ
1999 3110 2286 3216 ῥήματα
2340 3109 2477 3213 τὴν
2517 3119 2648 3193 τοῦ

242 3238 707 3343 προκειμένου
760 3239 1060 3340 δύναμιν
1109 3239 1658 3320 ὖπαινίττεσθαί
1704 3272 1861 3322 πως
1915 3234 2434 3336 ὑπολαμβάνω·
2496 3237 2647 3316 ἐπι-

240 3361 684 3468 ταχύνεσθαι
738 3360 814 3443 δὲ
871 3363 990 3445 διὰ
1037 3363 1114 3444 τί
1163 3361 1605 3466 προστάττει
1663 3360 1756 3442 τὰ
1813 3359 2269 3462 τολμήματα,
2324 3360 2496 3468 φέρε
2557 3358 2647 3459 δὴ

132 3511 216 3575 25
242 3484 470 3567 πάλιν
505 3486 1117 3589 διασκεπτῶμεθα.
1182 3486 1411 3567 καίτοι
1447 3484 1824 3568 πάνδεινον
1861 3484 1993 3586 μὲν
2026 3484 2112 3566 τὸ
2149 3491 2296 3566 τῶν
2330 3485 2647 3565 ἀνοσίων

242 3610 646 3713 εὑρίσκεται
705 3610 1002 3715 θράσος,
1045 3610 1495 3713 ἐμπαροινεῖν
1545 3608 1950 3694 ἀκαθέκτως
2005 3609 2366 3708 ἑλομένων
2420 3609 2639 3715 αὐτῷ’

241 3738 665 3838 προσδοκᾶν
731 3734 876 3839 γὰρ
938 3732 1030 3836 ἦν
1094 3732 1510 3833 αἰκίσματα,
1577 3737 1694 3813 καὶ
1761 3736 2195 3840 δυσφημιῶν
2268 3730 2498 3837 ὄχλον
2562 3731 2647 3812 οὐ

242 3855 587 3964 φορητὸν,
613 3856 906 3961 πληγὰς
943 3862 1059 3940 καὶ
1095 3856 1600 3957 ἐμπτύσματα,
1627 3860 1744 3937 καὶ
1779 3855 1865 3936 τὸ
1901 3863 2306 3937 τελευταῖον
2338 3853 2644 3934 ἐλεεινὸν

240 3977 373 4060 τὸν
421 3982 538 4062 ἐπὶ
580 3981 783 4090 ξύλῳ
827 3982 1161 4080 θάνατον,
1199 3979 1422 4081 ἥλους
1471 3983 1592 4061 καὶ
1641 3977 1983 4083 σταυρὸν,
2018 3978 2188 4087 ὅξος
2243 3981 2360 4058 καὶ
2406 3975 2641 4084 χολὴν
2663 3989 2711 4059 «1

133 4135 218 4198 30
243 4103 362 4185 καὶ
396 4100 488 4184 τὰ
521 4107 601 4185 ἐκ
644 4105 924 4212 λόγχης
957 4104 1352 4210 τραύματα’
1409 4106 1487 4185 τί
1528 4112 1913 4207 τοιγαροῦν
1946 4100 2381 4198 ἐπισπεύδει,
2422 4104 2639 4209 φησὶ,

2669 2997 2706 3042 0

317 4279 369 4320 2.
403 4264 725 4337 ἀπροσεξίαν
749 4265 815 4321 Ε.
837 4264 1042 4336 ἀπροσε
910 4265 1156 4393 metgias*
1178 4263 1285 4322 Ed.
1646 4278 1700 4334 3.
1737 4259 2115 4388 κειἙπ-ημένφ]
2149 4268 2207 4327 4
2235 4260 2411 4333 λίγειν
2434 4260 2644 4333 Migne.

240 4353 297 4409 9.
333 4287 583 4406 ἐπεδείξω
606 4337 672 4393 Ε.
695 4336 951 4408 «ἐπεδείξω
975 4335 1023 4391 Ε
1343 4350 1426 4391 11.
1462 4333 1801 4404 πλανομίνοις
2151 4349 2232 4388 12.
2268 4331 2553 4403 κατορθοῦν
2576 4331 2642 4389 Ε.

246 4472 333 4525 14.
368 4454 644 4529 γενομένης
668 4457 735 4513 Ε.
876 4459 1080 4529 βρόχον
1103 4454 1170 4514 Ε.
1558 4470 1645 4525 24.
1681 4455 1766 4511 διὰ
1790 4452 1845 4510 τί
1864 4452 2022 4509 edidi.
2048 4454 2132 4510 διά
2158 4452 2224 4509 Ε.
2249 4454 2335 4509 διὰ
2358 4455 2511 4510 τοῦτο
2537 4450 2641 4507 Ed.

246 4576 333 4633 26.
368 4575 536 4652 αὐτῷ]
562 4541 627 4633 ..ἲ
649 4577 901 4651 ambigue
928 4577 992 4634 E.
1205 4589 1292 4649 27.
1328 4577 1640 4647 δυσφημιῶν
1666 4577 1731 4634 Ε.
1756 4574 2047 4649 amm»
2071 4574 2175 4631 Ed.

1354 4680 1392 4746 3
1422 4678 1463 4723 B
1496 4678 1534 4727 2
