3238 5158
239 337 315 403 ix.
346 339 438 419 18,
470 362 561 427 19.
619 342 739 406 IN
801 344 868 407 S.
915 343 1425 408 JOANNEM.
1517 346 1710 409 LIB.
1745 346 1867 409 VI.
1958 346 2162 409 CAP.
2210 344 2266 409 Ι.
2494 343 2620 408 173

236 505 416 606 ῥῆμα
489 508 1015 608 διηγγελκότος,
1083 511 1168 588 οὐ
1240 510 1367 589 δύο
1438 509 1663 609 μόνον
1729 513 1845 589 καὶ
1919 515 2135 612 τριῶν
2199 512 2622 608 ἀκυροῦντες

237 628 808 732 ἐπιμαρτύρησιν,
866 634 1035 711 ἀλλ’
1109 637 1206 717 ὡς
1278 631 1461 717 εἰκὸς
1535 637 1653 713 καὶ
1726 631 2103 730 πλειόνων,
2167 633 2281 740 ἐφ’
2345 633 2620 733 ἑτέρους

234 750 547 857 ἔρχονται
595 754 745 841 τοῦς
790 762 1000 859 γονεῖς
1052 764 1180 837 τοῦ
1229 758 1851 860 τεθεραπευμένου,
1895 766 2199 860 πρᾶγμα
2255 764 2622 840 ποιοῦντες·

234 877 639 978 παράνομόν
675 914 752 959 τε
797 884 914 960 καὶ
950 882 1239 979 ἀμαθές.
1323 884 1491 961 ἀλλ’
1535 883 1737 962 οὐδὲν
1773 884 2011 967 αὐτοῖς
2050 884 2089 960 ὁ
2125 880 2360 980 νόμος,
2402 880 2518 961 ὅτε
2553 913 2623 959 τι

179 1021 210 1081 5
235 1009 371 1079 τῶν
431 1005 507 1081 ἐν
570 1006 848 1089 οἶκειάις
911 1006 1195 1106 ἡδοναῖς
1259 1006 1577 1113 ἐξανύειν
1641 1008 2066 1108 ἐπείγονται.
2176 1005 2414 1106 ἐπειδὴ
2478 1003 2624 1107 γὰρ

232 1127 572 1207 ἐδυσώπει
609 1132 725 1208 καὶ
771 1132 906 1235 οὐχ
951 1128 1243 1214 ἑκόντας
1291 1130 1428 1229 ἤδη
1480 1128 1563 1210 τὸ
1616 1138 1857 1229 θαῦμα
1892 1129 2469 1233 μαρτυρούμενον
2506 1127 2627 1214 διά

232 1284 303 1330 τε
364 1257 490 1348 τῆς
556 1252 898 1355 γειτόνων
965 1258 1082 1334 καὶ
1155 1254 1275 1334 διά
1338 1259 1466 1354 τῆς
1531 1264 1660 1335 τοῦ
1729 1254 2284 1358 θεραπευθέντος
2346 1256 2617 1359 φωνῆς,

124 1453 133 1462 ,
230 1377 780 1476 προσεδόκησαν
827 1380 1228 1459 ἀναπείθειν
1273 1377 1630 1460 δύνασθαι
1685 1377 1850 1463 τοῦς
1906 1379 2399 1481 ἐρωτωμένους
2449 1376 2619 1478 παρ’
2647 1388 2693 1455 b

229 1496 425 1578 οὐδὲν
479 1500 612 1597 μὲν
668 1501 1120 1602 ποιήσασθαι
1172 1503 1307 1604 τὴν
1363 1502 1723 1603 ἀλήθειαν,
1781 1507 1999 1582 εἰπεῖν
2054 1501 2129 1581 δὲ
2183 1509 2474 1600 μᾶλλον
2529 1499 2624 1580 τὰ

138 1648 208 1689 10
230 1622 404 1702 κατὰ
463 1625 759 1727 γνώμην
819 1629 1078 1711 αὐτοῖς.
1182 1662 1316 1730 ορα
1383 1628 1528 1731 γὰρ
1594 1626 1790 1711 ὅπως
1856 1624 2412 1730 ἐμβριθέστερόν
2465 1659 2624 1709 πως

227 1746 475 1832 αὐτοὺς
530 1753 996 1851 διερωτῶντες
1051 1756 1287 1859 φασιν
1322 1750 1538 1838 Οὑτός
1597 1752 1771 1831 ἐστιν
1822 1760 1852 1832 ὁ
1909 1750 2044 1837 υἷος
2099 1748 2276 1855 ὑμων
2321 1752 2384 1831 ‘ov
2435 1753 2625 1854 ὑμεῖς

226 1873 513 1972 λέγει-ε’
498 1872 594 1952 ότι
630 1875 894 1980 τυφλος
934 1874 1260 1978 ἐγεννήθη·
1243 1938 1261 1973 ,
1307 1875 1531 1976 μόνον
1566 1875 1714 1979 γὰρ
1751 1877 1911 1980 οὐχὶ
1943 1873 2038 1955 τὰ
2072 1872 2411 1955 πανδεινα
2445 1875 2625 1977 δρᾶν

226 1999 318 2077 εἰς
371 1994 632 2081 αὐτοῦς
680 1999 1256 2104 διισχυρίζονται,
1303 2005 1417 2080 καὶ
1473 2000 1757 2146 ἀμέτρω
1814 1995 2305 2080 καταπτοοῦσι
2348 1999 2623 2093 δείματι

225 2119 400 2221 πρὸς
449 2124 673 2202 ἐκεῖνο
727 2132 1112 2208 καλοῦντες
1161 2127 1257 2209 ὡς
1294 2124 1455 2233 ἐξ’
1412 2124 1732 2226 ανάγκης
1770 2158 1884 2203 και
1926 2122 2170 2218 βίας”’
2130 2155 2309 2224 οπερ
2345 2120 2625 2202 ἀκούειν

137 2266 203 2324 15
226 2242 509 2342 ἤθελον.
585 2255 798 2327 τοῦτο
850 2246 926 2327 δε
976 2245 1065 2347 ἦν
1101 2247 1185 2329 τό
1223 2251 1384 2329 Οὐκ
1428 2248 1771 2350 ἐγεννήθη
1811 2246 2113 2354 τυφλός.
2195 2245 2292 2330 εις
2339 2245 2486 2348 γὰρ
2535 2243 2626 2345 ἦν

226 2369 299 2448 ἐν
351 2372 591 2453 αὐτοῖς
658 2376 773 2451 καὶ
841 2373 1214 2472 δυσσεβὴς
1278 2376 1319 2454 ὁ
1384 2407 1684 2472 σκοπος,
1741 2370 1874 2472 τὴν
1927 2375 2042 2452 ἐπὶ
2106 2376 2412 2479 Χριστῷ
2476 2377 2621 2450 τῶν
2650 2408 2686 2451 ο

224 2491 467 2599 ὄχλων
504 2506 930 2599 παραλῦσαι
984 2497 1367 2606 διάληψιν,
1409 2502 1527 2577 καὶ
1564 2498 1966 2604 ἀνατρέψαι
2004 2503 2148 2576 τῶν
2185 2496 2321 2596 ηδη
2361 2501 2618 2575 τεθαυ-

225 2620 557 2716 μακότων
593 2620 726 2720 τὴν
768 2622 1152 2724 ἀγνώμονα
1206 2625 1481 2703 πίστιν.
1564 2622 1783 2724 ὅνπερ
1838 2622 1913 2700 δὲ
1968 2620 2237 2724 τρόπον
2279 2624 2347 2699 οἱ
2400 2619 2626 2700 πόλιν

225 2744 382 2823 τινὰ
448 2752 595 2824 τῶν
654 2745 1194 2850 εὐτυχεστάτων
1251 2748 1524 2855 ἐξελεῖν
1583 2743 2128 2847 σπουδάζοντες,
2183 2743 2427 2851 κύκλῳ
2495 2743 2626 2841 μὲν

131 2897 199 2937 20
225 2865 525 2949 ἅπασαν
585 2872 1017 2971 περιθέουσι,
1080 2874 1562 2954 παντοδαποῖς
1640 2869 1716 2950 δὲ
1792 2867 2012 2970 αὐτὴν
2072 2870 2626 2970 ἐκπολιορκοῦσι

222 2991 538 3094 τρόποις,
574 2994 751 3075 ποτὲ
788 2994 917 3090 μὲν
954 2995 1340 3099 διορύττειν
1377 2993 1506 3078 τὰς
1540 2991 1958 3097 ὑποβάθρας
1994 2993 2413 3093 ἐπείγονται,
2449 2989 2625 3071 ποτὲ

222 3116 298 3195 δὲ
353 3125 504 3203 τοῖς
560 3118 864 3220 πύργοις
918 3118 1048 3202 τὰς
1096 3122 1174 3199 ἐκ
1230 3124 1375 3198 τῶν
1428 3116 1833 3198 ἐλεπόλεων
1887 3118 2237 3221 ἐφιστᾶσι
2299 3114 2617 3217 πληγάς·

221 3242 407 3321 οὕτω
448 3244 565 3320 καὶ
604 3247 670 3320 οἱ
708 3242 1109 3341 πάντολμοι
1150 3248 1538 3343 Φαρισαῖοι
1572 3250 1728 3326 ταῖς
1772 3248 1992 3346 σφῶν
2032 3242 2266 3319 αὐτῶν
2302 3241 2616 3340 δυστρο-

217 3366 412 3448 πιάις
465 3374 947 3468 πολιορκοῦσι
994 3366 1079 3446 τὸ
1136 3373 1394 3465 θαῦμα,
1434 3369 1550 3446 καὶ
1596 3365 1869 3469 τρόπον
1905 3364 2154 3444 οὐδένα
2190 3363 2626 3457 δυσσεβείας

128 3510 195 3568 ²5
219 3487 922 3588 καταλιμπάνουσιν.
1020 3491 1191 3569 ἀλλ’
1239 3492 1364 3570 οὐκ
1421 3489 1511 3591 ἦν
1566 3489 1651 3570 τὸ
1705 3497 1893 3571 πᾶσι
1948 3488 2472 3592 διεγνωσμένον
2528 3490 2625 3573 ὡς
2651 3506 2697 3572 d

218 3608 452 3691 ἕωλον
498 3613 1122 3717 ἀποκρούσασθαι,
1169 3618 1286 3694 καὶ
1342 3612 1427 3694 τὸ
1479 3621 1790 3696 πολλοῖς
1845 3613 1982 3715 ἤδη
2037 3611 2628 3712 τεθαυμασμένον

218 3740 317 3819 εἷς
356 3739 864 3844 ἀφανεστέραν
898 3739 1401 3845 καταστρέψαι
1438 3739 1818 3845 διάληψιν.

298 3995 345 4032 1.
383 3978 451 4032 οὗ
476 3976 569 4031 δύο
593 3975 787 4049 όμνον]
805 3977 952 4032 αὐτοὶ
975 3977 1036 4031 οὔ
1060 3975 1153 4032 δύο
1176 3979 1346 4045 μόνων
1368 3994 1416 4031 8.
1570 3993 1619 4030 2.
1655 3973 1937 4046 πλειόνων]
1969 3981 2029 4040 -Ι-
2059 3980 2161 4030 τῶν
2182 3974 2631 4055 παραστησᾴντων

221 4049 397 4105 αὐτοῖς
433 4050 525 4103 τὸν
559 4050 766 4117 τυφλὸν
792 4049 877 4118 (ex
917 4048 1019 4102 612
1046 4065 1075 4101 e
1112 4065 1274 4117 supra
1325 4065 1354 4101 e
1392 4046 1510 4101 Cat.
1544 4046 1698 4101 Harl.
1723 4056 1785 4101 ut
1820 4046 2085 4101 adnotat
2073 4064 2189 4116 lpse
2214 4045 2357 4099 Aub.
2384 4055 2437 4099 et
2473 4046 2545 4098 ita
2580 4061 2628 4098 a.

312 4117 646 4190 ἕρχονται]”
611 4140 857 4189 αρχονται
885 4118 952 4173 Β.
1058 4120 1229 4189 γονεῖς
1568 4120 1671 4173 νεῖς
1698 4117 1798 4172 Ed.
2114 4119 2206 4187 τῆς
2229 4116 2378 4186 prius
2440 4120 2498 4179 4-
2526 4120 2631 4169 τῶν

222 4135 334 4244 {101
318 4191 411 4245 let.
440 4189 544 4244 Ed.
694 4205 776 4244 11.
815 4190 999 4246 αὐτοὺς
1021 4199 1361 4259 assumptum
1385 4206 1450 4243 ex
1416 4140 1544 4242 κθ
1653 4188 1998 4258 διερωτῶντας
2029 4132 2089 4240 Β.
2399 4182 2627 4255 νρτὶυε]

220 4259 337 4315 ἐστι
362 4279 415 4314 8.
592 4259 674 4314 16.
713 4259 824 4332 ἐπὶ]
854 4267 916 4329 -Ι-
947 4264 1018 4333 τῷ
1043 4279 1348 4314 8..
1382 4262 1684 4329 παραλῦσαι
1709 4210 1988 4330 διάληψιν]
2017 4203 2268 4312 διαλῦσαιῘ
2287 4257 2556 4326 ὑπόληψιν
2579 4274 2629 4309 a.

222 4332 760 4455 1αἱ).εὗτειχεστατιιον
782 4331 1029 4385 emendat
1057 4276 1288 4400 Heyee.1
1316 4340 1475 4384 esunt
1499 4330 1667 4383 baec
1653 4347 1709 4383 m
1735 4346 1783 4382 8.
2021 4343 2106 4399 25.
2145 4328 2630 4398 καταλαμβάνουσιν

282 4412 324 4457 t.
352 4402 463 4457 Ed.
491 4404 960 4471 καταλιμπανουσιν
985 4400 1285 4456 emendavit
1311 4411 1369 4455 ut
1394 4400 1651 4456 adnotat'
1640 4417 1752 4469 lpse
1779 4398 1924 4455 Aub
