<?xml version="1.0" encoding="UTF-8"?>
<!DOCTYPE html PUBLIC "-//W3C//DTD XHTML 1.0 Transitional//EN"
    "http://www.w3.org/TR/xhtml1/DTD/xhtml1-transitional.dtd">
<html xmlns="http://www.w3.org/1999/xhtml" xml:lang="en" lang="en">
 <head>
  <title>
</title>
<meta http-equiv="Content-Type" content="text/html;charset=utf-8" />
  <meta name='ocr-system' content='tesseract 3.04.00' />
  <meta name='ocr-capabilities' content='ocr_page ocr_carea ocr_par ocr_line ocrx_word'/>
</head>
<body>
  <div class='ocr_page' id='page_1' title='image "./sanctipatrisnos03pusegoog_0623.png"; bbox 0 0 3238 5158; ppageno 0'>
   <div class='ocr_carea' id='block_1_1' title="bbox 195 349 2590 420">
    <p class='ocr_par' dir='ltr' id='par_1_1' title="bbox 195 349 2590 420">
     <span class='ocr_line' id='line_1_1' title="bbox 195 349 2590 420; baseline 0.001 -7"><span class='ocrx_word' id='word_1_1' title='bbox 195 349 328 416; x_wconf 84' lang='lat' dir='ltr'>xvi.</span> <span class='ocrx_word' id='word_1_2' title='bbox 355 369 415 419; x_wconf 83' lang='lat'>2.</span> <span class='ocrx_word' id='word_1_3' title='bbox 559 353 674 419; x_wconf 93' lang='lat' dir='ltr'>IN</span> <span class='ocrx_word' id='word_1_4' title='bbox 735 354 803 420; x_wconf 80' lang='lat'>8.</span> <span class='ocrx_word' id='word_1_5' title='bbox 851 353 1366 420; x_wconf 83' lang='lat' dir='ltr'><strong>JOANNEM.</strong></span> <span class='ocrx_word' id='word_1_6' title='bbox 1456 351 1651 418; x_wconf 89' lang='lat' dir='ltr'><strong>LIB.</strong></span> <span class='ocrx_word' id='word_1_7' title='bbox 1698 352 1782 418; x_wconf 93' lang='lat' dir='ltr'>X.</span> <span class='ocrx_word' id='word_1_8' title='bbox 1873 349 2076 417; x_wconf 88' lang='lat' dir='ltr'>CAP.</span> <span class='ocrx_word' id='word_1_9' title='bbox 2125 350 2222 416; x_wconf 93' lang='grc' dir='ltr'>ΙΙ.</span> <span class='ocrx_word' id='word_1_10' title='bbox 2465 352 2590 415; x_wconf 89' lang='lat'>611</span> 
     </span>
    </p>
   </div>
   <div class='ocr_carea' id='block_1_2' title="bbox 86 514 2653 2116">
    <p class='ocr_par' dir='ltr' id='par_1_2' title="bbox 184 514 2596 991">
     <span class='ocr_line' id='line_1_2' title="bbox 191 514 2591 626; baseline 0.001 -33"><span class='ocrx_word' id='word_1_11' title='bbox 191 514 511 620; x_wconf 76' lang='grc' dir='ltr'>ἔχουσαν</span> <span class='ocrx_word' id='word_1_12' title='bbox 563 519 860 623; x_wconf 83' lang='grc' dir='ltr'>ἐδραίως</span> <span class='ocrx_word' id='word_1_13' title='bbox 914 519 1191 626; x_wconf 77' lang='grc' dir='ltr'>ψυχήν·</span> <span class='ocrx_word' id='word_1_14' title='bbox 1284 519 1369 601; x_wconf 85' lang='grc' dir='ltr'>τὸ</span> <span class='ocrx_word' id='word_1_15' title='bbox 1426 518 1503 601; x_wconf 82' lang='grc' dir='ltr'>δὲ</span> <span class='ocrx_word' id='word_1_16' title='bbox 1557 523 1655 606; x_wconf 85' lang='grc' dir='ltr'>ὡς</span> <span class='ocrx_word' id='word_1_17' title='bbox 1711 519 1874 626; x_wconf 82' lang='grc' dir='ltr'>ἥξοι</span> <span class='ocrx_word' id='word_1_18' title='bbox 1927 519 2046 598; x_wconf 77' lang='grc' dir='ltr'>καὶ</span> <span class='ocrx_word' id='word_1_19' title='bbox 2100 518 2308 599; x_wconf 80' lang='grc' dir='ltr'>ἔσται</span> <span class='ocrx_word' id='word_1_20' title='bbox 2357 526 2591 619; x_wconf 81' lang='grc' dir='ltr'>προῦ-</span> 
     </span>
     <span class='ocr_line' id='line_1_3' title="bbox 186 641 2589 752; baseline -0.001 -30"><span class='ocrx_word' id='word_1_21' title='bbox 186 641 613 741; x_wconf 77' lang='grc' dir='ltr'>ποπτευθὲν,</span> <span class='ocrx_word' id='word_1_22' title='bbox 651 645 1018 748; x_wconf 78' lang='grc' dir='ltr'>λειοτέραν</span> <span class='ocrx_word' id='word_1_23' title='bbox 1062 645 1109 726; x_wconf 80' lang='grc' dir='ltr'>ἕ</span> <span class='ocrx_word' id='word_1_24' title='bbox 1093 679 1205 752; x_wconf 91' lang='grc' dir='ltr'>χει</span> <span class='ocrx_word' id='word_1_25' title='bbox 1251 643 1385 746; x_wconf 86' lang='grc' dir='ltr'>τὴν</span> <span class='ocrx_word' id='word_1_26' title='bbox 1417 642 1753 749; x_wconf 84' lang='grc' dir='ltr'>πρόοδον,</span> <span class='ocrx_word' id='word_1_27' title='bbox 1792 646 1909 724; x_wconf 82' lang='grc' dir='ltr'>καὶ</span> <span class='ocrx_word' id='word_1_28' title='bbox 1954 641 2040 724; x_wconf 78' lang='grc' dir='ltr'>τὸ</span> <span class='ocrx_word' id='word_1_29' title='bbox 2089 643 2315 749; x_wconf 81' lang='grc' dir='ltr'>ἄχθος</span> <span class='ocrx_word' id='word_1_30' title='bbox 2364 642 2589 749; x_wconf 81' lang='grc' dir='ltr'>εὐφο-</span> 
     </span>
     <span class='ocr_line' id='line_1_4' title="bbox 184 762 2595 874; baseline 0.003 -29"><span class='ocrx_word' id='word_1_31' title='bbox 184 762 594 872; x_wconf 86' lang='grc' dir='ltr'>ρητότερον,</span> <span class='ocrx_word' id='word_1_32' title='bbox 634 770 732 853; x_wconf 83' lang='grc' dir='ltr'>ὧς</span> <span class='ocrx_word' id='word_1_33' title='bbox 780 773 1389 874; x_wconf 78' lang='grc' dir='ltr'>προεγνωσμένου</span> <span class='ocrx_word' id='word_1_34' title='bbox 1431 768 1569 870; x_wconf 80' lang='grc' dir='ltr'>ἤδη</span> <span class='ocrx_word' id='word_1_35' title='bbox 1618 771 1736 849; x_wconf 83' lang='grc' dir='ltr'>καὶ</span> <span class='ocrx_word' id='word_1_36' title='bbox 1784 766 2389 872; x_wconf 86' lang='grc' dir='ltr'>προτετριμμένον</span> <span class='ocrx_word' id='word_1_37' title='bbox 2438 771 2595 852; x_wconf 84' lang='grc' dir='ltr'>ταῖς</span> 
     </span>
     <span class='ocr_line' id='line_1_5' title="bbox 185 890 2596 991; baseline -0.001 -21"><span class='ocrx_word' id='word_1_38' title='bbox 185 897 320 970; x_wconf 84' lang='grc' dir='ltr'>τοῦ</span> <span class='ocrx_word' id='word_1_39' title='bbox 353 898 610 973; x_wconf 83' lang='grc' dir='ltr'>παθεῖν</span> <span class='ocrx_word' id='word_1_40' title='bbox 647 892 1169 978; x_wconf 82' lang='grc' dir='ltr'>ἀνενδοιάστως</span> <span class='ocrx_word' id='word_1_41' title='bbox 1210 892 1532 974; x_wconf 80' lang='grc' dir='ltr'>ἐλπίσιν.</span> <span class='ocrx_word' id='word_1_42' title='bbox 1606 890 1805 991; x_wconf 84' lang='grc' dir='ltr'>οἶμαι</span> <span class='ocrx_word' id='word_1_43' title='bbox 1854 891 1941 972; x_wconf 87' lang='grc' dir='ltr'>δέ</span> <span class='ocrx_word' id='word_1_44' title='bbox 1981 926 2053 973; x_wconf 89' lang='grc' dir='ltr'>τι</span> <span class='ocrx_word' id='word_1_45' title='bbox 2104 895 2223 971; x_wconf 82' lang='grc' dir='ltr'>καὶ</span> <span class='ocrx_word' id='word_1_46' title='bbox 2271 898 2596 971; x_wconf 86' lang='grc' dir='ltr'>τοιοῦτον</span> 
     </span>
    </p>

    <p class='ocr_par' dir='ltr' id='par_1_3' title="bbox 121 1011 2653 1618">
     <span class='ocr_line' id='line_1_6' title="bbox 121 1011 2595 1120; baseline -0 -26"><span class='ocrx_word' id='word_1_47' title='bbox 121 1032 159 1094; x_wconf 85' lang='grc'><strong>5</strong></span> <span class='ocrx_word' id='word_1_48' title='bbox 188 1013 652 1116; x_wconf 81' lang='grc' dir='ltr'>ὖποσημῆναι</span> <span class='ocrx_word' id='word_1_49' title='bbox 715 1018 1120 1112; x_wconf 86' lang='grc' dir='ltr'>βούλεσθαι</span> <span class='ocrx_word' id='word_1_50' title='bbox 1178 1015 1308 1098; x_wconf 81' lang='grc' dir='ltr'>τὸν</span> <span class='ocrx_word' id='word_1_51' title='bbox 1366 1014 1720 1119; x_wconf 88' lang='grc' dir='ltr'>Χριστόν.</span> <span class='ocrx_word' id='word_1_52' title='bbox 1818 1020 1876 1095; x_wconf 80' lang='grc' dir='ltr'>εἱ</span> <span class='ocrx_word' id='word_1_53' title='bbox 1945 1014 2089 1119; x_wconf 81' lang='grc' dir='ltr'>γὰρ</span> <span class='ocrx_word' id='word_1_54' title='bbox 2152 1011 2320 1117; x_wconf 87' lang='grc' dir='ltr'>ἐγω,</span> <span class='ocrx_word' id='word_1_55' title='bbox 2380 1016 2595 1120; x_wconf 80' lang='grc' dir='ltr'>φησὶ,</span> 
     </span>
     <span class='ocr_line' id='line_1_7' title="bbox 182 1137 2595 1244; baseline 0 -26"><span class='ocrx_word' id='word_1_56' title='bbox 182 1147 518 1219; x_wconf 85' lang='grc' dir='ltr'>τοσαῦτα</span> <span class='ocrx_word' id='word_1_57' title='bbox 552 1139 686 1239; x_wconf 80' lang='grc' dir='ltr'>μὲν</span> <span class='ocrx_word' id='word_1_58' title='bbox 720 1141 858 1242; x_wconf 91' lang='grc' dir='ltr'>ηδη</span> <span class='ocrx_word' id='word_1_59' title='bbox 901 1141 1604 1244; x_wconf 87' lang='grc' dir='ltr'>τεθαυματούργηκα,</span> <span class='ocrx_word' id='word_1_60' title='bbox 1641 1141 1759 1220; x_wconf 83' lang='grc' dir='ltr'>καὶ</span> <span class='ocrx_word' id='word_1_61' title='bbox 1807 1147 2021 1220; x_wconf 85' lang='grc' dir='ltr'>τοῦτο</span> <span class='ocrx_word' id='word_1_62' title='bbox 2070 1141 2185 1219; x_wconf 85' lang='grc' dir='ltr'>ἐπὶ</span> <span class='ocrx_word' id='word_1_63' title='bbox 2233 1137 2595 1242; x_wconf 85' lang='grc' dir='ltr'>μάρτυσιν</span> 
     </span>
     <span class='ocr_line' id='line_1_8' title="bbox 187 1262 2594 1372; baseline 0 -30"><span class='ocrx_word' id='word_1_64' title='bbox 187 1264 378 1362; x_wconf 82' lang='grc' dir='ltr'>ὑμῖν,</span> <span class='ocrx_word' id='word_1_65' title='bbox 415 1262 1037 1369; x_wconf 85' lang='grc' dir='ltr'>θαυματουργήσει</span> <span class='ocrx_word' id='word_1_66' title='bbox 1096 1263 1173 1346; x_wconf 83' lang='grc' dir='ltr'>δὲ</span> <span class='ocrx_word' id='word_1_67' title='bbox 1229 1267 1349 1345; x_wconf 81' lang='grc' dir='ltr'>καὶ</span> <span class='ocrx_word' id='word_1_68' title='bbox 1404 1266 1514 1372; x_wconf 87' lang='grc' dir='ltr'>ἐφ’</span> <span class='ocrx_word' id='word_1_69' title='bbox 1566 1267 1764 1365; x_wconf 81' lang='grc' dir='ltr'>ὑμῶν</span> <span class='ocrx_word' id='word_1_70' title='bbox 1809 1265 1849 1344; x_wconf 86' lang='grc' dir='ltr'>ὁ</span> <span class='ocrx_word' id='word_1_71' title='bbox 1903 1263 2409 1367; x_wconf 77' lang='grc' dir='ltr'>Παράκλητος·</span> <span class='ocrx_word' id='word_1_72' title='bbox 2476 1297 2594 1343; x_wconf 85' lang='grc' dir='ltr'>και</span> 
     </span>
     <span class='ocr_line' id='line_1_9' title="bbox 186 1385 2653 1491; baseline 0 -25"><span class='ocrx_word' id='word_1_73' title='bbox 186 1390 319 1488; x_wconf 84' lang='grc' dir='ltr'>τῆς</span> <span class='ocrx_word' id='word_1_74' title='bbox 390 1391 760 1470; x_wconf 84' lang='grc' dir='ltr'>Ἰουδαίων</span> <span class='ocrx_word' id='word_1_75' title='bbox 832 1388 1209 1475; x_wconf 84' lang='grc' dir='ltr'>ἀπονοίας.</span> <span class='ocrx_word' id='word_1_76' title='bbox 1246 1389 1377 1470; x_wconf 79' lang='grc' dir='ltr'>οὐκ</span> <span class='ocrx_word' id='word_1_77' title='bbox 1457 1386 1797 1490; x_wconf 83' lang='grc' dir='ltr'>ἀτονήσει</span> <span class='ocrx_word' id='word_1_78' title='bbox 1874 1385 1960 1469; x_wconf 80' lang='grc' dir='ltr'>τὸ</span> <span class='ocrx_word' id='word_1_79' title='bbox 2046 1387 2342 1491; x_wconf 85' lang='grc' dir='ltr'>θράσος,</span> <span class='ocrx_word' id='word_1_80' title='bbox 2414 1388 2589 1467; x_wconf 80' lang='grc' dir='ltr'>ἀλλ’</span> <span class='ocrx_word' id='word_1_81' title='bbox 2616 1429 2653 1474; x_wconf 77' lang='lat'>0</span> 
     </span>
     <span class='ocr_line' id='line_1_10' title="bbox 186 1505 2584 1618; baseline -0 -26"><span class='ocrx_word' id='word_1_82' title='bbox 186 1511 481 1594; x_wconf 77' lang='grc' dir='ltr'>ἔσονται</span> <span class='ocrx_word' id='word_1_83' title='bbox 513 1512 744 1595; x_wconf 83' lang='grc' dir='ltr'>πάλιν</span> <span class='ocrx_word' id='word_1_84' title='bbox 778 1517 854 1595; x_wconf 91' lang='grc' dir='ltr'>ἐν</span> <span class='ocrx_word' id='word_1_85' title='bbox 886 1513 1186 1613; x_wconf 88' lang='grc' dir='ltr'>τούτοις,</span> <span class='ocrx_word' id='word_1_86' title='bbox 1214 1515 1334 1593; x_wconf 81' lang='grc' dir='ltr'>καὶ</span> <span class='ocrx_word' id='word_1_87' title='bbox 1369 1515 1447 1594; x_wconf 86' lang='grc' dir='ltr'>ἐν</span> <span class='ocrx_word' id='word_1_88' title='bbox 1481 1520 1633 1597; x_wconf 88' lang='grc' dir='ltr'>τοῖς</span> <span class='ocrx_word' id='word_1_89' title='bbox 1669 1512 1771 1593; x_wconf 78' lang='grc' dir='ltr'>ἔτι</span> <span class='ocrx_word' id='word_1_90' title='bbox 1807 1511 2108 1618; x_wconf 87' lang='grc' dir='ltr'>χείροσι,</span> <span class='ocrx_word' id='word_1_91' title='bbox 2136 1509 2233 1618; x_wconf 67' lang='grc' dir='ltr'>μῗι</span> <span class='ocrx_word' id='word_1_92' title='bbox 2269 1505 2584 1593; x_wconf 63' lang='grc' dir='ltr'>σκανδα-</span> 
     </span>
    </p>

    <p class='ocr_par' dir='ltr' id='par_1_4' title="bbox 86 1634 2592 2116">
     <span class='ocr_line' id='line_1_11' title="bbox 86 1634 2585 1745; baseline -0.002 -26"><span class='ocrx_word' id='word_1_93' title='bbox 86 1664 162 1706; x_wconf 86' lang='lat'>10</span> <span class='ocrx_word' id='word_1_94' title='bbox 189 1637 475 1736; x_wconf 66' lang='grc' dir='ltr'>λισθῆτε,</span> <span class='ocrx_word' id='word_1_95' title='bbox 514 1640 771 1745; x_wconf 83' lang='grc' dir='ltr'>φησὶν,</span> <span class='ocrx_word' id='word_1_96' title='bbox 811 1638 985 1719; x_wconf 79' lang='grc' dir='ltr'>ὅταν</span> <span class='ocrx_word' id='word_1_97' title='bbox 1019 1638 1137 1718; x_wconf 76' lang='grc' dir='ltr'>καὶ</span> <span class='ocrx_word' id='word_1_98' title='bbox 1196 1639 1397 1718; x_wconf 81' lang='grc' dir='ltr'>αὐτοὶ</span> <span class='ocrx_word' id='word_1_99' title='bbox 1454 1645 1669 1718; x_wconf 85' lang='grc' dir='ltr'>τοῦτο</span> <span class='ocrx_word' id='word_1_100' title='bbox 1721 1635 2071 1719; x_wconf 88' lang='grc' dir='ltr'>παθόντες</span> <span class='ocrx_word' id='word_1_101' title='bbox 2125 1634 2585 1739; x_wconf 82' lang='grc' dir='ltr'>εὖρίσκησθε,</span> 
     </span>
     <span class='ocr_line' id='line_1_12' title="bbox 190 1756 2592 1868; baseline -0.002 -24"><span class='ocrx_word' id='word_1_102' title='bbox 190 1763 682 1865; x_wconf 79' lang='grc' dir='ltr'>διαμέμνησθε</span> <span class='ocrx_word' id='word_1_103' title='bbox 726 1761 803 1843; x_wconf 78' lang='grc' dir='ltr'>δὲ</span> <span class='ocrx_word' id='word_1_104' title='bbox 842 1770 1220 1868; x_wconf 85' lang='grc' dir='ltr'>πανταχοῦ</span> <span class='ocrx_word' id='word_1_105' title='bbox 1262 1768 1409 1843; x_wconf 80' lang='grc' dir='ltr'>τῶν</span> <span class='ocrx_word' id='word_1_106' title='bbox 1446 1762 1637 1861; x_wconf 84' lang='grc' dir='ltr'>ἐμῶν</span> <span class='ocrx_word' id='word_1_107' title='bbox 1668 1759 1941 1864; x_wconf 87' lang='grc' dir='ltr'>λόγων·</span> <span class='ocrx_word' id='word_1_108' title='bbox 2002 1771 2046 1808; x_wconf 82' lang='grc'><strong>“</strong></span> <span class='ocrx_word' id='word_1_109' title='bbox 2071 1760 2189 1839; x_wconf 81' lang='grc' dir='ltr'>Οὐ</span> <span class='ocrx_word' id='word_1_110' title='bbox 2236 1756 2382 1862; x_wconf 85' lang='grc' dir='ltr'>γάρ</span> <span class='ocrx_word' id='word_1_111' title='bbox 2432 1761 2592 1839; x_wconf 86' lang='grc' dir='ltr'>ἐστι</span> 
     </span>
     <span class='ocr_line' id='line_1_13' title="bbox 186 1881 2592 1991; baseline -0.003 -18"><span class='ocrx_word' id='word_1_112' title='bbox 186 1894 233 1935; x_wconf 88' lang='lat'><strong>“</strong></span> <span class='ocrx_word' id='word_1_113' title='bbox 265 1885 596 1990; x_wconf 82' lang='grc' dir='ltr'>μαθητὴς</span> <span class='ocrx_word' id='word_1_114' title='bbox 669 1885 846 1991; x_wconf 78' lang='grc' dir='ltr'>ὑπὲρ</span> <span class='ocrx_word' id='word_1_115' title='bbox 919 1884 1049 1968; x_wconf 78' lang='grc' dir='ltr'>τὸν</span> <span class='ocrx_word' id='word_1_116' title='bbox 1120 1884 1587 1984; x_wconf 85' lang='grc' dir='ltr'>διδάσκαλον,</span> <span class='ocrx_word' id='word_1_117' title='bbox 1648 1882 1810 1966; x_wconf 82' lang='grc' dir='ltr'>οὐδὲ</span> <span class='ocrx_word' id='word_1_118' title='bbox 1883 1887 2143 1968; x_wconf 84' lang='grc' dir='ltr'>δοῦλος</span> <span class='ocrx_word' id='word_1_119' title='bbox 2214 1881 2390 1987; x_wconf 77' lang='grc' dir='ltr'>ὑπὲρ</span> <span class='ocrx_word' id='word_1_120' title='bbox 2463 1882 2592 1965; x_wconf 82' lang='grc' dir='ltr'>τὸν</span> 
     </span>
     <span class='ocr_line' id='line_1_14' title="bbox 187 2011 859 2116; baseline 0 -22"><span class='ocrx_word' id='word_1_121' title='bbox 187 2021 234 2060; x_wconf 85' lang='grc'><strong>“</strong></span> <span class='ocrx_word' id='word_1_122' title='bbox 266 2011 517 2116; x_wconf 83' lang='grc' dir='ltr'>κύριον</span> <span class='ocrx_word' id='word_1_123' title='bbox 570 2013 859 2094; x_wconf 83' lang='grc' dir='ltr'>αὐτοῦ.”</span> 
     </span>
    </p>
   </div>
   <div class='ocr_carea' id='block_1_3' title="bbox 2681 1752 2935 1882">
    <p class='ocr_par' dir='ltr' id='par_1_5' title="bbox 2681 1752 2935 1882">
     <span class='ocr_line' id='line_1_15' title="bbox 2681 1752 2935 1806; baseline 0.016 -4"><span class='ocrx_word' id='word_1_124' title='bbox 2681 1752 2935 1806; x_wconf 57' lang='lat' dir='ltr'>amath.</span> 
     </span>
     <span class='ocr_line' id='line_1_16' title="bbox 2681 1834 2842 1882; baseline 0.025 -15"><span class='ocrx_word' id='word_1_125' title='bbox 2681 1834 2733 1868; x_wconf 82' lang='lat' dir='ltr'>x.</span> <span class='ocrx_word' id='word_1_126' title='bbox 2761 1834 2842 1882; x_wconf 80' lang='lat'>²4·</span> 
     </span>
    </p>
   </div>
   <div class='ocr_carea' id='block_1_4' title="bbox 92 2262 2652 2484">
    <p class='ocr_par' dir='ltr' id='par_1_6' title="bbox 92 2262 2652 2484">
     <span class='ocr_line' id='line_1_17' title="bbox 179 2262 2652 2355; baseline 0.001 -25"><span class='ocrx_word' id='word_1_127' title='bbox 179 2262 762 2342; x_wconf 78' lang='grc' dir='ltr'>ἈποσυναΓώι-ουε</span> <span class='ocrx_word' id='word_1_128' title='bbox 815 2268 1196 2334; x_wconf 73' lang='grc' dir='ltr'>ποιήσουσιν</span> <span class='ocrx_word' id='word_1_129' title='bbox 1251 2266 1437 2343; x_wconf 71' lang='grc' dir='ltr'>ὑμᾶς·</span> <span class='ocrx_word' id='word_1_130' title='bbox 1505 2264 1641 2332; x_wconf 78' lang='grc' dir='ltr'>ἀλλ’</span> <span class='ocrx_word' id='word_1_131' title='bbox 1702 2265 1961 2355; x_wconf 81' lang='grc' dir='ltr'>ἔρχεται</span> <span class='ocrx_word' id='word_1_132' title='bbox 2013 2266 2157 2355; x_wconf 82' lang='grc' dir='ltr'>ὥρα</span> <span class='ocrx_word' id='word_1_133' title='bbox 2208 2264 2317 2331; x_wconf 80' lang='grc' dir='ltr'>ἵνα</span> <span class='ocrx_word' id='word_1_134' title='bbox 2369 2266 2500 2332; x_wconf 79' lang='grc' dir='ltr'>πᾶε</span> <span class='ocrx_word' id='word_1_135' title='bbox 2551 2263 2652 2333; x_wconf 76' lang='lat'>62</span> 
     </span>
     <span class='ocr_line' id='line_1_18' title="bbox 92 2389 2401 2484; baseline 0 -22"><span class='ocrx_word' id='word_1_136' title='bbox 92 2397 162 2462; x_wconf 87' lang='lat'>15</span> <span class='ocrx_word' id='word_1_137' title='bbox 379 2389 779 2458; x_wconf 69' lang='grc' dir='ltr'>ἀποκτείνας</span> <span class='ocrx_word' id='word_1_138' title='bbox 831 2392 999 2468; x_wconf 69' lang='grc' dir='ltr'>ὑμᾶς</span> <span class='ocrx_word' id='word_1_139' title='bbox 1051 2391 1212 2484; x_wconf 68' lang='grc' dir='ltr'>δόξῃ</span> <span class='ocrx_word' id='word_1_140' title='bbox 1265 2392 1577 2483; x_wconf 79' lang='grc' dir='ltr'>λατρείαν</span> <span class='ocrx_word' id='word_1_141' title='bbox 1631 2394 2030 2484; x_wconf 77' lang='grc' dir='ltr'>προσφέρειν</span> <span class='ocrx_word' id='word_1_142' title='bbox 2083 2393 2180 2477; x_wconf 79' lang='grc' dir='ltr'>τῷ</span> <span class='ocrx_word' id='word_1_143' title='bbox 2230 2391 2401 2478; x_wconf 83' lang='grc' dir='ltr'>Θεῷ.</span> 
     </span>
    </p>
   </div>
   <div class='ocr_carea' id='block_1_5' title="bbox 86 2559 2927 4537">
    <p class='ocr_par' dir='ltr' id='par_1_7' title="bbox 187 2559 2927 3049">
     <span class='ocr_line' id='line_1_19' title="bbox 290 2559 2927 2670; baseline -0.002 -23"><span class='ocrx_word' id='word_1_144' title='bbox 290 2562 728 2667; x_wconf 84' lang='grc' dir='ltr'>Ἀνεκόμισε</span> <span class='ocrx_word' id='word_1_145' title='bbox 777 2563 961 2670; x_wconf 83' lang='grc' dir='ltr'>πρὸς</span> <span class='ocrx_word' id='word_1_146' title='bbox 1009 2565 1185 2648; x_wconf 80' lang='grc' dir='ltr'>αὐτὸ</span> <span class='ocrx_word' id='word_1_147' title='bbox 1237 2564 1321 2647; x_wconf 81' lang='grc' dir='ltr'>τὸ</span> <span class='ocrx_word' id='word_1_148' title='bbox 1371 2562 1686 2664; x_wconf 82' lang='grc' dir='ltr'>πάντων,</span> <span class='ocrx_word' id='word_1_149' title='bbox 1724 2569 1821 2651; x_wconf 82' lang='grc' dir='ltr'>ὡς</span> <span class='ocrx_word' id='word_1_150' title='bbox 1866 2565 2037 2652; x_wconf 75' lang='grc' dir='ltr'>ἔπος</span> <span class='ocrx_word' id='word_1_151' title='bbox 2085 2569 2325 2663; x_wconf 79' lang='grc' dir='ltr'>εἰπεῖν,</span> <span class='ocrx_word' id='word_1_152' title='bbox 2361 2559 2579 2667; x_wconf 82' lang='grc' dir='ltr'>ἄκρό·</span> <span class='ocrx_word' id='word_1_153' title='bbox 2611 2592 2649 2634; x_wconf 72' lang='lat' dir='ltr'><strong>a</strong></span> <span class='ocrx_word' id='word_1_154' title='bbox 2703 2579 2827 2636; x_wconf 78' lang='grc'>918</span> <span class='ocrx_word' id='word_1_155' title='bbox 2845 2578 2927 2639; x_wconf 83' lang='lat' dir='ltr'>A·</span> 
     </span>
     <span class='ocr_line' id='line_1_20' title="bbox 187 2686 2589 2794; baseline -0.002 -23"><span class='ocrx_word' id='word_1_156' title='bbox 187 2724 408 2772; x_wconf 89' lang='grc' dir='ltr'>τατον</span> <span class='ocrx_word' id='word_1_157' title='bbox 444 2698 593 2771; x_wconf 83' lang='grc' dir='ltr'>τῶν</span> <span class='ocrx_word' id='word_1_158' title='bbox 630 2694 900 2790; x_wconf 81' lang='grc' dir='ltr'>δεινῶν,</span> <span class='ocrx_word' id='word_1_159' title='bbox 933 2699 1064 2772; x_wconf 88' lang='grc' dir='ltr'>τοῦ</span> <span class='ocrx_word' id='word_1_160' title='bbox 1103 2690 1431 2772; x_wconf 83' lang='grc' dir='ltr'>κινδύνου</span> <span class='ocrx_word' id='word_1_161' title='bbox 1468 2687 1602 2790; x_wconf 85' lang='grc' dir='ltr'>τὴν</span> <span class='ocrx_word' id='word_1_162' title='bbox 1639 2688 2065 2794; x_wconf 82' lang='grc' dir='ltr'>πρόῤῥησιν,</span> <span class='ocrx_word' id='word_1_163' title='bbox 2106 2689 2242 2794; x_wconf 81' lang='grc' dir='ltr'>οὐχ</span> <span class='ocrx_word' id='word_1_164' title='bbox 2289 2687 2408 2767; x_wconf 84' lang='grc' dir='ltr'>ἵνα</span> <span class='ocrx_word' id='word_1_165' title='bbox 2456 2686 2589 2787; x_wconf 86' lang='grc' dir='ltr'>τὴν</span> 
     </span>
     <span class='ocr_line' id='line_1_21' title="bbox 188 2809 2589 2921; baseline -0.002 -26"><span class='ocrx_word' id='word_1_166' title='bbox 188 2814 543 2921; x_wconf 73' lang='grc' dir='ltr'>ἄνανδρον</span> <span class='ocrx_word' id='word_1_167' title='bbox 576 2823 727 2901; x_wconf 87' lang='grc' dir='ltr'>τοῖς</span> <span class='ocrx_word' id='word_1_168' title='bbox 764 2818 1021 2897; x_wconf 84' lang='grc' dir='ltr'>ἑαυτοῦ</span> <span class='ocrx_word' id='word_1_169' title='bbox 1056 2822 1410 2916; x_wconf 76' lang='grc' dir='ltr'>μαθηταῖς</span> <span class='ocrx_word' id='word_1_170' title='bbox 1460 2813 1936 2918; x_wconf 81' lang='grc' dir='ltr'>ἐνεργάσηται</span> <span class='ocrx_word' id='word_1_171' title='bbox 1984 2814 2265 2894; x_wconf 83' lang='grc' dir='ltr'>πτοίαν·</span> <span class='ocrx_word' id='word_1_172' title='bbox 2324 2813 2409 2891; x_wconf 82' lang='grc' dir='ltr'>οὐ</span> <span class='ocrx_word' id='word_1_173' title='bbox 2444 2809 2589 2914; x_wconf 81' lang='grc' dir='ltr'>γὰρ</span> 
     </span>
     <span class='ocr_line' id='line_1_22' title="bbox 188 2932 2589 3049; baseline -0.002 -29"><span class='ocrx_word' id='word_1_174' title='bbox 188 2937 276 3020; x_wconf 81' lang='grc' dir='ltr'>ἂν</span> <span class='ocrx_word' id='word_1_175' title='bbox 310 2942 593 3044; x_wconf 83' lang='grc' dir='ltr'>ἥρμοσε</span> <span class='ocrx_word' id='word_1_176' title='bbox 642 2945 823 3046; x_wconf 83' lang='grc' dir='ltr'>δρᾶν</span> <span class='ocrx_word' id='word_1_177' title='bbox 857 2946 963 3049; x_wconf 75' lang='grc' dir='ltr'>τῷ</span> <span class='ocrx_word' id='word_1_178' title='bbox 1020 2974 1107 3044; x_wconf 91' lang='grc' dir='ltr'>γε</span> <span class='ocrx_word' id='word_1_179' title='bbox 1160 2937 1352 3023; x_wconf 80' lang='grc' dir='ltr'>ὅλως</span> <span class='ocrx_word' id='word_1_180' title='bbox 1394 2939 1871 3043; x_wconf 89' lang='grc' dir='ltr'>παροτρύνειν</span> <span class='ocrx_word' id='word_1_181' title='bbox 1903 2936 2225 3018; x_wconf 78' lang='grc' dir='ltr'>ἐθέλοντι</span> <span class='ocrx_word' id='word_1_182' title='bbox 2274 2933 2457 3037; x_wconf 80' lang='grc' dir='ltr'>πρὸς</span> <span class='ocrx_word' id='word_1_183' title='bbox 2503 2932 2589 3015; x_wconf 81' lang='grc' dir='ltr'>τὸ</span> 
     </span>
    </p>

    <p class='ocr_par' dir='ltr' id='par_1_8' title="bbox 91 3058 2656 3672">
     <span class='ocr_line' id='line_1_23' title="bbox 91 3058 2590 3170; baseline -0.001 -31"><span class='ocrx_word' id='word_1_184' title='bbox 91 3100 166 3140; x_wconf 85' lang='lat'>20</span> <span class='ocrx_word' id='word_1_185' title='bbox 189 3065 684 3167; x_wconf 81' lang='grc' dir='ltr'>εὖτολμότατα</span> <span class='ocrx_word' id='word_1_186' title='bbox 719 3067 890 3147; x_wconf 85' lang='grc' dir='ltr'>λίαν</span> <span class='ocrx_word' id='word_1_187' title='bbox 923 3063 1053 3146; x_wconf 79' lang='grc' dir='ltr'>τὸν</span> <span class='ocrx_word' id='word_1_188' title='bbox 1090 3060 1562 3166; x_wconf 82' lang='grc' dir='ltr'>εὖαγγελικὸν</span> <span class='ocrx_word' id='word_1_189' title='bbox 1598 3062 1903 3170; x_wconf 81' lang='grc' dir='ltr'>κηρῦξαι</span> <span class='ocrx_word' id='word_1_190' title='bbox 1947 3059 2200 3164; x_wconf 87' lang='grc' dir='ltr'>λόγον·</span> <span class='ocrx_word' id='word_1_191' title='bbox 2264 3060 2434 3139; x_wconf 83' lang='grc' dir='ltr'>ἀλλ’</span> <span class='ocrx_word' id='word_1_192' title='bbox 2473 3058 2590 3138; x_wconf 82' lang='grc' dir='ltr'>ἵνα</span> 
     </span>
     <span class='ocr_line' id='line_1_24' title="bbox 186 3180 2590 3297; baseline -0.003 -28"><span class='ocrx_word' id='word_1_193' title='bbox 186 3188 312 3270; x_wconf 79' lang='grc' dir='ltr'>τὸν</span> <span class='ocrx_word' id='word_1_194' title='bbox 365 3188 713 3272; x_wconf 83' lang='grc' dir='ltr'>ἀνωτάτω</span> <span class='ocrx_word' id='word_1_195' title='bbox 769 3189 1030 3297; x_wconf 88' lang='grc' dir='ltr'>φόβον,</span> <span class='ocrx_word' id='word_1_196' title='bbox 1070 3192 1167 3272; x_wconf 83' lang='grc' dir='ltr'>ὡς</span> <span class='ocrx_word' id='word_1_197' title='bbox 1222 3187 1360 3289; x_wconf 80' lang='grc' dir='ltr'>ἤδη</span> <span class='ocrx_word' id='word_1_198' title='bbox 1408 3184 2031 3290; x_wconf 83' lang='grc' dir='ltr'>προεγνωσμένου,</span> <span class='ocrx_word' id='word_1_199' title='bbox 2068 3186 2357 3288; x_wconf 82' lang='grc' dir='ltr'>εὖτριβῆ</span> <span class='ocrx_word' id='word_1_200' title='bbox 2413 3180 2590 3262; x_wconf 81' lang='grc' dir='ltr'>ὄντα</span> 
     </span>
     <span class='ocr_line' id='line_1_25' title="bbox 187 3305 2589 3418; baseline -0.004 -24"><span class='ocrx_word' id='word_1_201' title='bbox 187 3312 302 3394; x_wconf 79' lang='grc' dir='ltr'>διὰ</span> <span class='ocrx_word' id='word_1_202' title='bbox 349 3323 566 3396; x_wconf 84' lang='grc' dir='ltr'>τοῦτο</span> <span class='ocrx_word' id='word_1_203' title='bbox 612 3313 1177 3418; x_wconf 85' lang='grc' dir='ltr'>παρωθούμενοι,</span> <span class='ocrx_word' id='word_1_204' title='bbox 1230 3309 1503 3395; x_wconf 84' lang='grc' dir='ltr'>παντὸς</span> <span class='ocrx_word' id='word_1_205' title='bbox 1549 3308 1683 3410; x_wconf 79' lang='grc' dir='ltr'>μὲν</span> <span class='ocrx_word' id='word_1_206' title='bbox 1725 3309 1864 3411; x_wconf 81' lang='grc' dir='ltr'>ἤδη</span> <span class='ocrx_word' id='word_1_207' title='bbox 1920 3305 2589 3389; x_wconf 84' lang='grc' dir='ltr'>κατανεανιεύωνται</span> 
     </span>
     <span class='ocr_line' id='line_1_26' title="bbox 187 3431 2656 3540; baseline -0.001 -22"><span class='ocrx_word' id='word_1_208' title='bbox 187 3448 431 3539; x_wconf 87' lang='grc' dir='ltr'>κακοῦ,</span> <span class='ocrx_word' id='word_1_209' title='bbox 460 3439 728 3540; x_wconf 82' lang='grc' dir='ltr'>μηδένα</span> <span class='ocrx_word' id='word_1_210' title='bbox 767 3438 842 3519; x_wconf 80' lang='grc' dir='ltr'>δὲ</span> <span class='ocrx_word' id='word_1_211' title='bbox 881 3438 1075 3523; x_wconf 79' lang='grc' dir='ltr'>ὅλως</span> <span class='ocrx_word' id='word_1_212' title='bbox 1109 3442 1432 3519; x_wconf 88' lang='grc' dir='ltr'>ποιοῖντο</span> <span class='ocrx_word' id='word_1_213' title='bbox 1468 3431 1719 3536; x_wconf 87' lang='grc' dir='ltr'>λόγου,</span> <span class='ocrx_word' id='word_1_214' title='bbox 1744 3432 1923 3535; x_wconf 84' lang='grc' dir='ltr'>μηδὲ</span> <span class='ocrx_word' id='word_1_215' title='bbox 1958 3432 2151 3536; x_wconf 80' lang='grc' dir='ltr'>εἴπερ</span> <span class='ocrx_word' id='word_1_216' title='bbox 2188 3467 2260 3513; x_wconf 92' lang='grc' dir='ltr'>τι</span> <span class='ocrx_word' id='word_1_217' title='bbox 2294 3431 2586 3533; x_wconf 86' lang='grc' dir='ltr'>προσίοι</span> <span class='ocrx_word' id='word_1_218' title='bbox 2613 3450 2656 3515; x_wconf 94' lang='lat' dir='ltr'>b</span> 
     </span>
     <span class='ocr_line' id='line_1_27' title="bbox 186 3553 2589 3672; baseline -0.003 -30"><span class='ocrx_word' id='word_1_219' title='bbox 186 3569 331 3644; x_wconf 79' lang='grc' dir='ltr'>τῶν</span> <span class='ocrx_word' id='word_1_220' title='bbox 384 3562 939 3672; x_wconf 85' lang='grc' dir='ltr'>ἀφορητοτέρων</span> <span class='ocrx_word' id='word_1_221' title='bbox 995 3568 1233 3643; x_wconf 80' lang='grc' dir='ltr'>κακῶν</span> <span class='ocrx_word' id='word_1_222' title='bbox 1292 3556 1467 3641; x_wconf 82' lang='grc' dir='ltr'>εἶναι</span> <span class='ocrx_word' id='word_1_223' title='bbox 1542 3558 1966 3639; x_wconf 84' lang='grc' dir='ltr'>δοκούντων.</span> <span class='ocrx_word' id='word_1_224' title='bbox 2067 3565 2214 3642; x_wconf 92' lang='grc' dir='ltr'>τοῖς</span> <span class='ocrx_word' id='word_1_225' title='bbox 2284 3553 2430 3660; x_wconf 77' lang='grc' dir='ltr'>γὰρ</span> <span class='ocrx_word' id='word_1_226' title='bbox 2502 3553 2589 3635; x_wconf 82' lang='grc' dir='ltr'>τὸ</span> 
     </span>
    </p>

    <p class='ocr_par' dir='ltr' id='par_1_9' title="bbox 89 3677 2666 4289">
     <span class='ocr_line' id='line_1_28' title="bbox 89 3677 2666 3789; baseline -0.003 -23"><span class='ocrx_word' id='word_1_227' title='bbox 89 3715 162 3777; x_wconf 79' lang='lat'>25</span> <span class='ocrx_word' id='word_1_228' title='bbox 186 3685 419 3789; x_wconf 78' lang='grc' dir='ltr'>μεῖζον</span> <span class='ocrx_word' id='word_1_229' title='bbox 469 3689 553 3768; x_wconf 82' lang='grc' dir='ltr'>οὐ</span> <span class='ocrx_word' id='word_1_230' title='bbox 609 3685 994 3787; x_wconf 87' lang='grc' dir='ltr'>δεδοικόσι,</span> <span class='ocrx_word' id='word_1_231' title='bbox 1032 3686 1251 3767; x_wconf 89' lang='grc' dir='ltr'>ποίαν</span> <span class='ocrx_word' id='word_1_232' title='bbox 1303 3682 1392 3765; x_wconf 81' lang='grc' dir='ltr'>ἂν</span> <span class='ocrx_word' id='word_1_233' title='bbox 1445 3683 1701 3789; x_wconf 81' lang='grc' dir='ltr'>ζημίαν</span> <span class='ocrx_word' id='word_1_234' title='bbox 1750 3684 2025 3764; x_wconf 85' lang='grc' dir='ltr'>ἐποίσει</span> <span class='ocrx_word' id='word_1_235' title='bbox 2079 3678 2164 3762; x_wconf 81' lang='grc' dir='ltr'>τὸ</span> <span class='ocrx_word' id='word_1_236' title='bbox 2221 3677 2579 3776; x_wconf 73' lang='grc' dir='ltr'>ἐ’λαττονς</span> <span class='ocrx_word' id='word_1_237' title='bbox 2647 3724 2666 3739; x_wconf 78' lang='lat'><em>,</em></span> 
     </span>
     <span class='ocr_line' id='line_1_29' title="bbox 188 3805 2590 3915; baseline -0.002 -27"><span class='ocrx_word' id='word_1_238' title='bbox 188 3815 252 3889; x_wconf 82' lang='grc' dir='ltr'>οἱ</span> <span class='ocrx_word' id='word_1_239' title='bbox 311 3812 387 3892; x_wconf 81' lang='grc' dir='ltr'>δὲ</span> <span class='ocrx_word' id='word_1_240' title='bbox 446 3814 566 3892; x_wconf 81' lang='grc' dir='ltr'>καὶ</span> <span class='ocrx_word' id='word_1_241' title='bbox 630 3818 775 3891; x_wconf 81' lang='grc' dir='ltr'>τῶν</span> <span class='ocrx_word' id='word_1_242' title='bbox 829 3818 927 3896; x_wconf 80' lang='grc' dir='ltr'>εἷς</span> <span class='ocrx_word' id='word_1_243' title='bbox 988 3811 1212 3914; x_wconf 76' lang='grc' dir='ltr'>ἄκρον</span> <span class='ocrx_word' id='word_1_244' title='bbox 1265 3807 1587 3915; x_wconf 84' lang='grc' dir='ltr'>ἡκόντων</span> <span class='ocrx_word' id='word_1_245' title='bbox 1650 3805 1999 3908; x_wconf 81' lang='grc' dir='ltr'>δειμάτων</span> <span class='ocrx_word' id='word_1_246' title='bbox 2058 3811 2590 3907; x_wconf 88' lang='grc' dir='ltr'>κατευμεγεθεῖν</span> 
     </span>
     <span class='ocr_line' id='line_1_30' title="bbox 184 3928 2589 4036; baseline -0.002 -24"><span class='ocrx_word' id='word_1_247' title='bbox 184 3934 594 4035; x_wconf 85' lang='grc' dir='ltr'>ἐγνωκότες,</span> <span class='ocrx_word' id='word_1_248' title='bbox 654 3935 772 4017; x_wconf 80' lang='grc' dir='ltr'>διὰ</span> <span class='ocrx_word' id='word_1_249' title='bbox 831 3935 1021 4021; x_wconf 90' lang='grc' dir='ltr'>τίνος</span> <span class='ocrx_word' id='word_1_250' title='bbox 1085 3934 1188 4015; x_wconf 76' lang='grc' dir='ltr'>ἔτι</span> <span class='ocrx_word' id='word_1_251' title='bbox 1251 3941 1398 4015; x_wconf 82' lang='grc' dir='ltr'>τῶν</span> <span class='ocrx_word' id='word_1_252' title='bbox 1459 3932 1719 4012; x_wconf 78' lang='grc' dir='ltr'>ἄλλων</span> <span class='ocrx_word' id='word_1_253' title='bbox 1780 3936 2197 4036; x_wconf 84' lang='grc' dir='ltr'>ταραχθεῖεν</span> <span class='ocrx_word' id='word_1_254' title='bbox 2252 3928 2389 4026; x_wconf 74' lang='grc' dir='ltr'>ἅνς</span> <span class='ocrx_word' id='word_1_255' title='bbox 2470 3929 2589 4008; x_wconf 82' lang='grc' dir='ltr'>ἵνα</span> 
     </span>
     <span class='ocr_line' id='line_1_31' title="bbox 183 4051 2589 4163; baseline -0.002 -27"><span class='ocrx_word' id='word_1_256' title='bbox 183 4059 421 4140; x_wconf 87' lang='grc' dir='ltr'>τοίνυν</span> <span class='ocrx_word' id='word_1_257' title='bbox 494 4063 793 4163; x_wconf 83' lang='grc' dir='ltr'>εὐτρεπῆ</span> <span class='ocrx_word' id='word_1_258' title='bbox 867 4057 998 4160; x_wconf 86' lang='grc' dir='ltr'>τὴν</span> <span class='ocrx_word' id='word_1_259' title='bbox 1073 4057 1391 4140; x_wconf 84' lang='grc' dir='ltr'>διάνοιαν</span> <span class='ocrx_word' id='word_1_260' title='bbox 1465 4055 1692 4161; x_wconf 80' lang='grc' dir='ltr'>ἔχοιεν</span> <span class='ocrx_word' id='word_1_261' title='bbox 1763 4061 1861 4140; x_wconf 81' lang='grc' dir='ltr'>εἷς</span> <span class='ocrx_word' id='word_1_262' title='bbox 1930 4054 2017 4136; x_wconf 84' lang='grc' dir='ltr'>τὸ</span> <span class='ocrx_word' id='word_1_263' title='bbox 2093 4051 2335 4135; x_wconf 84' lang='grc' dir='ltr'>πάντα</span> <span class='ocrx_word' id='word_1_264' title='bbox 2419 4053 2589 4132; x_wconf 90' lang='grc' dir='ltr'>λίαν</span> 
     </span>
     <span class='ocr_line' id='line_1_32' title="bbox 184 4178 2589 4289; baseline -0.002 -28"><span class='ocrx_word' id='word_1_265' title='bbox 184 4182 516 4282; x_wconf 80' lang='grc' dir='ltr'>ἀσμένως</span> <span class='ocrx_word' id='word_1_266' title='bbox 572 4186 997 4289; x_wconf 81' lang='grc' dir='ltr'>ὑπενεγκεῖν,</span> <span class='ocrx_word' id='word_1_267' title='bbox 1051 4188 1166 4263; x_wconf 80' lang='grc' dir='ltr'>καὶ</span> <span class='ocrx_word' id='word_1_268' title='bbox 1222 4180 1405 4286; x_wconf 81' lang='grc' dir='ltr'>πρὸς</span> <span class='ocrx_word' id='word_1_269' title='bbox 1462 4178 1548 4260; x_wconf 77' lang='grc' dir='ltr'>τὸ</span> <span class='ocrx_word' id='word_1_270' title='bbox 1604 4183 1866 4284; x_wconf 82' lang='grc' dir='ltr'>χρῆναι</span> <span class='ocrx_word' id='word_1_271' title='bbox 1919 4186 2271 4259; x_wconf 82' lang='grc' dir='ltr'>τοσοῦτον</span> <span class='ocrx_word' id='word_1_272' title='bbox 2324 4180 2453 4277; x_wconf 84' lang='grc' dir='ltr'>τῆς</span> <span class='ocrx_word' id='word_1_273' title='bbox 2511 4178 2589 4256; x_wconf 90' lang='grc' dir='ltr'>ἐκ</span> 
     </span>
    </p>

    <p class='ocr_par' dir='ltr' id='par_1_10' title="bbox 86 4300 2587 4537">
     <span class='ocr_line' id='line_1_33' title="bbox 86 4300 2587 4415; baseline -0.002 -31"><span class='ocrx_word' id='word_1_274' title='bbox 86 4340 162 4399; x_wconf 84' lang='lat'>30</span> <span class='ocrx_word' id='word_1_275' title='bbox 183 4313 327 4387; x_wconf 81' lang='grc' dir='ltr'>τῶν</span> <span class='ocrx_word' id='word_1_276' title='bbox 367 4309 735 4389; x_wconf 89' lang='grc' dir='ltr'>Ἰουδαίων</span> <span class='ocrx_word' id='word_1_277' title='bbox 790 4306 1448 4415; x_wconf 80' lang='grc' dir='ltr'>κατεξανίστασθαι</span> <span class='ocrx_word' id='word_1_278' title='bbox 1503 4302 1818 4404; x_wconf 82' lang='grc' dir='ltr'>βλάβης,</span> <span class='ocrx_word' id='word_1_279' title='bbox 1870 4306 1966 4388; x_wconf 81' lang='grc' dir='ltr'>ὡς</span> <span class='ocrx_word' id='word_1_280' title='bbox 2020 4300 2199 4402; x_wconf 77' lang='grc' dir='ltr'>μηδὲ</span> <span class='ocrx_word' id='word_1_281' title='bbox 2255 4301 2473 4381; x_wconf 82' lang='grc' dir='ltr'>αὐτὸν</span> <span class='ocrx_word' id='word_1_282' title='bbox 2527 4305 2587 4380; x_wconf 82' lang='grc' dir='ltr'>εἶ</span> 
     </span>
     <span class='ocr_line' id='line_1_34' title="bbox 185 4423 2583 4537; baseline -0.005 -24"><span class='ocrx_word' id='word_1_283' title='bbox 185 4431 390 4537; x_wconf 80' lang='grc' dir='ltr'>τύχοι</span> <span class='ocrx_word' id='word_1_284' title='bbox 439 4430 767 4537; x_wconf 89' lang='grc' dir='ltr'>παρόντα</span> <span class='ocrx_word' id='word_1_285' title='bbox 814 4431 943 4514; x_wconf 82' lang='grc' dir='ltr'>τὸν</span> <span class='ocrx_word' id='word_1_286' title='bbox 980 4429 1178 4532; x_wconf 80' lang='grc' dir='ltr'>ὠμὸν</span> <span class='ocrx_word' id='word_1_287' title='bbox 1214 4429 1509 4510; x_wconf 86' lang='grc' dir='ltr'>δεδιέναι</span> <span class='ocrx_word' id='word_1_288' title='bbox 1562 4427 1897 4508; x_wconf 85' lang='grc' dir='ltr'>θάνατον·</span> <span class='ocrx_word' id='word_1_289' title='bbox 1967 4429 2125 4533; x_wconf 83' lang='grc' dir='ltr'>οὐχὶ</span> <span class='ocrx_word' id='word_1_290' title='bbox 2174 4423 2268 4508; x_wconf 81' lang='grc' dir='ltr'>τὰ</span> <span class='ocrx_word' id='word_1_291' title='bbox 2322 4426 2399 4504; x_wconf 88' lang='grc' dir='ltr'>ἐν</span> <span class='ocrx_word' id='word_1_292' title='bbox 2441 4423 2583 4503; x_wconf 81' lang='grc' dir='ltr'>ἔθει</span> 
     </span>
    </p>
   </div>
   <div class='ocr_carea' id='block_1_6' title="bbox 187 4544 2646 4760">
    <p class='ocr_par' dir='ltr' id='par_1_11' title="bbox 187 4544 2646 4760">
     <span class='ocr_line' id='line_1_35' title="bbox 187 4544 2646 4659; baseline -0.006 -21"><span class='ocrx_word' id='word_1_293' title='bbox 187 4551 406 4654; x_wconf 85' lang='grc' dir='ltr'>μόνον</span> <span class='ocrx_word' id='word_1_294' title='bbox 463 4557 989 4659; x_wconf 87' lang='grc' dir='ltr'>συμβήσεσθαι</span> <span class='ocrx_word' id='word_1_295' title='bbox 1052 4554 1270 4658; x_wconf 77' lang='grc' dir='ltr'>λέγει,</span> <span class='ocrx_word' id='word_1_296' title='bbox 1329 4552 1491 4633; x_wconf 80' lang='grc' dir='ltr'>οὐδὲ</span> <span class='ocrx_word' id='word_1_297' title='bbox 1554 4551 1762 4658; x_wconf 87' lang='grc' dir='ltr'>μέχρι</span> <span class='ocrx_word' id='word_1_298' title='bbox 1827 4551 2101 4633; x_wconf 83' lang='grc' dir='ltr'>τούτων</span> <span class='ocrx_word' id='word_1_299' title='bbox 2164 4544 2582 4650; x_wconf 88' lang='grc' dir='ltr'>στήσεσθαι</span> <span class='ocrx_word' id='word_1_300' title='bbox 2609 4572 2646 4618; x_wconf 79' lang='lat'>0</span> 
     </span>
     <span class='ocr_line' id='line_1_36' title="bbox 1291 4693 1460 4760; baseline 0.006 -21"><span class='ocrx_word' id='word_1_301' title='bbox 1291 4696 1336 4760; x_wconf 89' lang='lat'>4</span> <span class='ocrx_word' id='word_1_302' title='bbox 1364 4696 1391 4739; x_wconf 88' lang='lat'>1</span> <span class='ocrx_word' id='word_1_303' title='bbox 1423 4693 1460 4740; x_wconf 83' lang='lat'>2</span> 
     </span>
    </p>
   </div>
  </div>
 </body>
</html>
