3238 5158
603 325 731 389 582
1212 330 1290 394 Β.
1338 329 1758 394 CYRILLI
1819 329 2400 394 ALEXANDR.
2769 346 2883 387 xv.
2915 324 3017 386 16.

606 487 733 569 τὸν
787 496 914 591 τῆς
963 493 1145 572 κατὰ
1191 494 1433 598 σάρκα
1486 500 1872 597 περιτομῆς
1928 497 2225 575 ἐποιεῖτο
2280 492 2527 598 λόγον,
2577 493 2716 594 οὐχ
2771 488 3024 590 ἑτέρου

612 615 802 699 τινὸς
851 616 1061 721 χάριν
1125 616 1473 699 δεδόσθαι
1525 619 1793 717 ταύτην
1858 619 2362 723 διισχυρίσατο
2415 623 2505 722 τῇ
2567 622 2700 695 τοῦ
2767 612 3028 715 γε’νους

275 734 423 848 ᾖξω·
442 732 511 783 iv.
615 742 928 845 ἀπαρχῇ,
967 742 1293 822 τουτέστι
1331 749 1434 849 τῷ
1467 742 1836 845 Ἀβραὰμ,
1874 740 1919 842 ἢ
1957 752 2085 822 τοῦ
2122 740 2454 894 γενέσθαι
2493 750 2537 787 “
2558 745 2876 838 σημεῖον
2910 741 3028 816 καὶ

615 868 1074 968 “σφραγῖδα
1127 870 1249 964 τῆς
1304 867 1379 945 ἐν
1426 865 1876 972 ἀκροβυστία
1925 866 2282 948 πίστεως.’
2377 871 2438 945 εἶ
2473 862 2662 945 δὲπ
2601 897 2754 965 προ
2795 859 3032 960 νόμου

556 1013 591 1054 Θ
616 988 659 1086 ἡ
716 990 1162 1087 ἀκροβυστία
1216 992 1375 1086 μεθ
1434 990 1520 1089 ἦς
1575 991 1691 1068 καὶ
1745 990 1790 1089 ἡ
1845 992 2111 1088 πίστις,
2148 990 2327 1088 μετὰ
2371 988 2447 1068 δὲ
2499 1022 2629 1068 τον
2683 985 2926 1082 νόμον
2984 984 3084 1082 ἦε

616 1110 958 1213 περιτομὴ
1009 1111 1093 1191 τὸ
1145 1116 1222 1191 ἐκ
1277 1115 1588 1197 πίστεως
1651 1114 1777 1192 οὐκ
1837 1114 2107 1219 ἔχουσα
2172 1111 2525 1217 καύχημα,
2569 1111 3029 1192 πεπίστευκε

619 1233 691 1312 δε
727 1235 1144 1338 Αβραάμ’
1108 1271 1184 1316 εν
1219 1237 1687 1343 ἀκροβυστία·
1742 1243 1897 1321 πῶς
1933 1238 2016 1316 οὐ
2050 1236 2512 1338 πρεσβυτερα
2546 1239 2675 1333 τῆς
2712 1237 2796 1313 ἐν
2825 1233 3032 1340 νόμῳ

616 1360 978 1442 πολιτείας
1034 1361 1077 1460 ἡ
1122 1359 1238 1439 διὰ
1286 1363 1601 1443 πίστεως
1652 1360 1857 1439 ἕσται
1906 1359 2340 1460 δικαιοσύνη,
2389 1357 2918 1457 δικαιουμὲνων
2957 1391 3031 1436 τε

621 1485 736 1561 καὶ
792 1485 1391 1586 ἐλευθερουμένων
1447 1482 1564 1562 διὰ
1612 1488 1741 1584 τῆς
1791 1491 1887 1568 εἷς
1946 1483 2139 1564 Θεὸν
2191 1485 2460 1588 φιλίας,
2503 1481 2840 1584 καθάπερ
2899 1483 3030 1561 ‘A-

280 1615 457 1666 Ib.18.
618 1605 914 1709 βραάμ;
975 1608 1159 1686 οὕτω
1216 1605 1358 1710 γὰρ
1408 1607 1613 1687 ἔσται
1673 1612 1786 1687 καὶ
1847 1619 1890 1654 “
1914 1606 2152 1709 πατὴρ
2205 1613 2510 1688 πολλῶν
2567 1607 2880 1697 ἑθνῶν,”
2952 1605 3036 1711 ἐξ
3059 1652 3111 1690 ιο

618 1732 1073 1832 ἐπαγγελίας,
1115 1733 1199 1810 οὐ
1236 1730 1417 1811 κατὰ
1454 1728 1716 1833 σάρκα.
1792 1735 1907 1809 καὶ
1954 1738 2178 1810 ταῦτα
2217 1734 2364 1811 νυνὶ
2404 1730 2791 1834 χρησίμως
2825 1730 3025 1830 εἰρή-

617 1889 859 1952 καμεν,
899 1854 1015 1934 διὰ
1070 1890 1154 1934 το
1206 1856 1429 1961 φάναι
1479 1888 1607 1935 τον
1649 1855 1918 1957 Κύριον
1950 1853 2200 1934 Οὐκετι
2246 1852 2433 1956 λέγω
2479 1859 2671 1957 ὑμᾶς
2710 1850 3025 1938 δούλους·

618 1983 805 2082 ὑμεῖς
851 1983 1044 2084 φίλοι
1102 2015 1228 2081 μου
1284 1977 1454 2077 ἐστὲ,
1514 1985 1608 2058 ’ότι
1657 1981 1894 2059 πάντα.
1946 1974 1998 2058 ἁ.
2053 2013 2309 2071 ηκουσα.
2356 1975 2556 2085 rap&
2596 1979 2712 2057 rofi
2755 1978 3032 2081 Πατρος

618 2101 1004 2202 ἀνηγγειλα
1040 2105 1208 2206 ὁμιν.

283 2315 593 2450 892Δοιὲ
624 2382 755 2471 Οὐχ
841 2380 1023 2462 ὑμεῖς
1108 2410 1188 2463 με
1255 2388 1666 2468 ἐξελέξασθε,
1737 2387 1874 2453 ἀλλ’
1955 2386 2087 2462 iss-<b
2165 2387 2566 2463 ἐξελεξάμην
2647 2387 2847 2465 ὑμᾶς,
2930 2389 3032 2452 καί
3060 2413 3110 2471 15

721 2511 980 2577 τέθεικα
1037 2512 1202 2590 ὑμᾶς
1255 2514 1360 2578 ἵνα
1416 2514 1705 2590 ὑπάΓητε
1762 2516 1869 2579 καὶ
1925 2512 2176 2602 καρπὸν
2231 2513 2477 2603 φέρητε
2526 2513 2632 2577 καὶ
2679 2512 2718 2581 ὁ
2773 2514 3036 2601 καρπὸς

726 2639 905 2713 ὑμῶν
943 2641 1126 2730 μένη·
1195 2641 1299 2705 ἵνα
1343 2642 1379 2706 ὅ
1423 2666 1482 2705 τι
1537 2640 1616 2706 ἂν
1656 2637 1970 2707 αἰτήσητε
2023 2640 2134 2708 τὸν
2173 2641 2432 2728 Πατέρα
2486 2639 2557 2704 ὲν
2597 2641 2692 2724 τῷ
2749 2640 3032 2716 ὀνόματί

727 2786 850 2840 μου
906 2763 1105 2831 δώσει
1159 2761 1327 2842 ὑμῖν.

738 2940 931 3018 Οὔτε
984 2947 1128 3022 τοῖς
1175 2940 1362 3039 ἄγαν
1410 2938 2012 3043 δυσαχθεστέροις
2070 2937 2716 3045 καταφορτίζεσθαι
2775 2936 3036 3038 λόγοις

626 3058 790 3146 τοὺς
826 3062 1070 3165 ἁγίους
1107 3065 1354 3170 ἐφίησι
1398 3063 1744 3164 μαθητὰς,
1781 3062 1865 3142 τὸ
1915 3063 2110 3145 πολὺ
2148 3060 2459 3145 νενευκὸς
2495 3068 2591 3145 εἰς
2639 3060 3036 3141 ἀσθένειαν
3061 3097 3110 3138 20

628 3193 772 3265 τῶν
831 3190 1294 3289 ἀνθρωπίνων
1353 3194 1737 3289 λογισμῶν
1796 3190 1922 3267 οὐκ
1983 3187 2372 3289 ἀγνοήσας,
2424 3191 2520 3271 ὡς
2578 3184 2802 3284 Θεὸς,
2871 3192 3034 3268 οὔτε

559 3335 604 3401 b
627 3311 770 3411 μὴν
805 3319 957 3396 ταῖς
997 3311 1451 3417 ὑπερμετροις
1482 3313 1854 3411 θυμηδίαις
1890 3315 1972 3419 ἐᾷ
2016 3317 2411 3392 διακεῖσθαι
2444 3309 2623 3413 πρὸς
2660 3308 2747 3389 τὸ
2787 3311 3030 3391 εὐόλι-

628 3443 838 3517 σθον·
913 3435 1200 3536 νόσημα
1252 3438 1394 3540 γάρ
1449 3471 1602 3520 πως
1659 3439 1775 3516 καὶ
1831 3446 2043 3517 τοῦτο
2098 3434 2378 3539 πικρόν·
2442 3435 2611 3533 μίαν
2651 3432 2726 3513 δὲ
2773 3431 3036 3537 ὥσπερ

626 3559 716 3665 ἐξ
764 3562 1036 3667 ἀμφοῖν
1093 3559 1517 3663 διακεράσας
1593 3559 1984 3660 μεσότητα,
2039 3565 2346 3661 ποδηγεῖ
2412 3557 2872 3656 καθηκόντως
2941 3567 3036 3642 εἰς

627 3687 938 3789 ἀσφαλῆ
989 3685 1261 3786 τρίβον,
1318 3687 1434 3764 καὶ
1489 3684 1853 3767 πολιτείας
1910 3686 2145 3768 αὐτοῖς
2201 3687 2328 3782 τῆς
2386 3680 2855 3784 ἑδραιοτέρας,
2923 3685 3035 3764 καὶ
3061 3714 3110 3769 23
3189 3716 3190 3749 1

628 3804 1179 3912 σφαλερότητος
1247 3804 1538 3961 ἀπάσης
1606 3806 2177 3910 ἀπηλλαγμένης
2233 3804 2669 3910 ἐνεργάζεται
2722 3814 3036 3907 γνῶσιν.

629 3931 1107 4030 διαρκέστατα
1156 3930 1396 4011 τοίνυν
1439 3932 1694 4017 αὐτους
1750 3941 1898 4018 τοῖς
1953 3938 2047 4017 εἷς
2103 3931 2568 4034 παράκλησιν
2621 3932 3038 4037 ἐπαλεὶψω

628 4053 897 4155 λόγοις,
934 4057 1048 4133 καὶ
1094 4057 1205 4162 ἐφ’
1247 4090 1351 4141 οις
1389 4054 1478 4157 ἦν
1514 4054 1696 4141 εἰκὸς
1754 4053 2352 4158 καταστυγνάσαι
2404 4052 2718 4159 πρέπειν,
2757 4056 3038 4158 χαίρειν

628 4181 1021 4263 ἀναπείσας
1093 4181 1177 4287 ἐξ
1246 4183 1768 4287 ἀντιστροφῆς,
1847 4189 2002 4264 ταῖς
2075 4185 2171 4263 εἷς
2245 4180 2628 4299 φιλεργίαν
2698 4179 3038 4262 ε’ντολως

705 4443 785 4481 12.
823 4426 992 4497 λέγων
1017 4427 1080 4483 Ε.
1422 4429 1502 4483 18.
1541 4428 1700 4483 δώσει
1726 4427 1790 4482 Ε.
1842 4428 1897 4498 η)
1925 4429 1999 4501 δῷ
2028 4428 2128 4484 Ed.
2462 4444 2546 4493 24.
2580 4425 2944 4551 ποδηέιῦπες
2971 4428 3030 4482 R

630 4498 1019 4639 ᾆεᾶςπέἒιτείας
1045 4498 1109 4553 Ε.
1114 4498 1170 4553 F.
1200 4497 1301 4552 Ed.
1329 4516 1439 4571 mg.
1465 4500 1732 4556 πολιτείαν
2271 4512 2356 4570 27.
2394 4496 2688 4568 ἐπι-ἀλείψας
2766 4538 2780 4550 .
2806 4496 3034 4554 ἀπαλεί-
