3238 5158
298 320 435 386 xiii.
467 326 567 405 16,
597 341 696 411 17.
861 328 979 406 IN
1038 330 1107 395 S.
1155 331 1675 397 JOANNEM.
1764 331 1959 397 LIB.
2007 331 2128 396 IX.
2564 330 2691 394 355

300 485 485 565 κατὰ
520 489 751 595 φύσιν
787 493 1129 601 ὑπάρχων
1157 494 1343 582 Θεὸς
1380 500 1496 577 καὶ
1539 496 1829 600 Κύριος.
1891 496 2165 577 ἄτοπον
2201 493 2345 599 γὰρ
2382 497 2695 595 ἀληθῶς,

296 615 590 708 μᾶλλον
632 612 709 698 δὲ
764 615 902 718 ἤδη
956 623 1085 719 τῆς
1139 619 1481 701 ἀνωτάτω
1533 623 1792 719 μανίας
1842 622 1969 701 οὐκ
2018 623 2379 721 ἀμοιροῦν,
2426 619 2697 702 οἰκέτας

299 730 512 819 ὄντας
569 739 646 817 ἐν
705 739 1051 823 ἐλάττοσι
1109 753 1238 825 τοῦ
1302 747 1420 825 καὶ
1483 745 1845 826 δεσπότου
1908 744 2028 824 καὶ
2089 741 2690 839 ἀποστείλαντος,

296 857 723 966 ε’περυθριᾶν
774 864 1060 953 ἀτόπως
1112 872 1204 972 τῇ
1261 867 1444 972 πρὸς
1497 866 1873 968 ἀλλήλους
1927 867 2239 975 δουλείᾳ.

230 1005 270 1067 5
415 993 496 1064 Εἰ
554 990 774 1070 ταῦτα
830 992 1072 1071 τοίνυν
1120 990 1301 1090 ἴστε,
1341 995 1553 1100 φησὶ,
1589 990 1986 1090 τουτέστιν,
2032 997 2094 1071 εἰ
2149 997 2333 1071 νοεῖν
2380 990 2696 1070 δύνασθε

300 1114 565 1214 σαφῶς
621 1110 663 1191 ὅ
716 1119 928 1219 φημι,
969 1116 1310 1224 μακάριοί
1357 1118 1508 1197 ἐστε
1560 1114 1674 1198 {Eu
1718 1115 1947 1210 veliin
1997 1115 2197 1197 αὗταί.
2277 1118 2360 1195 οὐ
2414 1114 2559 1219 γὰρ
2613 1114 2699 1195 τὸ

300 1232 552 1314 εἰδέναι
588 1234 721 1336 τὴν
755 1237 1037 1340 ἀρετὴν,
1080 1239 1283 1320 ἀλλὰ
1329 1239 1415 1321 τὸ
1461 1238 1892 1345 ἐργάζεσθαι
1938 1246 2231 1339 μᾶλλον
2267 1237 2699 1346 ἀξιέραστόν

299 1392 381 1437 τε
417 1362 534 1439 καὶ
580 1360 1066 1468 ἀξιοζηλωτον
1103 1365 1284 1472 φαίη
1334 1399 1442 1450 τις
1489 1364 1601 1447 ἄν.
1678 1362 1873 1464 οἶμαι
1909 1362 2060 1445 δὲ’
2021 1398 2129 1445 οτι
2167 1364 2356 1469 τάχα
2388 1398 2543 1449 πως
2579 1366 2698 1442 καὶ
2719 1401 2755 1446 ο

301 1516 592 1579 αμεινον
627 1485 711 1566 rb
748 1489 922 1587 μηδ’
965 1487 1155 1573 ολως
1190 1487 1541 1588 μαθεῖν,“
1502 1526 1550 1591 η
1598 1487 2049 1591 μαθόντας”
2003 1522 2189 1595 οκνῳ
2223 1490 2536 1587 πεδῆσαι
2571 1486 2698 1566 τὸν

186 1637 271 1679 10
304 1614 475 1687 νοῦν
513 1610 651 1706 καὶ,
684 1606 872 1716 ἅπερ
929 1610 1020 1691 ἅν
1073 1646 1181 1697 τις
1228 1611 1496 1716 ἄριστά
1543 1646 1622 1693 τε
1673 1616 1793 1693 καὶ
1841 1614 2074 1714 ὀρθῶς
2111 1612 2296 1717 ἔχειν
2333 1611 2562 1711 εἰδείη,
2596 1608 2698 1709 μὴ

298 1729 704 1826 βούλεσθαι
758 1742 1176 1839 κατορθοῦν,
1231 1736 1416 1817 κατὰ
1470 1735 1602 1838 τὴν
1657 1745 1784 1817 τοῦ
1841 1740 2179 1839 Σωτῆρος
2234 1732 2487 1842 φωνήν
2533 1745 2575 1782 “
2599 1736 2697 1814 ‘O
2784 1729 2981 1859 {JJJJ

299 1864 348 1903 “
381 1855 483 1957 μὴ
533 1855 733 1944 εἰδῶς
785 1857 871 1940 τὸ
922 1860 1207 1961 θέλημα
1261 1870 1390 1942 τοῦ
1435 1859 1705 1965 Κυρίου
1759 1862 1999 1958 αὐτοῦ,
2038 1863 2154 1941 καὶ
2207 1858 2309 1959 μὴ
2362 1857 2697 1960 ποιήσας,
2785 1871 2868 1925 47·

301 1991 347 2028 “
385 1981 773 2085 δαρήσεται
828 1985 1105 2087 ὀλίγας,
1143 1987 1184 2066 ὁ
1240 1983 1315 2066 δὲ
1370 1985 1570 2070 εἰδὼς
1626 1990 1742 2065 καὶ
1791 1984 1893 2087 μὴ
1939 1985 2274 2087 ποιήσας,
2310 1982 2700 2088 δαρήσεται

301 2116 345 2152 “
381 2105 735 2191 πολλάς.”
837 2114 940 2217 τῷ
1030 2108 1163 2207 μὲν
1243 2109 1386 2213 γὰρ
1478 2109 1864 2213 ἠγνοηκότι
1954 2116 2349 2208 παντελῶς,
2431 2113 2491 2188 εἰ
2582 2110 2699 2189 καὶ

185 2247 268 2309 15
303 2230 667 2311 εὐθύνοιτό
728 2266 884 2317 πως
948 2234 1064 2314 ἐπὶ
1137 2240 1229 2339 τῇ
1300 2235 1642 2342 ῥᾳστώνῃ
1706 2232 1950 2340 τυχὸν,
2010 2233 2093 2314 τὸ
2173 2241 2352 2336 γοῦν
2407 2231 2702 2337 μετρίαν

301 2358 595 2453 αἰτῆσαι
650 2358 1099 2459 συγγνώμην
1154 2360 1238 2437 οὖ
1291 2359 1458 2440 λίαν
1507 2356 1989 2463 ἀνάρμοστον·
2055 2364 2159 2465 τῷ
2212 2355 2440 2462 γεμὴν
2487 2354 2697 2437 εἰδότι

300 2475 387 2558 rb
451 2483 698 2585 χρῆμα
762 2479 1017 2583 γένοιτ’
1074 2479 1166 2562 ἂν
1219 2481 1577 2590 δυσαχθές
1646 2489 1743 2567 εἰς
1808 2481 2228 2588 κατάκρισιν
2284 2483 2330 2583 ἡ
2395 2488 2685 2585 γνῶσις.
2722 2493 2766 2558 d

302 2604 823 2757 κατεφρόνησε
846 2604 1013 2709 γὰρ,
1058 2606 1340 2692 οὐδενὸς
1386 2610 1580 2714 αὐτῷ
1629 2608 1998 2692 λείποντος
2054 2612 2148 2691 εἰς
2204 2604 2289 2686 rb
2345 2605 2699 2685 δύνασθαι

301 2727 482 2827 δρᾶν
503 2727 595 2808 τὰ
631 2730 825 2836 αὐτῷ
861 2731 1440 2884 πρεπωδέστερα.
1497 2728 1640 2838 χρὴ
1677 2729 1914 2812 τοίνυν
1942 2727 2217 2815 εἰδότας
2252 2726 2698 2834 ἐργάζεσθαι·

191 2881 277 2924 20
301 2850 576 2933 τελειον
638 2853 785 2956 γὰρ
856 2853 1020 2935 τότε
1080 2859 1204 2955 τῆς
1271 2858 1348 2936 ἐν
1411 2860 1721 2964 Χριστῷ
1784 2854 2151 2938 πολιτείας
2218 2850 2303 2933 rb
2367 2850 2701 2956 καύχημα

299 2975 785 3078 περικείμενοι,
820 2978 1339 3082 πληρεστάτην
1393 2978 1579 3060 κατὰ
1637 2977 1922 3080 καιροὺς
1977 2973 2517 3084 ἀποληψόμεθα
2567 2971 2700 3074 τὴν

301 3099 697 3182 ἀντίδοσιν.
778 3104 897 3182 καὶ
933 3110 1110 3206 γοῦν
1147 3106 1188 3185 ὁ
1227 3101 1485 3206 Σωτὴρ
1523 3102 1652 3184 τὸν
1683 3101 2093 3202 ποιήσαντα
2141 3104 2259 3181 καὶ
2307 3098 2700 3206 διδάξαντα
2789 3101 3032 3232 {sw-

302 3223 537 3327 με’γαν
579 3226 719 3333 ἔφη
776 3226 1301 3328 κληθήσεσθαι,
1339 3232 1454 3307 καὶ
1504 3226 1713 3327 μάλα
1761 3226 2066 3322 δικαίως,
2100 3226 2177 3306 ἐν
2212 3230 2304 3330 τῇ
2355 3223 2702 3330 βασιλείᾳ
2845 3245 2858 3252 “

300 3353 449 3429 τῶν
485 3349 832 3451 οὐρανῶν·
910 3353 988 3431 τί
1031 3351 1175 3453 γὰρ
1226 3354 1419 3461 αὐτῷ
1468 3352 1552 3432 τὸ
1604 3358 1858 3432 λεῖπον
1892 3355 1988 3434 εἰς
2039 3346 2462 3446 εὐσέβειαν,
2525 3342 2584 3455 ᾧ
2622 3349 2695 3427 δ’

194 3490 275 3555 ²5
301 3469 393 3552 ἂν
433 3473 759 3578 φαίνοιτο
806 3475 1093 3577 προσὸν
1125 3473 1211 3556 rb
1261 3475 1349 3583 ἐξ
1394 3475 1625 3581 ἔργων
1663 3478 1956 3578 ἀγαθῶν
1992 3475 2068 3553 ἐν
2104 3471 2487 3581 ὁλοκλήρῳ
2522 3507 2694 3554 καυ-
2721 3501 2759 3546 ο

304 3603 581 3703 χᾶσθαι
617 3604 721 3705 τῷ
755 3599 1014 3707 μέτρῳ,
1050 3606 1204 3684 πῶς
1240 3601 1369 3679 οὐκ
1407 3599 1496 3679 ἂν
1534 3599 1811 3703 γε’νοιτο
1844 3597 2045 3703 παρὰ
2079 3602 2271 3679 Θεοῦ
2306 3595 2391 3676 τὸ
2424 3607 2692 3676 τελειο-

302 3719 549 3804 τάταις
608 3724 940 3828 ἐπαυχεῖν
994 3726 1332 3827 δωρεαῖς;
1410 3722 1820 3828 σύνδρομος
1879 3723 2006 3802 οὖν
2061 3721 2202 3827 ἄρα
2263 3727 2413 3805 τοῖς
2468 3720 2702 3822 ἔργοις
2760 3778 2766 3789 ·

307 3844 485 3924 ὅταν
519 3845 566 3945 ἡ
602 3851 874 3949 γνῶσις
911 3846 1226 3948 γε’νηται,
1268 3845 1426 3927 τότε
1462 3845 1550 3946 δὴ
1598 3845 1888 3930 πάντως
1924 3844 2247 3945 ὀνίνησιν
2282 3844 2368 3924 οῦ
2402 3850 2695 3945 μικρῶς·

300 3967 813 4053 ἐλλελοιπότος
889 3968 965 4049 δὲ
1039 3971 1406 4074 ὁποτέρου,
1467 3968 1715 4076 χωλὸν
1783 3968 1873 4068 δὴ
1947 3966 2234 4051 πάντως
2304 3965 2389 4047 rb
2460 3967 2702 4070 ἕτερον

193 4122 277 4180 30
302 4091 536 4172 ἔσται·
596 4092 997 4197 γέγραπται
1053 4092 1240 4194 δε,”
1200 4129 1312 4174 οτι
1356 4105 1401 4143 “
1429 4129 1545 4174 και
1601 4094 1648 4194 ἡ
1700 4094 1949 4176 πίστις
2003 4095 2221 4197 χωρὶς
2276 4097 2422 4170 τῶν
2469 4090 2701 4192 ἔργων
2790 4099 2964 4216 {6³⁸2
2980 4100 3035 4151 fl·

302 4226 349 4265 “
385 4217 598 4320 νεκρά
627 4216 854 4297 εὀτι.”
913 4220 1144 4299 καίτοι
1180 4217 1266 4300 rb
1303 4219 1559 4299 εἰδέναι
1595 4216 1790 4299 Θεὸν
1817 4215 1945 4296 τὸν
1982 4216 2105 4295 ἕνα
2140 4217 2257 4295 καὶ
2293 4216 2543 4322 φύσει,
2584 4217 2702 4293 καί
2724 4254 2762 4294 a
2800 4239 2933 4295 720
2954 4235 3032 4292 A„

302 4344 688 4446 ὁμολογεῖν
749 4341 1031 4426 ἀδόλως
1096 4376 1174 4422 τε
1232 4345 1350 4422 καὶ
1410 4345 1725 4443 ἀληθῶς,
1781 4336 1992 4420 τοῦτό
2055 4342 2257 4420 ἐστιν
2315 4339 2361 4439 ἡ
2422 4338 2696 4435 πίστις,

374 4584 427 4635 3.
465 4566 548 4619 καὶ
573 4565 721 4635 prius
738 4562 854 4618 hm.
884 4563 948 4618 Ε.
1098 4579 1183 4635 19.
1218 4563 1385 4618 αὐτῶν
1411 4561 1491 4616 Ε.’
1623 4579 1816 4634 29-31.
1855 4558 2411 4617 ε’λλελοιπότος-ἒστι
2436 4575 2544 4612 om.
2567 4556 2632 4611 E.

1422 4665 1456 4707 Z
1486 4668 1521 4708 Ζ
1556 4665 1592 4711 2
