3238 5158
210 384 325 427 vm
349 383 457 445 42.
586 364 700 429 IN
763 365 831 430 S.
879 363 1394 430 JOANNEM.
1485 363 1679 429 LIB.
1713 363 1795 428 V.
1888 364 2095 429 CAP.
2128 363 2211 429 V.
2520 364 2605 427 8⁷

206 526 452 608 λοιπὸν
484 535 684 623 βοῶν
721 540 764 579 “
794 531 986 609 Οὐαὶ
1021 536 1168 614 τοῖς
1206 529 1792 634 προφητεύουσιν
1824 528 1970 610 ἀπὸ
2008 527 2302 631 καρδίας
2338 528 2596 618 αὐτῶν,

208 661 246 697 “
276 655 386 731 καὶ
427 651 510 732 τὸ
548 650 868 734 καθόλου
904 652 1004 753 μὴ
1043 650 1473 749 βλεῆτουσι.”
1531 649 1850 737 τοιοῦτός
1887 687 1994 737 τις
2029 650 2120 752 ἦν
2157 655 2197 732 5
2239 654 2524 750 Σαμεάς
2563 654 2602 731 5

204 782 338 859 τοῖς
372 776 712 879 Ἱερεμίου
768 776 1017 878 λόγοις
1072 774 1155 856 τὸ
1213 783 1465 856 οἰκεῖον
1509 781 1779 883 ψεῦδος
1833 780 2225 874 ἀντιτιθεὶς,
2266 780 2385 856 καὶ
2439 773 2604 859 τοῦς

202 931 324 996 μεν
389 898 724 1005 ξυλίνους
797 897 1139 1002 ἀρπάσας
1206 900 1512 999 κλοιοῦς,
1572 903 1985 1007 συντρίψας
2062 900 2137 980 δὲ
2203 902 2319 980 καί
2387 900 2605 980 εἰπών
2630 928 2666 971 ο

151 1031 245 1111 5“
276 1024 470 1102 Τάδε
560 1021 759 1125 λε’γει
838 1023 1105 1128 Κύριος
1190 1026 1583 1129 Συντρίψω
1666 1059 1795 1104 τον
1869 1023 2085 1128 ζυγὸν
2162 1029 2603 1118 Βαβυλῶνος

203 1155 246 1192 “
276 1145 706 1239 βασιλέωςῩ
791 1146 1029 1246 ἐπειδὴ
1093 1148 1332 1227 τοίνυν
1398 1146 1741 1250 λέγοντος
1800 1156 1930 1228 τοῦ
1996 1152 2332 1250 Σωτῆρος
2398 1146 2603 1246 ἡμῶν

203 1274 528 1374 Χριστοῦ
566 1282 609 1319 “
639 1277 802 1352 Νῦν
841 1270 927 1350 δε
972 1306 1064 1368 με
1119 1270 1382 1374 ζητεῖτε
1437 1274 1870 1371 ἀποκτεῖναι,
1909 1269 2370 1375 ἅνθραητον
2339 1306 2416 1355 ος
2470 1269 2604 1371 τὴν

202 1403 244 1442 “
277 1392 624 1495 ἀλήθειαν
687 1397 852 1493 ὑμῖν
916 1393 1318 1495 λελάληκα,
1379 1393 1469 1496 ἣν
1530 1430 1812 1496 ηκουσα
1874 1395 2074 1500 παρὰ
2137 1404 2265 1476 τοῦ
2336 1397 2601 1492 Θεοῦ,”

200 1516 659 1620 διεγόγγυζον
709 1524 776 1597 οὶ
827 1519 1179 1616 Ἰουδαῖοι,
1219 1523 1338 1598 καὶ
1392 1519 1498 1603 τίς
1553 1521 1758 1599 ἐστιν
1813 1522 2105 1619 ἀληθῶς
2161 1521 2288 1599 οὐκ
2344 1519 2605 1603 εἰδότες

109 1677 177 1720 ιο
201 1640 435 1740 αὐτὸν,
490 1640 1111 1749 ψευδοπροφήτην
1168 1643 1515 1748 ὑπάρχειν
1568 1641 1908 1747 ἐνόμιζον,
1967 1641 2454 1746 ε’σληρύνοντό
2528 1676 2604 1722 τε

197 1766 459 1865 ταύτης
510 1766 712 1846 ἕνεκα
760 1771 887 1865 τῆς
939 1767 1184 1864 αἰτίας,
1224 1768 1320 1851 ὡς
1369 1765 1508 1866 ἤδη
1558 1765 1692 1866 μὲν
1722 1768 1918 1875 αὐτῷ
1970 1769 2088 1847 καὶ
2134 1771 2600 1869 διαλοιδορεΐ-

196 1895 372 1970 σθαι
427 1898 732 1990 τολμᾶν,
794 1896 1030 1996 φονᾶν
1086 1891 1162 1970 δὲ
1227 1891 1453 1974 οὕτως
1511 1890 1802 1993 ἀγρίως,
1860 1894 1958 1974 ὡς
2021 1890 2159 1991 ἤδη
2217 1900 2432 1971 τοῦτο
2489 1894 2607 1970 καὶ

197 2015 608 2117 ἐπείγεσθαι
646 2020 843 2118 δρᾶν,
884 2014 1261 2119 χρησίμως
1298 2013 1553 2100 αὐτοὺς
1593 2022 1987 2094 καταπτοεῖ
2025 2015 2272 2111 πάλιν,
2311 2015 2438 2094 οὐκ
2476 2016 2603 2120 ἀφ’
2631 2025 2678 2091 d

195 2138 451 2219 ἑαυτοῦ
502 2137 633 2237 μὲν
670 2139 906 2219 ἐλθεῖν
951 2135 1275 2241 καθάπερ
1325 2136 1415 2237 ἦν
1451 2135 1609 2224 ἔθος
1664 2139 1901 2221 αὐτοῖς
1954 2138 2603 2244 ψευδοπροφητεύ-

99 2292 169 2353 15
194 2296 428 2361 ουσιν,
467 2262 929 2343 ἀπεστάλθαι
984 2260 1059 2341 δὲ
1113 2261 1313 2364 παρὰ
1358 2268 1550 2343 Θεοῦ
1603 2264 1862 2365 λέγων,
1898 2263 2018 2344 ἵνα
2071 2265 2147 2342 ἐν
2197 2262 2434 2369 ταύτῷ
2492 2264 2607 2341 καὶ

192 2385 327 2485 τὴν
364 2395 495 2466 τοῦ
535 2384 1146 2494 ψευδοπροφήτου
1185 2385 1408 2493 δόξαν
1444 2385 2038 2488 ἀποκρουόμενος,
2078 2389 2196 2467 καὶ
2245 2386 2608 2465 διδάσκων

193 2513 288 2594 ὡς
324 2513 412 2591 οὐ
449 2511 744 2615 μετρίαν
783 2510 1137 2618 ὑφέξουσι
1189 2513 1412 2610 δίκην,
1452 2512 1585 2617 οὐχ
1637 2510 1830 2598 ὅπως
1882 2508 2336 2615 ἀτιμάζοντες
2385 2507 2609 2610 μόνον

188 2634 320 2714 τὸν
354 2635 914 2733 ἀπεσταλμένον
947 2634 1147 2739 παρὰ
1190 2644 1321 2715 τοῦ
1362 2641 1556 2716 Θεοῦ
1594 2669 1713 2716 και
1752 2632 2066 2739 Πατρος,
2105 2634 2273 2715 ἀλλ’
2313 2634 2449 2733 ἤδη
2492 2636 2610 2714 καὶ

188 2764 435 2864 φονᾶν
477 2758 586 2839 ἐπ’
626 2760 820 2867 αὐτῷ
869 2758 1388 2858 τολμήσαντες,
1426 2756 1509 2838 τὸ
1561 2757 1915 2864 ἀχάλινον
1950 2760 2185 2837 αὐτῶν
2223 2754 2609 2864 ἀνακόψειε

88 2924 161 2965 20
186 2880 496 2985 θράσος.

298 3008 406 3090 Ο
454 3042 587 3105 μεν
635 3007 763 3086 οὖν
810 3017 938 3087 τοῦ
993 3041 1456 3110 προκειμενου
1511 3006 1737 3107 λόγος
1791 3005 1867 3086 ἐν
1915 3002 2216 3087 τούτοις·
2283 3002 2464 3088 εἰκος
2519 3005 2607 3104 δὴ

179 3129 424 3211 πάλιν
497 3129 781 3236 τροφὴν
853 3128 1102 3234 ὥσπερ
1173 3129 1335 3210 τινὰ
1413 3137 1777 3211 ποιεῖσθαι
1854 3163 1984 3210 τον
2057 3125 2407 3231 αἰρετικον
2479 3131 2608 3227 τῆς

178 3254 501 3355 ἐνούσης
555 3256 749 3362 αὐτῷ
803 3257 1238 3350 δυσσεβείας
1296 3251 1382 3334 τὸ
1442 3253 1828 3357 εἰρημένον.
1923 3250 2407 3355 κατηγορήσει
2466 3251 2608 3356 γὰρ
2633 3279 2669 3322 θ

178 3378 370 3464 ἰ’σως
431 3383 562 3478 τῆς
618 3379 870 3463 οὐσίας
925 3388 1055 3459 τοῦ
1109 3385 1596 3479 Μονογενοῦς,
1640 3374 1823 3458 εἶναί
1871 3410 1949 3457 τε
2006 3373 2228 3474 αὐτὴν
2272 3379 2348 3456 ἐν
2386 3373 2603 3461 ἐλάτ-

80 3534 152 3594 25
177 3536 403 3583 τοσιν
450 3501 500 3604 ἢ
557 3505 633 3582 ἐν
676 3500 780 3587 οἷς
829 3504 1031 3583 ἐστιν
1083 3504 1124 3581 5
1178 3499 1438 3605 Πατὴρ
1495 3502 1796 3599 νομίσει,
1834 3499 1952 3581 διὰ
2006 3498 2091 3579 τὸ
2147 3497 2611 3581 ἀπεστάλθαι

174 3627 436 3730 λε’γειν
473 3626 642 3730 παρ’
683 3628 921 3708 αὐτοῦ.
997 3627 1167 3706 ἀλλ’
1209 3623 1528 3705 ἐννοείτω
1579 3624 1809 3706 πάλιν
1855 3627 1895 3704 5
1945 3629 2263 3707 τοιοῦτος
2318 3626 2433 3704 καὶ
2483 3629 2611 3724 τῆς

175 3753 455 3855 ἀρτίως
495 3751 665 3850 ἡμῖν
700 3750 1068 3851 εἰρημένης
1112 3750 1514 3846 οἰκονομίας
1553 3782 1682 3828 τον
1720 3745 2016 3850 τρόπον,
2061 3749 2177 3826 καὶ
2212 3747 2610 3847 μεμνήσθω

172 3883 521 3974 βοῶντος
577 3883 703 3954 τοῦ
757 3874 1063 3954 Παύλου
1114 3908 1276 3978 περι
1331 3880 1459 3952 τοῦ
1504 3876 1688 3951 ’Υἰοῦ
1726 3867 1941 3954 “⁶05-
1990 3873 2065 3950 ἐν
2111 3876 2365 3976 μορφῇ
2418 3877 2611 3951 Θεοῦ

174 3997 631 4104 “ὖπα’ρχων
680 3998 813 4102 οὐχ
865 3995 1252 4100 ἀρπαγμον
1295 3993 1627 4098 ἡγήσατο
1683 4029 1768 4074 το
1816 3990 1989 4074 εἶναι
2044 3993 2178 4073 ἴσα
2215 3998 2403 4101 Θεῷ,
2437 3996 2609 4073 ἀλλ’

74 4150 149 4207 30
175 4135 219 4173 “
258 4119 537 4203 ἑαυτου
610 4119 912 4200 ἐκενωσε
996 4116 1290 4225 μορφὴν
1365 4119 1633 4200 δούλου
1715 4117 1994 4213 λαβὼν,
2069 4119 2146 4196 ἐν
2220 4117 2612 4217 ὁμοιώματι

2698 528 2857 607 Effk·

2695 610 2802 643 ιιιιι.
2832 609 2878 657 3.

2695 1026 2840 1076 Hier.

2694 1109 2848 1143 xxxv.
2878 1107 2926 1142 α.

2697 1262 2863 1326 Supra

2695 1344 2798 1377 ver.
2826 1343 2909 1392 40.

2703 3871 2835 3919 Phil.
2857 3870 2909 3920 ii.

2703 3935 2818 3986 6-8.

171 4243 684 4347 “οἰνθρωπων
736 4243 1137 4346 γενόμενος,
1184 4245 1301 4322 καὶ
1355 4242 1681 4348 σχήματι
1738 4243 2037 4345 εὑρεθεὶς
2088 4243 2185 4326 ὡς
2236 4241 2614 4343 ἄνθρωπος
2638 4271 2674 4311 a
2718 4257 2848 4312 555
2869 4253 2949 4308 A„

171 4382 217 4422 “
254 4368 761 4453 ἐταπείνωσεν
821 4367 1092 4465 ἑαυτὸν,
1153 4367 1466 4467 ὑπήκοος
1521 4363 1903 4467 γενόμενος
1957 4398 2167 4467 μεχρι
2223 4362 2609 4444 θανάτου.”

247 4557 304 4598 2.
345 4542 382 4593 ὁ
411 4543 555 4605 Σομε
545 4535 621 4591 ἀς
648 4534 714 4589 Β.
738 4536 768 4588 ὁ
793 4531 980 4603 ὁμοίας
1008 4533 1189 4589 Holst.
1214 4531 1396 4590 unde’
1401 4533 1619 4589 Ανανιας
1645 4531 1791 4587 Aub.
2083 4548 2166 4603 19.
2202 4532 2521 4614 ἀνακόψειαν
2548 4531 2613 4586 Β.

166 4611 331 4670 unde
359 4606 618 4676 ἀντικόψῃ
644 4605 708 4661 ἂν
731 4604 978 4661 emendat
1004 4604 1205 4676 Heyse.
1403 4605 1489 4661 28.
1524 4606 1757 4668 βοῶντος
1779 4605 1873 4657 τοῦ
1898 4602 2114 4658 Παύλου
2139 4602 2242 4657 hoc
2266 4601 2451 4657 ordine
2478 4602 2544 4657 Β.
