3238 5158
238 354 368 421 xiv.
399 374 644 444 12,13.·
703 358 820 423 IN
879 359 945 426 S.
993 358 1514 427 JOANNEM.
1603 359 1800 427 LIB.
1847 361 1971 427 IX.
2061 362 2263 427 CAP.
2311 360 2369 429 1.
2516 364 2645 426 457

239 521 613 626 χαρακτήρ
664 525 868 605 ἐστιν
911 526 1152 625 αὐτοῦ,
1193 525 1636 635 φορούμενος
1685 524 1817 625 μὲν
1853 531 1950 611 ὡς
1999 529 2075 607 ἐν
2110 526 2489 635 ἀρχετύπῳ
2543 532 2647 634 τῷ

243 650 505 751 Πατρῖ,
561 648 747 755 ἔχων
802 650 1032 754 γεμῆν
1083 653 1161 732 ἐν
1214 655 1444 760 ἑαυτῷ
1495 650 1582 733 τὸ
1639 652 2059 757 ἀρχέτιητον,
2117 655 2214 737 ὡς
2274 647 2645 757 χαρακτὴρ

242 778 571 879 φυσικῶς
623 809 703 855 τε
759 779 878 856 καὶ
928 777 1315 874 οὐσιωδῶς,
1362 779 1479 857 καὶ
1535 777 1621 855 ού
1674 773 1861 857 κατά
1913 810 2073 856 τινα
2124 774 2646 883 σχηματισμὸν

241 894 370 977 τὸν
406 900 482 978 ἔν
527 899 922 982 διαπλάσει
970 901 1379 1000 νοούμενον·
1436 901 1586 981 ἀνω
1642 900 1787 1005 γὰρ
1833 900 2236 1005 σχημάτων
2277 900 2364 982 τὸ
2416 906 2713 997 &lomb

165 1038 210 1101 5
240 1024 390 1103 ἐπεὶ
427 1027 543 1104 καὶ
579 1025 1008 1181 ἀσώματον”
1050 1034 1096 1073 “
1117 1024 1279 1128 ἐγὼ,
1319 1028 1649 1133 φησὶν,’
1611 1060 1688 1105 εν
1720 1030 1825 1134 τῷ
1865 1028 2103 1129 Πατρὶ
2145 1029 2262 1106 καὶ
2301 1027 2342 1105 ὁ
2383 1024 2644 1128 Πατὴρ
2732 1041 2899 1107 Supra

241 1156 287 1193 “
323 1145 401 1227 δὲ
436 1149 582 1227 ἐν’
546 1151 701 1250 εμοὶ
736 1150 988 1230 ἐστίν]
989 1147 1240 1229 ’ἀλλ’
1278 1149 1395 1229 ἵνα
1438 1152 1566 1249 τῆς
1608 1149 1980 1256 ἐμφερείας
2014 1147 2148 1249 τὴν
2185 1146 2489 1249 ισότητα
2524 1153 2644 1230 καὶ
2732 1124 2837 1159 w
2869 1123 2947 1161 ¹¹

239 1268 326 1351 τὸ
350 1269 812 1426 σύμμορφον
849 1272 1431 1379 ἀπαραλλάκτως
1480 1271 1583 1374 μὴ
1634 1274 1798 1353 καθ’
1837 1270 2078 1377 ἕτερόν
2113 1307 2273 1353 τινα
2326 1273 2645 1377 ζητῶμεν

239 1395 509 1499 τρόπον
560 1395 608 1497 ἢ
664 1401 743 1478 ἐκ
796 1394 1039 1498 μόνων
1088 1404 1234 1478 τῶν
1286 1403 1377 1504 τῇ
1434 1397 1656 1504 φύσει
1710 1395 2143 1501 προσόντων
2196 1410 2637 1549 πλεονεκτη-

241 1517 513 1616 μάτων·
587 1522 908 1603 ἐντεῦθεν
963 1521 1110 1626 γὰρ
1173 1518 1264 1621 ἦν
1323 1521 1641 1623 οὖσιῶδη
1707 1523 1826 1602 καὶ
1890 1520 2212 1629 φυσικὴν
2271 1523 2447 1625 ὁρᾶν
2507 1521 2643 1622 τὴν

133 1678 220 1719 ιο
248 1643 614 1741 ὁμοίωσιν·
702 1650 791 1727 Εἰ
863 1644 942 1726 δε
1012 1644 1134 1746 μὴ,
1200 1648 1456 1752 φησιν,
1515 1644 1663 1726 ἀπο
1732 1651 1881 1726 τῶν
1944 1645 2177 1749 ἔργων
2236 1646 2633 1728 πιστεύετε.
2730 1671 2810 1722 Ib.

245 1761 426 1874 ᾤετο
461 1768 605 1874 γὰρ
641 1768 728 1871 δὴ
765 1772 934 1851 λίαν
968 1772 1227 1874 ὀρθῶς,
1268 1775 1367 1856 ὡς
1403 1770 1600 1874 εἴπερ
1638 1768 1831 1855 ολως
1877 1767 2222 1851 θεάσαιτό
2274 1804 2379 1855 τις
2424 1770 2644 1852 αὐτὸν

241 1898 393 1978 τοῖς
429 1892 616 1981 ἴσοις
650 1893 1117 1996 ἐκλάμποντα
1168 1895 1681 2001 κατορθωμασι
1729 1900 1835 2003 τῷ
1869 1899 2038 2002 Θεῷ
2078 1898 2196 1976 καὶ
2234 1898 2504 1999 Πατρι,
2546 1897 2646 1980 εἶς

241 2017 561 2121 φυσικον
631 2018 855 2104 ὅντως
906 2021 1419 2174 παραδέξαιτο
1498 2024 1919 2126 χαρακτῆρα
1999 2023 2118 2100 καὶ
2198 2018 2434 2101 εικόνα
2513 2024 2643 2121 τῆς
2666 2061 2703 2104 ο

240 2144 493 2228 οὐσίας
544 2146 787 2224 αὑτοῦ·
846 2144 931 2224 οὐ
980 2144 1123 2248 γὰρ
1171 2180 1262 2225 αν
1297 2178 1473 2225 ποτε
1530 2144 1798 2248 δράσαι
1852 2143 1945 2224 τὰ
1998 2144 2130 2225 ἴσα
2182 2151 2286 2251 τῷ
2334 2149 2502 2254 Θεῷ
2556 2143 2642 2225 τὸ

126 2292 212 2355 15
239 2266 342 2368 μὴ
376 2268 454 2348 ἐκ
492 2272 684 2349 Θεοῦ
726 2268 913 2349 κατὰ
964 2269 1213 2376 φύσιν,
1251 2271 1422 2349 ἀλλ’
1463 2270 1615 2349 οὐδ’
1657 2267 1747 2349 ἀν
1781 2266 2261 2372 προογένοιτό
2311 2304 2448 2350 τινι
2498 2276 2644 2349 τῶν

239 2398 559 2494 γενητῶν
627 2391 712 2474 τὸ
783 2396 860 2474 ἐν
927 2393 1070 2500 ἴσῳ
1142 2395 1380 2503 μέτρῳ
1452 2398 1544 2498 τῇ
1615 2393 1771 2501 θείᾳ
1844 2391 2068 2501 φύσει
2147 2400 2646 2496 τερατουργεΐν

241 2515 601 2598 δύνασθαί
628 2551 826 2600 ποτε.
904 2518 1147 2615 ἄβατα
1194 2516 1338 2623 γὰρ
1388 2519 1506 2599 καὶ
1554 2519 1897 2624 ἀνέπαφα
1943 2523 2318 2602 παντελῶς
2366 2524 2512 2602 τοῖς
2561 2516 2651 2626 ἐξ

241 2643 371 2721 οὐκ
419 2640 648 2723 ὄντων
692 2650 790 2727 εἶς
838 2641 923 2724 τὸ
973 2640 1149 2725 εἶναι
1202 2643 1659 2745 κεκλημένοις
1707 2642 1802 2722 τὰ
1848 2650 1979 2723 τοῦ
2033 2644 2141 2721 ἀεὶ
2196 2641 2403 2726 ὄντος
2457 2643 2648 2728 ἰδίως

243 2764 511 2866 ἀγαθά.
572 2771 688 2847 καὶ
724 2766 835 2848 ὅτι
879 2764 1011 2869 μὲν
1047 2767 1514 2872 ἀλοιδόρητος
1560 2772 1939 2851 παντελῶς
1986 2763 2188 2868 παρά
2237 2800 2324 2868 γε
2372 2773 2521 2850 τοῖς
2569 2766 2648 2845 εὖ

128 2922 221 2965 20
248 2894 645 2994 φρονοῦσιν
681 2892 722 2971 ὃ
759 2900 887 2973 τοῦ
926 2896 1264 2996 Σωτῆρος
1300 2893 1507 2974 ἔσται
1544 2892 1790 2993 λόγος,
1829 2886 2221 2989 οὐδαμόθεν
2257 2887 2648 2969 ἐνδοιάσειν

245 3008 429 3096 εἰκὸς
484 3012 573 3115 ἦν
625 3045 846 3100 τινας·
927 3017 1230 3099 ἔσεσθαι
1289 3015 1516 3120 γεμὴν
1574 3023 1726 3101 τοῖς
1786 3015 2128 3095 τάναντία
2191 3013 2641 3121 δοξάζουσιν,
2668 3038 2714 3103 d

243 3137 914 3243 ἐτεροδιδασκαλίας
962 3141 1259 3249 ἀφορμὴ
1309 3144 1424 3222 καὶ
1466 3139 1843 3247 πρόφασις
1892 3143 2009 3219 καὶ
2045 3136 2131 3219 τὸ
2169 3144 2411 3224 καλῶς
2447 3144 2641 3241 εἰρη-

240 3262 480 3363 μένον,
516 3266 645 3345 οὐκ
695 3263 1076 3368 ἠγνόησεν,
1116 3271 1211 3352 ὡς
1251 3264 1457 3352 Θεός.
1529 3265 1648 3346 ἵνα
1696 3265 1937 3346 τοίνυν
1970 3261 2074 3364 μὴ
2125 3272 2273 3349 τοῖς
2321 3262 2417 3345 τὰ
2464 3265 2648 3368 ὀρθὰ

242 3390 812 3497 διαστρέφουσιν
838 3392 1421 3495 ἀθυρογλωττίας
1457 3393 1532 3471 ε’ν
1558 3388 1836 3475 τούτοις
1863 3389 2365 3492 παραλίπηται
2402 3386 2645 3489 τόπος,

129 3541 214 3603 25
241 3510 422 3610 μηδὲ
471 3514 753 3615 λέγοιεν
788 3513 898 3594 ὅτι
949 3514 1377 3619 δημιουργὸς
1427 3521 1574 3595 τῶν
1611 3512 1996 3613 θαυμάτων
2033 3515 2326 3617 γε’γονεν
2363 3515 2404 3593 ὁ
2440 3512 2640 3611 Υἱὸς,

240 3636 372 3715 οὐκ
425 3637 503 3716 ἐκ
556 3641 685 3737 τῆς
738 3637 1040 3739 ἐνούσης
1090 3638 1346 3745 ἰσχύος
1396 3641 1609 3748 αὐτῷ,
1657 3637 1816 3719 οὐδὲ
1871 3637 1963 3746 ἐξ
2013 3638 2192 3721 ἰδίας
2246 3636 2640 3737 δυνάμεως,

240 3759 415 3838 ἀλλ’
450 3761 737 3864 ἐπείπερ
775 3758 962 3868 εἶχεν
997 3764 1074 3844 ἐν
1110 3765 1336 3872 ἑαυτῷ
1384 3760 1514 3845 τὸν
1553 3764 1847 3868 Πατέρα
1894 3770 2237 3844 ποιοῦντα
2287 3761 2379 3842 τὰ
2430 3761 2638 3865 ἔργα,
2734 3791 2813 3843 lb.
2836 3805 2913 3844 10.

240 3881 565 3989 καθάπερ
640 3886 767 3967 οὖν
839 3885 1053 3972 αὐτὸς
1126 3887 1267 3995 ἔφη
1341 3891 1459 3968 καὶ
1539 3888 2069 3993 διισχυρίσατο,
2140 3876 2646 3987 τεθεράπευκεν

240 4009 644 4111 ἀναγκαίως
693 4010 735 4089 ὅ
788 4010 1055 4114 Κύριος
1102 4018 1258 4097 ταῖς
1308 4018 1455 4093 τῶν
1491 4010 1868 4112 νοημάτων
1903 4013 2334 4113 ἐπαγωγαῖς·
2395 4007 2646 4090 ἑαυτὸν
2667 4049 2704 4094 e

125 4173 214 4234 30
238 4128 377 4232 μὲν
437 4132 580 4237 γὰρ
650 4137 726 4215 ἐν
787 4134 1067 4222 τούτοις
1136 4135 1435 4217 ἔσεσθαι
1512 4133 1831 4241 χορηγὸν
1895 4129 2425 4236 ἐπαγγέλλεται
2499 4141 2646 4219 τοῖς

237 4257 714 4340 πιστεύουσιν
762 4264 859 4344 εἶς
910 4256 1148 4357 αὐτὸν,
1184 4255 1424 4363 ὧνπερ
1480 4256 1571 4339 ἀν
1614 4257 1993 4339 ἐθέλουσιν
2037 4264 2276 4354 αἰτεῖν,
2312 4261 2429 4338 καὶ
2486 4260 2647 4361 οὐχὶ

238 4380 473 4484 μόνην
529 4384 769 4467 αὐτοῖς
833 4381 1360 4487 ἐπαγγέλλεται
1422 4381 1790 4485 τοσαύτην
1849 4380 2290 4487 χορηγήσειν
2344 4381 2646 4478 δύναμιν

320 4556 510 4612 19—p
533 4541 658 4608 458,
693 4558 755 4610 15
782 4540 909 4594 citat
933 4559 988 4612 p.
1367 4557 1451 4596 22.
1489 4539 1734 4612 ἀφορμὴν
1758 4538 1841 4594 καὶ
1863 4540 2138 4611 πρόφασιν
2161 4536 2409 4595 emendat
2436 4535 2643 4606 Migne.

242 4628 331 4679 24.
368 4612 722 4682 παραλίπηται
747 4629 800 4681 p.
824 4611 1179 4681 περιλείπηται
1204 4611 1308 4667 Ed.

331 4700 476 4747 τοι..
508 4700 588 4746 11.
1399 4701 1437 4766 3
1469 4700 1514 4743 N
