<?xml version="1.0" encoding="UTF-8"?>
<!DOCTYPE html PUBLIC "-//W3C//DTD XHTML 1.0 Transitional//EN"
    "http://www.w3.org/TR/xhtml1/DTD/xhtml1-transitional.dtd">
<html xmlns="http://www.w3.org/1999/xhtml" xml:lang="en" lang="en">
 <head>
  <title>
</title>
<meta http-equiv="Content-Type" content="text/html;charset=utf-8" />
  <meta name='ocr-system' content='tesseract 3.04.00' />
  <meta name='ocr-capabilities' content='ocr_page ocr_carea ocr_par ocr_line ocrx_word'/>
</head>
<body>
  <div class='ocr_page' id='page_1' title='image "./sanctipatrisnos03pusegoog_0229.png"; bbox 0 0 3238 5158; ppageno 0'>
   <div class='ocr_carea' id='block_1_1' title="bbox 236 342 2648 428">
    <p class='ocr_par' dir='ltr' id='par_1_1' title="bbox 236 342 2648 428">
     <span class='ocr_line' id='line_1_1' title="bbox 236 342 2648 428; baseline 0.002 -24"><span class='ocrx_word' id='word_1_1' title='bbox 236 362 297 404; x_wconf 84' lang='lat' dir='ltr'>x.</span> <span class='ocrx_word' id='word_1_2' title='bbox 324 362 384 428; x_wconf 89' lang='lat'>9.</span> <span class='ocrx_word' id='word_1_3' title='bbox 614 343 731 408; x_wconf 94' lang='lat' dir='ltr'>IN</span> <span class='ocrx_word' id='word_1_4' title='bbox 794 342 861 410; x_wconf 84' lang='lat' dir='ltr'>S.</span> <span class='ocrx_word' id='word_1_5' title='bbox 911 343 1426 411; x_wconf 86' lang='lat' dir='ltr'><strong>JOANNEM.</strong></span> <span class='ocrx_word' id='word_1_6' title='bbox 1516 344 1864 411; x_wconf 82' lang='lat' dir='ltr'>LIB.V1.</span> <span class='ocrx_word' id='word_1_7' title='bbox 1955 344 2163 410; x_wconf 87' lang='lat' dir='ltr'>CAP.</span> <span class='ocrx_word' id='word_1_8' title='bbox 2210 343 2268 409; x_wconf 93' lang='grc' dir='ltr'>Ι.</span> <span class='ocrx_word' id='word_1_9' title='bbox 2517 344 2648 410; x_wconf 84' lang='grc'>217</span> 
     </span>
    </p>
   </div>
   <div class='ocr_carea' id='block_1_2' title="bbox 141 506 2999 4091">
    <p class='ocr_par' dir='ltr' id='par_1_2' title="bbox 141 506 2999 4091">
     <span class='ocr_line' id='line_1_2' title="bbox 241 506 2648 614; baseline 0 -27"><span class='ocrx_word' id='word_1_10' title='bbox 241 510 446 614; x_wconf 78' lang='grc' dir='ltr'>φησὶ,</span> <span class='ocrx_word' id='word_1_11' title='bbox 508 514 730 611; x_wconf 92' lang='grc' dir='ltr'>κρῖμα</span> <span class='ocrx_word' id='word_1_12' title='bbox 786 506 874 588; x_wconf 81' lang='grc' dir='ltr'>τὸ</span> <span class='ocrx_word' id='word_1_13' title='bbox 935 514 1124 589; x_wconf 91' lang='grc' dir='ltr'>θεῖον</span> <span class='ocrx_word' id='word_1_14' title='bbox 1177 507 1679 611; x_wconf 86' lang='grc' dir='ltr'>ἐκβιαζόμενοι,</span> <span class='ocrx_word' id='word_1_15' title='bbox 1736 508 1921 589; x_wconf 85' lang='grc' dir='ltr'>κατά</span> <span class='ocrx_word' id='word_1_16' title='bbox 1978 543 2065 611; x_wconf 86' lang='grc' dir='ltr'>γε</span> <span class='ocrx_word' id='word_1_17' title='bbox 2123 515 2269 588; x_wconf 88' lang='grc' dir='ltr'>τῶν</span> <span class='ocrx_word' id='word_1_18' title='bbox 2324 510 2648 613; x_wconf 85' lang='grc' dir='ltr'>ἐγχειρη-</span> 
     </span>
     <span class='ocr_line' id='line_1_3' title="bbox 240 631 2647 740; baseline 0 -29"><span class='ocrx_word' id='word_1_19' title='bbox 240 631 488 730; x_wconf 82' lang='grc' dir='ltr'>μάτων</span> <span class='ocrx_word' id='word_1_20' title='bbox 525 632 655 713; x_wconf 81' lang='grc' dir='ltr'>τὸν</span> <span class='ocrx_word' id='word_1_21' title='bbox 691 632 938 736; x_wconf 88' lang='grc' dir='ltr'>λόγον.</span> <span class='ocrx_word' id='word_1_22' title='bbox 1020 640 1087 714; x_wconf 80' lang='grc' dir='ltr'>οἱ</span> <span class='ocrx_word' id='word_1_23' title='bbox 1136 634 1211 715; x_wconf 77' lang='grc' dir='ltr'>δὲ</span> <span class='ocrx_word' id='word_1_24' title='bbox 1262 633 1652 715; x_wconf 78' lang='grc' dir='ltr'>θεόσδοτον</span> <span class='ocrx_word' id='word_1_25' title='bbox 1687 633 2038 740; x_wconf 88' lang='grc' dir='ltr'>λαχόντες</span> <span class='ocrx_word' id='word_1_26' title='bbox 2074 634 2486 735; x_wconf 87' lang='grc' dir='ltr'>ἡγεμονίαν,</span> <span class='ocrx_word' id='word_1_27' title='bbox 2531 636 2647 712; x_wconf 80' lang='grc' dir='ltr'>καὶ</span> 
     </span>
     <span class='ocr_line' id='line_1_4' title="bbox 242 753 2648 864; baseline 0.001 -30"><span class='ocrx_word' id='word_1_28' title='bbox 242 753 360 834; x_wconf 80' lang='grc' dir='ltr'>διὰ</span> <span class='ocrx_word' id='word_1_29' title='bbox 396 760 732 860; x_wconf 83' lang='grc' dir='ltr'>Χριστοῦ</span> <span class='ocrx_word' id='word_1_30' title='bbox 767 757 948 861; x_wconf 82' lang='grc' dir='ltr'>πρὸς</span> <span class='ocrx_word' id='word_1_31' title='bbox 985 767 1200 839; x_wconf 91' lang='grc' dir='ltr'>τοῦτο</span> <span class='ocrx_word' id='word_1_32' title='bbox 1232 758 1663 862; x_wconf 74' lang='grc' dir='ltr'>βαδίζοντες,</span> <span class='ocrx_word' id='word_1_33' title='bbox 1702 762 1777 839; x_wconf 84' lang='grc' dir='ltr'>ἐν</span> <span class='ocrx_word' id='word_1_34' title='bbox 1810 764 2064 864; x_wconf 86' lang='grc' dir='ltr'>πολλῇ</span> <span class='ocrx_word' id='word_1_35' title='bbox 2113 760 2488 864; x_wconf 71' lang='grc' dir='ltr'>παρῥησίᾲ</span> <span class='ocrx_word' id='word_1_36' title='bbox 2532 759 2648 837; x_wconf 77' lang='grc' dir='ltr'>καὶ</span> 
     </span>
     <span class='ocr_line' id='line_1_5' title="bbox 242 877 2647 989; baseline 0.001 -32"><span class='ocrx_word' id='word_1_37' title='bbox 242 877 481 983; x_wconf 82' lang='grc' dir='ltr'>χάριτι</span> <span class='ocrx_word' id='word_1_38' title='bbox 517 886 647 981; x_wconf 87' lang='grc' dir='ltr'>τῆς</span> <span class='ocrx_word' id='word_1_39' title='bbox 692 879 1074 985; x_wconf 78' lang='grc' dir='ltr'>ἱερωτάτης</span> <span class='ocrx_word' id='word_1_40' title='bbox 1119 882 1605 989; x_wconf 82' lang='grc' dir='ltr'>κατάρξουσιν</span> <span class='ocrx_word' id='word_1_41' title='bbox 1645 884 1891 982; x_wconf 80' lang='grc' dir='ltr'>αὐλῆς,</span> <span class='ocrx_word' id='word_1_42' title='bbox 1930 890 2283 962; x_wconf 87' lang='grc' dir='ltr'>τοσοῦτον</span> <span class='ocrx_word' id='word_1_43' title='bbox 2319 886 2647 986; x_wconf 87' lang='grc' dir='ltr'>ἀφεστη-</span> 
     </span>
     <span class='ocr_line' id='line_1_6' title="bbox 174 1001 2644 1110; baseline -0.002 -20"><span class='ocrx_word' id='word_1_44' title='bbox 174 1029 215 1090; x_wconf 81' lang='lat'><strong>5</strong></span> <span class='ocrx_word' id='word_1_45' title='bbox 245 1001 446 1088; x_wconf 86' lang='grc' dir='ltr'>κότες</span> <span class='ocrx_word' id='word_1_46' title='bbox 500 1009 627 1106; x_wconf 84' lang='grc' dir='ltr'>τῆς</span> <span class='ocrx_word' id='word_1_47' title='bbox 683 1007 791 1086; x_wconf 87' lang='grc' dir='ltr'>ἐπ’</span> <span class='ocrx_word' id='word_1_48' title='bbox 849 1007 1133 1092; x_wconf 89' lang='grc' dir='ltr'>ἐκείνοις</span> <span class='ocrx_word' id='word_1_49' title='bbox 1188 1008 1432 1110; x_wconf 82' lang='grc' dir='ltr'>ὀργῆς,</span> <span class='ocrx_word' id='word_1_50' title='bbox 1481 1009 1579 1092; x_wconf 82' lang='grc' dir='ltr'>ὡς</span> <span class='ocrx_word' id='word_1_51' title='bbox 1636 1009 1753 1087; x_wconf 77' lang='grc' dir='ltr'>καὶ</span> <span class='ocrx_word' id='word_1_52' title='bbox 1809 1005 2016 1103; x_wconf 78' lang='grc' dir='ltr'>τιμὰς</span> <span class='ocrx_word' id='word_1_53' title='bbox 2072 1010 2395 1086; x_wconf 88' lang='grc' dir='ltr'>ἐντεῦθεν</span> <span class='ocrx_word' id='word_1_54' title='bbox 2448 1005 2644 1085; x_wconf 83' lang='grc' dir='ltr'>ἐκδέ-</span> 
     </span>
     <span class='ocr_line' id='line_1_7' title="bbox 244 1129 2720 1238; baseline 0.001 -31"><span class='ocrx_word' id='word_1_55' title='bbox 244 1135 528 1232; x_wconf 87' lang='grc' dir='ltr'>χεσθαι,</span> <span class='ocrx_word' id='word_1_56' title='bbox 574 1133 694 1210; x_wconf 81' lang='grc' dir='ltr'>καὶ</span> <span class='ocrx_word' id='word_1_57' title='bbox 746 1129 1152 1238; x_wconf 82' lang='grc' dir='ltr'>στεφάνους</span> <span class='ocrx_word' id='word_1_58' title='bbox 1205 1130 1473 1211; x_wconf 79' lang='grc' dir='ltr'>ἀνωθεν</span> <span class='ocrx_word' id='word_1_59' title='bbox 1518 1130 1826 1238; x_wconf 81' lang='grc' dir='ltr'>ἥξοντας</span> <span class='ocrx_word' id='word_1_60' title='bbox 1878 1130 2060 1212; x_wconf 76' lang='grc' dir='ltr'>ὅσον</span> <span class='ocrx_word' id='word_1_61' title='bbox 2106 1130 2382 1210; x_wconf 81' lang='grc' dir='ltr'>οὐδέπω</span> <span class='ocrx_word' id='word_1_62' title='bbox 2403 1215 2410 1222; x_wconf 53' lang='lat'>‚</span> <span class='ocrx_word' id='word_1_63' title='bbox 2432 1164 2647 1230; x_wconf 82' lang='grc' dir='ltr'>καρα-</span> <span class='ocrx_word' id='word_1_64' title='bbox 2675 1146 2720 1210; x_wconf 90' lang='lat' dir='ltr'>b</span> 
     </span>
     <span class='ocr_line' id='line_1_8' title="bbox 245 1251 2654 1358; baseline 0.002 -28"><span class='ocrx_word' id='word_1_65' title='bbox 245 1254 499 1349; x_wconf 84' lang='grc' dir='ltr'>δοκεῖν,</span> <span class='ocrx_word' id='word_1_66' title='bbox 573 1255 860 1358; x_wconf 86' lang='grc' dir='ltr'>ἐπείπερ</span> <span class='ocrx_word' id='word_1_67' title='bbox 940 1254 1219 1340; x_wconf 83' lang='grc' dir='ltr'>σκοπὸς</span> <span class='ocrx_word' id='word_1_68' title='bbox 1311 1257 1545 1338; x_wconf 89' lang='grc' dir='ltr'>αὐτοῖς</span> <span class='ocrx_word' id='word_1_69' title='bbox 1639 1252 2224 1355; x_wconf 87' lang='grc' dir='ltr'>διαλυμήνασθαι</span> <span class='ocrx_word' id='word_1_70' title='bbox 2303 1251 2433 1352; x_wconf 69' lang='grc' dir='ltr'>μὲν</span> <span class='ocrx_word' id='word_1_71' title='bbox 2505 1262 2654 1336; x_wconf 88' lang='grc' dir='ltr'>τοῖς</span> 
     </span>
     <span class='ocr_line' id='line_1_9' title="bbox 244 1374 2653 1483; baseline -0.001 -26"><span class='ocrx_word' id='word_1_72' title='bbox 244 1374 640 1478; x_wconf 78' lang='grc' dir='ltr'>προβάτοις</span> <span class='ocrx_word' id='word_1_73' title='bbox 703 1377 888 1459; x_wconf 80' lang='grc' dir='ltr'>κατά</span> <span class='ocrx_word' id='word_1_74' title='bbox 953 1413 1021 1459; x_wconf 92' lang='grc' dir='ltr'>τι</span> <span class='ocrx_word' id='word_1_75' title='bbox 1086 1388 1265 1483; x_wconf 89' lang='grc' dir='ltr'>γοῦν</span> <span class='ocrx_word' id='word_1_76' title='bbox 1332 1381 1691 1478; x_wconf 81' lang='grc' dir='ltr'>οὐδαμῶς,</span> <span class='ocrx_word' id='word_1_77' title='bbox 1754 1381 2155 1483; x_wconf 84' lang='grc' dir='ltr'>ἐπωφελεῖν</span> <span class='ocrx_word' id='word_1_78' title='bbox 2222 1377 2296 1458; x_wconf 81' lang='grc' dir='ltr'>δὲ</span> <span class='ocrx_word' id='word_1_79' title='bbox 2360 1385 2653 1477; x_wconf 84' lang='grc' dir='ltr'>μᾶλλον</span> 
     </span>
     <span class='ocr_line' id='line_1_10' title="bbox 246 1498 2653 1611; baseline 0.003 -32"><span class='ocrx_word' id='word_1_80' title='bbox 246 1498 459 1599; x_wconf 82' lang='grc' dir='ltr'>αὐτὰ,</span> <span class='ocrx_word' id='word_1_81' title='bbox 522 1508 635 1581; x_wconf 79' lang='grc' dir='ltr'>καὶ</span> <span class='ocrx_word' id='word_1_82' title='bbox 712 1509 816 1611; x_wconf 75' lang='grc' dir='ltr'>τῷ</span> <span class='ocrx_word' id='word_1_83' title='bbox 888 1507 1015 1604; x_wconf 82' lang='grc' dir='ltr'>τῆς</span> <span class='ocrx_word' id='word_1_84' title='bbox 1089 1503 1361 1607; x_wconf 76' lang='grc' dir='ltr'>ἀγέλης</span> <span class='ocrx_word' id='word_1_85' title='bbox 1436 1501 1757 1609; x_wconf 83' lang='grc' dir='ltr'>δεσπότῃ</span> <span class='ocrx_word' id='word_1_86' title='bbox 1831 1501 1923 1583; x_wconf 80' lang='grc' dir='ltr'>τὰ</span> <span class='ocrx_word' id='word_1_87' title='bbox 1985 1500 2269 1607; x_wconf 87' lang='grc' dir='ltr'>θυμήρη</span> <span class='ocrx_word' id='word_1_88' title='bbox 2336 1507 2653 1605; x_wconf 79' lang='grc' dir='ltr'>δρῶντας</span> 
     </span>
     <span class='ocr_line' id='line_1_11' title="bbox 141 1622 2646 1735; baseline 0.002 -36"><span class='ocrx_word' id='word_1_89' title='bbox 141 1658 221 1700; x_wconf 83' lang='grc' dir='ltr'>ιο</span> <span class='ocrx_word' id='word_1_90' title='bbox 247 1622 369 1703; x_wconf 79' lang='grc' dir='ltr'>διὰ</span> <span class='ocrx_word' id='word_1_91' title='bbox 431 1624 701 1710; x_wconf 82' lang='grc' dir='ltr'>παντὸς</span> <span class='ocrx_word' id='word_1_92' title='bbox 763 1626 1245 1731; x_wconf 79' lang='grc' dir='ltr'>διασώζεσθαι</span> <span class='ocrx_word' id='word_1_93' title='bbox 1311 1634 1556 1733; x_wconf 85' lang='grc' dir='ltr'>φιλεῖν</span> <span class='ocrx_word' id='word_1_94' title='bbox 1619 1635 1770 1712; x_wconf 92' lang='grc' dir='ltr'>τοῖς</span> <span class='ocrx_word' id='word_1_95' title='bbox 1838 1629 1952 1709; x_wconf 82' lang='grc' dir='ltr'>ὑπ’</span> <span class='ocrx_word' id='word_1_96' title='bbox 2023 1630 2216 1735; x_wconf 76' lang='grc' dir='ltr'>αὐτῷ</span> <span class='ocrx_word' id='word_1_97' title='bbox 2281 1625 2646 1730; x_wconf 86' lang='grc' dir='ltr'>γεγονόσι.</span> 
     </span>
     <span class='ocr_line' id='line_1_12' title="bbox 249 1749 2656 1857; baseline 0.002 -29"><span class='ocrx_word' id='word_1_98' title='bbox 249 1753 548 1852; x_wconf 88' lang='grc' dir='ltr'>θορυβεῖ</span> <span class='ocrx_word' id='word_1_99' title='bbox 586 1749 660 1830; x_wconf 79' lang='grc' dir='ltr'>δὲ</span> <span class='ocrx_word' id='word_1_100' title='bbox 709 1749 1009 1857; x_wconf 87' lang='grc' dir='ltr'>σφόδρα</span> <span class='ocrx_word' id='word_1_101' title='bbox 1056 1754 1171 1833; x_wconf 77' lang='grc' dir='ltr'>καὶ</span> <span class='ocrx_word' id='word_1_102' title='bbox 1226 1749 1342 1832; x_wconf 80' lang='grc' dir='ltr'>διὰ</span> <span class='ocrx_word' id='word_1_103' title='bbox 1391 1753 1665 1833; x_wconf 83' lang='grc' dir='ltr'>τούτων</span> <span class='ocrx_word' id='word_1_104' title='bbox 1703 1754 1744 1832; x_wconf 82' lang='grc' dir='ltr'>ὁ</span> <span class='ocrx_word' id='word_1_105' title='bbox 1788 1753 2052 1857; x_wconf 87' lang='grc' dir='ltr'>Κύριος</span> <span class='ocrx_word' id='word_1_106' title='bbox 2095 1750 2260 1836; x_wconf 81' lang='grc' dir='ltr'>τοῦς</span> <span class='ocrx_word' id='word_1_107' title='bbox 2306 1754 2656 1846; x_wconf 82' lang='grc' dir='ltr'>ἀκαμπεῖς</span> 
     </span>
     <span class='ocr_line' id='line_1_13' title="bbox 252 1874 2649 1978; baseline -0 -23"><span class='ocrx_word' id='word_1_108' title='bbox 252 1875 714 1976; x_wconf 85' lang='grc' dir='ltr'>Φαρισαίους,</span> <span class='ocrx_word' id='word_1_109' title='bbox 754 1875 1020 1977; x_wconf 85' lang='grc' dir='ltr'>ἥκιστα</span> <span class='ocrx_word' id='word_1_110' title='bbox 1056 1875 1186 1973; x_wconf 74' lang='grc' dir='ltr'>μὲν</span> <span class='ocrx_word' id='word_1_111' title='bbox 1225 1874 1480 1961; x_wconf 82' lang='grc' dir='ltr'>αὐτοῦς</span> <span class='ocrx_word' id='word_1_112' title='bbox 1528 1877 2122 1978; x_wconf 88' lang='grc' dir='ltr'>διασωθήσεσθαι</span> <span class='ocrx_word' id='word_1_113' title='bbox 2166 1874 2422 1978; x_wconf 82' lang='grc' dir='ltr'>λε’γων,</span> <span class='ocrx_word' id='word_1_114' title='bbox 2461 1877 2649 1954; x_wconf 89' lang='grc' dir='ltr'>ἀπο·</span> 
     </span>
     <span class='ocr_line' id='line_1_14' title="bbox 250 1996 2659 2106; baseline -0.001 -27"><span class='ocrx_word' id='word_1_115' title='bbox 250 2004 638 2079; x_wconf 86' lang='grc' dir='ltr'>πεσεῖσθαι</span> <span class='ocrx_word' id='word_1_116' title='bbox 696 1998 771 2080; x_wconf 80' lang='grc' dir='ltr'>δὲ</span> <span class='ocrx_word' id='word_1_117' title='bbox 825 1998 1116 2086; x_wconf 81' lang='grc' dir='ltr'>πάντως</span> <span class='ocrx_word' id='word_1_118' title='bbox 1174 2003 1301 2101; x_wconf 82' lang='grc' dir='ltr'>τῆς</span> <span class='ocrx_word' id='word_1_119' title='bbox 1360 2004 1436 2080; x_wconf 90' lang='grc' dir='ltr'>ἐν</span> <span class='ocrx_word' id='word_1_120' title='bbox 1490 1998 1674 2106; x_wconf 82' lang='grc' dir='ltr'>ᾗπέρ</span> <span class='ocrx_word' id='word_1_121' title='bbox 1734 2007 1917 2082; x_wconf 82' lang='grc' dir='ltr'>εἶσιν</span> <span class='ocrx_word' id='word_1_122' title='bbox 1973 2003 2222 2105; x_wconf 87' lang='grc' dir='ltr'>ἀρχῆς,</span> <span class='ocrx_word' id='word_1_123' title='bbox 2279 2002 2394 2080; x_wconf 76' lang='grc' dir='ltr'>καὶ</span> <span class='ocrx_word' id='word_1_124' title='bbox 2453 1996 2659 2098; x_wconf 81' lang='grc' dir='ltr'>μάλα</span> 
     </span>
     <span class='ocr_line' id='line_1_15' title="bbox 251 2123 2658 2230; baseline -0 -29"><span class='ocrx_word' id='word_1_125' title='bbox 251 2123 555 2220; x_wconf 79' lang='grc' dir='ltr'>δικαίως,</span> <span class='ocrx_word' id='word_1_126' title='bbox 621 2123 907 2226; x_wconf 89' lang='grc' dir='ltr'>ἐπείπερ</span> <span class='ocrx_word' id='word_1_127' title='bbox 981 2125 1065 2204; x_wconf 92' lang='grc' dir='ltr'>οὐ</span> <span class='ocrx_word' id='word_1_128' title='bbox 1137 2123 1254 2204; x_wconf 82' lang='grc' dir='ltr'>διὰ</span> <span class='ocrx_word' id='word_1_129' title='bbox 1320 2129 1532 2222; x_wconf 82' lang='grc' dir='ltr'>Θεοῦ,</span> <span class='ocrx_word' id='word_1_130' title='bbox 1601 2124 1719 2204; x_wconf 82' lang='grc' dir='ltr'>διὰ</span> <span class='ocrx_word' id='word_1_131' title='bbox 1788 2124 1863 2205; x_wconf 78' lang='grc' dir='ltr'>δὲ</span> <span class='ocrx_word' id='word_1_132' title='bbox 1935 2129 2063 2224; x_wconf 86' lang='grc' dir='ltr'>τῆς</span> <span class='ocrx_word' id='word_1_133' title='bbox 2137 2131 2359 2230; x_wconf 88' lang='grc' dir='ltr'>σφῶν</span> <span class='ocrx_word' id='word_1_134' title='bbox 2422 2123 2658 2202; x_wconf 87' lang='grc' dir='ltr'>αὐτῶν</span> 
     </span>
     <span class='ocr_line' id='line_1_16' title="bbox 151 2246 2719 2355; baseline 0.002 -31"><span class='ocrx_word' id='word_1_135' title='bbox 151 2278 226 2340; x_wconf 84' lang='lat'>15</span> <span class='ocrx_word' id='word_1_136' title='bbox 253 2247 627 2331; x_wconf 82' lang='grc' dir='ltr'>κακονοίας</span> <span class='ocrx_word' id='word_1_137' title='bbox 681 2247 958 2350; x_wconf 86' lang='grc' dir='ltr'>παγίως</span> <span class='ocrx_word' id='word_1_138' title='bbox 1012 2246 1236 2348; x_wconf 88' lang='grc' dir='ltr'>αὐτὴν</span> <span class='ocrx_word' id='word_1_139' title='bbox 1292 2247 1475 2355; x_wconf 79' lang='grc' dir='ltr'>ἕξειν</span> <span class='ocrx_word' id='word_1_140' title='bbox 1532 2246 2199 2348; x_wconf 80' lang='grc' dir='ltr'>ὑπολαμβάνουσιν.</span> <span class='ocrx_word' id='word_1_141' title='bbox 2282 2247 2483 2328; x_wconf 84' lang='grc' dir='ltr'>ἀλλά</span> <span class='ocrx_word' id='word_1_142' title='bbox 2536 2281 2656 2346; x_wconf 87' lang='grc' dir='ltr'>μοι</span> <span class='ocrx_word' id='word_1_143' title='bbox 2682 2286 2719 2330; x_wconf 83' lang='grc' dir='ltr'>ο</span> 
     </span>
     <span class='ocr_line' id='line_1_17' title="bbox 254 2369 2658 2478; baseline -0 -28"><span class='ocrx_word' id='word_1_144' title='bbox 254 2372 372 2450; x_wconf 81' lang='grc' dir='ltr'>καὶ</span> <span class='ocrx_word' id='word_1_145' title='bbox 446 2369 565 2450; x_wconf 81' lang='grc' dir='ltr'>διὰ</span> <span class='ocrx_word' id='word_1_146' title='bbox 638 2379 852 2452; x_wconf 85' lang='grc' dir='ltr'>τοῦτο</span> <span class='ocrx_word' id='word_1_147' title='bbox 927 2370 1307 2476; x_wconf 77' lang='grc' dir='ltr'>θαυμάζειν</span> <span class='ocrx_word' id='word_1_148' title='bbox 1374 2372 1749 2478; x_wconf 80' lang='grc' dir='ltr'>ἐπέρχεται</span> <span class='ocrx_word' id='word_1_149' title='bbox 1823 2373 1955 2473; x_wconf 86' lang='grc' dir='ltr'>τὴν</span> <span class='ocrx_word' id='word_1_150' title='bbox 2019 2369 2459 2474; x_wconf 80' lang='grc' dir='ltr'>ἀσύγκριτον</span> <span class='ocrx_word' id='word_1_151' title='bbox 2531 2378 2658 2450; x_wconf 90' lang='grc' dir='ltr'>τοῦ</span> 
     </span>
     <span class='ocr_line' id='line_1_18' title="bbox 255 2494 2999 2601; baseline -0 -27"><span class='ocrx_word' id='word_1_152' title='bbox 255 2497 593 2599; x_wconf 84' lang='grc' dir='ltr'>Σωτῆρος</span> <span class='ocrx_word' id='word_1_153' title='bbox 645 2498 1223 2601; x_wconf 88' lang='grc' dir='ltr'>φιλανθρωπίαν.</span> <span class='ocrx_word' id='word_1_154' title='bbox 1287 2507 1331 2543; x_wconf 84' lang='grc'><strong>“</strong></span> <span class='ocrx_word' id='word_1_155' title='bbox 1361 2498 1778 2599; x_wconf 85' lang='grc' dir='ltr'>Οὶκτίρμων</span> <span class='ocrx_word' id='word_1_156' title='bbox 1815 2494 1958 2600; x_wconf 79' lang='grc' dir='ltr'>γὰρ</span> <span class='ocrx_word' id='word_1_157' title='bbox 2007 2495 2230 2581; x_wconf 82' lang='grc' dir='ltr'>ὅντως</span> <span class='ocrx_word' id='word_1_158' title='bbox 2282 2498 2398 2576; x_wconf 83' lang='grc' dir='ltr'>καὶ</span> <span class='ocrx_word' id='word_1_159' title='bbox 2449 2494 2652 2597; x_wconf 86' lang='grc' dir='ltr'>ἐλεή-</span> <span class='ocrx_word' id='word_1_160' title='bbox 2754 2510 2839 2560; x_wconf 70' lang='lat' dir='ltr'>Pa.</span> <span class='ocrx_word' id='word_1_161' title='bbox 2858 2525 2933 2560; x_wconf 80' lang='lat'>01·</span> <span class='ocrx_word' id='word_1_162' title='bbox 2950 2523 2999 2573; x_wconf 84' lang='grc'>4·</span> 
     </span>
     <span class='ocr_line' id='line_1_19' title="bbox 255 2616 2664 2726; baseline -0 -27"><span class='ocrx_word' id='word_1_163' title='bbox 255 2628 302 2666; x_wconf 80' lang='lat'>‘⁶</span> <span class='ocrx_word' id='word_1_164' title='bbox 335 2654 493 2718; x_wconf 90' lang='grc' dir='ltr'>μων</span> <span class='ocrx_word' id='word_1_165' title='bbox 549 2622 590 2700; x_wconf 83' lang='grc' dir='ltr'><em>ὃ</em></span> <span class='ocrx_word' id='word_1_166' title='bbox 648 2618 974 2724; x_wconf 84' lang='grc' dir='ltr'>Κύριος,”</span> <span class='ocrx_word' id='word_1_167' title='bbox 1031 2625 1392 2726; x_wconf 80' lang='grc' dir='ltr'>προτιθεὶς</span> <span class='ocrx_word' id='word_1_168' title='bbox 1446 2621 1578 2720; x_wconf 73' lang='grc' dir='ltr'>μὲν</span> <span class='ocrx_word' id='word_1_169' title='bbox 1635 2619 1868 2702; x_wconf 85' lang='grc' dir='ltr'>ἅπασι</span> <span class='ocrx_word' id='word_1_170' title='bbox 1926 2625 2053 2721; x_wconf 87' lang='grc' dir='ltr'>τῆς</span> <span class='ocrx_word' id='word_1_171' title='bbox 2113 2622 2478 2721; x_wconf 86' lang='grc' dir='ltr'>σωτηρίας</span> <span class='ocrx_word' id='word_1_172' title='bbox 2530 2616 2664 2719; x_wconf 83' lang='grc' dir='ltr'>τὴν</span> 
     </span>
     <span class='ocr_line' id='line_1_20' title="bbox 255 2742 2664 2849; baseline 0 -26"><span class='ocrx_word' id='word_1_173' title='bbox 255 2742 449 2840; x_wconf 79' lang='grc' dir='ltr'>ὁδὸν,</span> <span class='ocrx_word' id='word_1_174' title='bbox 522 2742 1005 2848; x_wconf 84' lang='grc' dir='ltr'>πολυτρόπως</span> <span class='ocrx_word' id='word_1_175' title='bbox 1081 2745 1155 2825; x_wconf 81' lang='grc' dir='ltr'>δὲ</span> <span class='ocrx_word' id='word_1_176' title='bbox 1231 2752 1480 2826; x_wconf 86' lang='grc' dir='ltr'>καλῶν</span> <span class='ocrx_word' id='word_1_177' title='bbox 1538 2747 1645 2826; x_wconf 83' lang='grc' dir='ltr'>ἐπ’</span> <span class='ocrx_word' id='word_1_178' title='bbox 1716 2743 1940 2846; x_wconf 84' lang='grc' dir='ltr'>αὐτὴν</span> <span class='ocrx_word' id='word_1_179' title='bbox 2013 2748 2133 2824; x_wconf 80' lang='grc' dir='ltr'>καὶ</span> <span class='ocrx_word' id='word_1_180' title='bbox 2207 2742 2292 2824; x_wconf 77' lang='grc' dir='ltr'>τὸ</span> <span class='ocrx_word' id='word_1_181' title='bbox 2363 2742 2664 2849; x_wconf 89' lang='grc' dir='ltr'>σφόδρα</span> 
     </span>
     <span class='ocr_line' id='line_1_21' title="bbox 148 2856 2667 2970; baseline 0 -25"><span class='ocrx_word' id='word_1_182' title='bbox 148 2904 228 2945; x_wconf 78' lang='lat'>20</span> <span class='ocrx_word' id='word_1_183' title='bbox 256 2866 616 2967; x_wconf 88' lang='grc' dir='ltr'>δυσήκοον</span> <span class='ocrx_word' id='word_1_184' title='bbox 671 2871 787 2948; x_wconf 80' lang='grc' dir='ltr'>καὶ</span> <span class='ocrx_word' id='word_1_185' title='bbox 844 2866 1383 2970; x_wconf 83' lang='grc' dir='ltr'>ἀπεσκληκότα.</span> <span class='ocrx_word' id='word_1_186' title='bbox 1479 2870 1687 2949; x_wconf 76' lang='grc' dir='ltr'>ἔσται</span> <span class='ocrx_word' id='word_1_187' title='bbox 1745 2870 1834 2949; x_wconf 77' lang='grc' dir='ltr'>δέ</span> <span class='ocrx_word' id='word_1_188' title='bbox 1874 2903 1998 2968; x_wconf 89' lang='grc' dir='ltr'>μοι</span> <span class='ocrx_word' id='word_1_189' title='bbox 2052 2868 2281 2949; x_wconf 79' lang='grc' dir='ltr'>πάλιν</span> <span class='ocrx_word' id='word_1_190' title='bbox 2336 2866 2480 2948; x_wconf 85' lang='grc' dir='ltr'>ἀπὸ</span> <span class='ocrx_word' id='word_1_191' title='bbox 2536 2856 2667 2947; x_wconf 91' lang='grc' dir='ltr'>τοῦ</span> 
     </span>
     <span class='ocr_line' id='line_1_22' title="bbox 256 2989 2665 3100; baseline -0.001 -29"><span class='ocrx_word' id='word_1_192' title='bbox 256 2989 684 3094; x_wconf 82' lang='grc' dir='ltr'>πράγματος</span> <span class='ocrx_word' id='word_1_193' title='bbox 748 2994 794 3093; x_wconf 88' lang='grc' dir='ltr'><strong><em>ἡ</em></strong></span> <span class='ocrx_word' id='word_1_194' title='bbox 858 3001 1003 3073; x_wconf 87' lang='grc' dir='ltr'>τῶν</span> <span class='ocrx_word' id='word_1_195' title='bbox 1061 2994 1446 3098; x_wconf 78' lang='grc' dir='ltr'>εἰρημένων</span> <span class='ocrx_word' id='word_1_196' title='bbox 1505 2992 1890 3100; x_wconf 80' lang='grc' dir='ltr'>ἀπόδειξις.</span> <span class='ocrx_word' id='word_1_197' title='bbox 1990 2991 2229 3093; x_wconf 87' lang='grc' dir='ltr'>ἐπειδὴ</span> <span class='ocrx_word' id='word_1_198' title='bbox 2294 2992 2441 3097; x_wconf 77' lang='grc' dir='ltr'>γὰρ</span> <span class='ocrx_word' id='word_1_199' title='bbox 2504 2993 2665 3072; x_wconf 80' lang='grc' dir='ltr'>οὔτε</span> 
     </span>
     <span class='ocr_line' id='line_1_23' title="bbox 256 3104 2665 3226; baseline -0 -32"><span class='ocrx_word' id='word_1_200' title='bbox 256 3114 377 3195; x_wconf 79' lang='grc' dir='ltr'>διὰ</span> <span class='ocrx_word' id='word_1_201' title='bbox 435 3116 840 3216; x_wconf 78' lang='grc' dir='ltr'>θαυμάτων,</span> <span class='ocrx_word' id='word_1_202' title='bbox 886 3119 1047 3198; x_wconf 81' lang='grc' dir='ltr'>οὔτε</span> <span class='ocrx_word' id='word_1_203' title='bbox 1101 3118 1246 3217; x_wconf 83' lang='grc' dir='ltr'>μὴν</span> <span class='ocrx_word' id='word_1_204' title='bbox 1295 3117 1502 3226; x_wconf 76' lang='grc' dir='ltr'>πόθῳ</span> <span class='ocrx_word' id='word_1_205' title='bbox 1556 3124 1661 3225; x_wconf 74' lang='grc' dir='ltr'>τῷ</span> <span class='ocrx_word' id='word_1_206' title='bbox 1714 3104 1918 3219; x_wconf 53' lang='grc' dir='ltr'>πρὸςᾸ</span> <span class='ocrx_word' id='word_1_207' title='bbox 1951 3119 2210 3197; x_wconf 83' lang='grc' dir='ltr'>ἐλπίδα</span> <span class='ocrx_word' id='word_1_208' title='bbox 2268 3121 2383 3198; x_wconf 78' lang='grc' dir='ltr'>καὶ</span> <span class='ocrx_word' id='word_1_209' title='bbox 2441 3113 2665 3222; x_wconf 80' lang='grc' dir='ltr'>δόξαν</span> 
     </span>
     <span class='ocr_line' id='line_1_24' title="bbox 257 3237 2658 3344; baseline 0 -26"><span class='ocrx_word' id='word_1_210' title='bbox 257 3239 514 3343; x_wconf 80' lang='grc' dir='ltr'>ὁρῶντι</span> <span class='ocrx_word' id='word_1_211' title='bbox 569 3237 703 3340; x_wconf 84' lang='grc' dir='ltr'>τὴν</span> <span class='ocrx_word' id='word_1_212' title='bbox 755 3239 1204 3341; x_wconf 74' lang='grc' dir='ltr'>μέλλουσαν,</span> <span class='ocrx_word' id='word_1_213' title='bbox 1254 3244 1617 3323; x_wconf 88' lang='grc' dir='ltr'>ἀναπείθει</span> <span class='ocrx_word' id='word_1_214' title='bbox 1672 3241 1801 3321; x_wconf 83' lang='grc' dir='ltr'>τὸν</span> <span class='ocrx_word' id='word_1_215' title='bbox 1847 3247 2251 3344; x_wconf 90' lang='grc' dir='ltr'>Φαρισαῖον</span> <span class='ocrx_word' id='word_1_216' title='bbox 2305 3239 2433 3321; x_wconf 82' lang='grc' dir='ltr'>τὸν</span> <span class='ocrx_word' id='word_1_217' title='bbox 2486 3240 2658 3341; x_wconf 81' lang='grc' dir='ltr'>παρ’</span> 
     </span>
     <span class='ocr_line' id='line_1_25' title="bbox 257 3363 2728 3469; baseline 0.002 -25"><span class='ocrx_word' id='word_1_218' title='bbox 257 3364 478 3444; x_wconf 90' lang='grc' dir='ltr'>αὐτοῦ</span> <span class='ocrx_word' id='word_1_219' title='bbox 529 3363 1050 3467; x_wconf 86' lang='grc' dir='ltr'>προσήκασθαι</span> <span class='ocrx_word' id='word_1_220' title='bbox 1107 3367 1355 3469; x_wconf 86' lang='grc' dir='ltr'>λόγον,</span> <span class='ocrx_word' id='word_1_221' title='bbox 1411 3368 1518 3448; x_wconf 83' lang='grc' dir='ltr'>ἐπ’</span> <span class='ocrx_word' id='word_1_222' title='bbox 1577 3369 1799 3447; x_wconf 89' lang='grc' dir='ltr'>ἐκεῖνο</span> <span class='ocrx_word' id='word_1_223' title='bbox 1854 3365 2124 3469; x_wconf 87' lang='grc' dir='ltr'>βαδίζει</span> <span class='ocrx_word' id='word_1_224' title='bbox 2178 3370 2491 3469; x_wconf 87' lang='grc' dir='ltr'>γοργῶς,</span> <span class='ocrx_word' id='word_1_225' title='bbox 2543 3364 2656 3467; x_wconf 86' lang='grc' dir='ltr'>ἐφ’</span> <span class='ocrx_word' id='word_1_226' title='bbox 2682 3384 2728 3450; x_wconf 82' lang='lat' dir='ltr'><strong>d</strong></span> 
     </span>
     <span class='ocr_line' id='line_1_26' title="bbox 151 3483 2664 3597; baseline -0.001 -28"><span class='ocrx_word' id='word_1_227' title='bbox 151 3522 228 3584; x_wconf 79' lang='lat'>25</span> <span class='ocrx_word' id='word_1_228' title='bbox 257 3483 454 3595; x_wconf 81' lang='grc' dir='ltr'>ᾧπερ</span> <span class='ocrx_word' id='word_1_229' title='bbox 530 3486 619 3588; x_wconf 87' lang='grc' dir='ltr'>ἦν</span> <span class='ocrx_word' id='word_1_230' title='bbox 691 3488 1023 3587; x_wconf 76' lang='grc' dir='ltr'>μάλιστα</span> <span class='ocrx_word' id='word_1_231' title='bbox 1097 3492 1665 3594; x_wconf 76' lang='grc' dir='ltr'>θορυβουμένους</span> <span class='ocrx_word' id='word_1_232' title='bbox 1737 3488 1943 3588; x_wconf 77' lang='grc' dir='ltr'>εἰκὸς,</span> <span class='ocrx_word' id='word_1_233' title='bbox 2011 3492 2107 3574; x_wconf 82' lang='grc' dir='ltr'>ὡς</span> <span class='ocrx_word' id='word_1_234' title='bbox 2180 3490 2270 3597; x_wconf 85' lang='grc' dir='ltr'>ἐξ</span> <span class='ocrx_word' id='word_1_235' title='bbox 2338 3486 2664 3594; x_wconf 81' lang='grc' dir='ltr'>ἀφύκτου</span> 
     </span>
     <span class='ocr_line' id='line_1_27' title="bbox 259 3608 2658 3718; baseline 0.001 -27"><span class='ocrx_word' id='word_1_236' title='bbox 259 3608 521 3693; x_wconf 79' lang='grc' dir='ltr'>λοιπὸν</span> <span class='ocrx_word' id='word_1_237' title='bbox 558 3611 875 3715; x_wconf 81' lang='grc' dir='ltr'>ἀνάγκης</span> <span class='ocrx_word' id='word_1_238' title='bbox 914 3620 1010 3698; x_wconf 77' lang='grc' dir='ltr'>εἷς</span> <span class='ocrx_word' id='word_1_239' title='bbox 1043 3615 1436 3696; x_wconf 84' lang='grc' dir='ltr'>εὐπείθειαν</span> <span class='ocrx_word' id='word_1_240' title='bbox 1474 3617 1672 3718; x_wconf 79' lang='grc' dir='ltr'>ὁρᾶν.</span> <span class='ocrx_word' id='word_1_241' title='bbox 1757 3618 1885 3716; x_wconf 85' lang='grc' dir='ltr'>τῆς</span> <span class='ocrx_word' id='word_1_242' title='bbox 1934 3612 2080 3718; x_wconf 81' lang='grc' dir='ltr'>γὰρ</span> <span class='ocrx_word' id='word_1_243' title='bbox 2131 3616 2208 3694; x_wconf 91' lang='grc' dir='ltr'>ἐκ</span> <span class='ocrx_word' id='word_1_244' title='bbox 2257 3622 2386 3695; x_wconf 94' lang='grc' dir='ltr'>τοῦ</span> <span class='ocrx_word' id='word_1_245' title='bbox 2430 3618 2658 3713; x_wconf 89' lang='grc' dir='ltr'>καθη·</span> 
     </span>
     <span class='ocr_line' id='line_1_28' title="bbox 256 3736 2661 3843; baseline -0.001 -27"><span class='ocrx_word' id='word_1_246' title='bbox 256 3742 551 3838; x_wconf 90' lang='grc' dir='ltr'>γεῖσθαι</span> <span class='ocrx_word' id='word_1_247' title='bbox 587 3736 801 3843; x_wconf 81' lang='grc' dir='ltr'>δόξης</span> <span class='ocrx_word' id='word_1_248' title='bbox 837 3739 1479 3837; x_wconf 83' lang='grc' dir='ltr'>μεταποιουμένους</span> <span class='ocrx_word' id='word_1_249' title='bbox 1510 3737 1730 3837; x_wconf 76' lang='grc' dir='ltr'>εἰδὼς,</span> <span class='ocrx_word' id='word_1_250' title='bbox 1752 3743 1866 3820; x_wconf 80' lang='grc' dir='ltr'>καὶ</span> <span class='ocrx_word' id='word_1_251' title='bbox 1907 3739 2033 3820; x_wconf 88' lang='grc' dir='ltr'>οὐκ</span> <span class='ocrx_word' id='word_1_252' title='bbox 2072 3740 2148 3818; x_wconf 88' lang='grc' dir='ltr'>ἐν</span> <span class='ocrx_word' id='word_1_253' title='bbox 2176 3745 2325 3822; x_wconf 90' lang='grc' dir='ltr'>τοῖς</span> <span class='ocrx_word' id='word_1_254' title='bbox 2360 3744 2661 3842; x_wconf 85' lang='grc' dir='ltr'>τυχοῦσι</span> 
     </span>
     <span class='ocr_line' id='line_1_29' title="bbox 254 3857 2671 3966; baseline -0.002 -23"><span class='ocrx_word' id='word_1_255' title='bbox 254 3857 342 3943; x_wconf 79' lang='grc' dir='ltr'>τὸ</span> <span class='ocrx_word' id='word_1_256' title='bbox 380 3862 699 3941; x_wconf 89' lang='grc' dir='ltr'>ἐντεῦθεν</span> <span class='ocrx_word' id='word_1_257' title='bbox 734 3861 1157 3965; x_wconf 88' lang='grc' dir='ltr'>λογίζεσθαι</span> <span class='ocrx_word' id='word_1_258' title='bbox 1196 3862 1441 3966; x_wconf 84' lang='grc' dir='ltr'>κε’ρδος</span> <span class='ocrx_word' id='word_1_259' title='bbox 1477 3861 2037 3959; x_wconf 83' lang='grc' dir='ltr'>ἐσπουδακότας,</span> <span class='ocrx_word' id='word_1_260' title='bbox 2064 3860 2671 3963; x_wconf 86' lang='grc' dir='ltr'>ἀπογυμνοῦσθαί</span> 
     </span>
     <span class='ocr_line' id='line_1_30' title="bbox 258 3982 2665 4091; baseline 0 -29"><span class='ocrx_word' id='word_1_261' title='bbox 258 3990 475 4089; x_wconf 84' lang='grc' dir='ltr'>φησι,</span> <span class='ocrx_word' id='word_1_262' title='bbox 523 3986 641 4063; x_wconf 78' lang='grc' dir='ltr'>καὶ</span> <span class='ocrx_word' id='word_1_263' title='bbox 697 3983 996 4087; x_wconf 79' lang='grc' dir='ltr'>ἐρήμους</span> <span class='ocrx_word' id='word_1_264' title='bbox 1052 3984 1355 4065; x_wconf 79' lang='grc' dir='ltr'>ἔσεσθαι</span> <span class='ocrx_word' id='word_1_265' title='bbox 1409 3993 1786 4070; x_wconf 78' lang='grc' dir='ltr'>παντελῶς</span> <span class='ocrx_word' id='word_1_266' title='bbox 1841 3993 1970 4066; x_wconf 90' lang='grc' dir='ltr'>τοῦ</span> <span class='ocrx_word' id='word_1_267' title='bbox 2025 3982 2326 4091; x_wconf 90' lang='grc' dir='ltr'>σφόδρα</span> <span class='ocrx_word' id='word_1_268' title='bbox 2379 4018 2665 4085; x_wconf 86' lang='grc' dir='ltr'>τετιμη-</span> 
     </span>
    </p>
   </div>
   <div class='ocr_carea' id='block_1_3' title="bbox 257 4219 2666 4576">
    <p class='ocr_par' dir='ltr' id='par_1_3' title="bbox 257 4219 2666 4576">
     <span class='ocr_line' id='line_1_31' title="bbox 335 4219 2663 4293; baseline -0 -17"><span class='ocrx_word' id='word_1_269' title='bbox 335 4238 385 4291; x_wconf 84' lang='grc'>7.</span> <span class='ocrx_word' id='word_1_270' title='bbox 422 4220 834 4289; x_wconf 80' lang='grc' dir='ltr'>διαλυμῆνασθαι</span> <span class='ocrx_word' id='word_1_271' title='bbox 857 4223 952 4289; x_wconf 75' lang='grc' dir='ltr'>μὲν</span> <span class='ocrx_word' id='word_1_272' title='bbox 974 4223 1082 4276; x_wconf 87' lang='grc' dir='ltr'>τοῖς</span> <span class='ocrx_word' id='word_1_273' title='bbox 1104 4222 1390 4291; x_wconf 78' lang='grc' dir='ltr'>προβάτοις</span> <span class='ocrx_word' id='word_1_274' title='bbox 1421 4222 1544 4275; x_wconf 83' lang='grc' dir='ltr'>κατά</span> <span class='ocrx_word' id='word_1_275' title='bbox 1578 4244 1627 4276; x_wconf 85' lang='grc' dir='ltr'>τι</span> <span class='ocrx_word' id='word_1_276' title='bbox 1662 4225 1791 4293; x_wconf 90' lang='grc' dir='ltr'>γοῦν</span> <span class='ocrx_word' id='word_1_277' title='bbox 1814 4222 2050 4291; x_wconf 81' lang='grc' dir='ltr'>οὐδαμῶς</span> <span class='ocrx_word' id='word_1_278' title='bbox 2075 4221 2140 4276; x_wconf 89' lang='grc' dir='ltr'>Β.</span> <span class='ocrx_word' id='word_1_279' title='bbox 2167 4221 2228 4276; x_wconf 85' lang='grc' dir='ltr'>οὐ</span> <span class='ocrx_word' id='word_1_280' title='bbox 2253 4219 2663 4290; x_wconf 83' lang='grc' dir='ltr'>διαλυμῆνασθαι</span> 
     </span>
     <span class='ocr_line' id='line_1_32' title="bbox 257 4290 2662 4363; baseline 0 -17"><span class='ocrx_word' id='word_1_281' title='bbox 257 4292 355 4363; x_wconf 73' lang='grc' dir='ltr'>μὶν</span> <span class='ocrx_word' id='word_1_282' title='bbox 378 4292 441 4346; x_wconf 78' lang='grc' dir='ltr'>τὰ</span> <span class='ocrx_word' id='word_1_283' title='bbox 464 4294 703 4361; x_wconf 84' lang='grc' dir='ltr'>πρόβατα</span> <span class='ocrx_word' id='word_1_284' title='bbox 728 4309 757 4346; x_wconf 80' lang='lat' dir='ltr'>e</span> <span class='ocrx_word' id='word_1_285' title='bbox 777 4290 895 4346; x_wconf 83' lang='lat' dir='ltr'><strong>Cat.</strong></span> <span class='ocrx_word' id='word_1_286' title='bbox 910 4300 972 4345; x_wconf 85' lang='lat' dir='ltr'>ut</span> <span class='ocrx_word' id='word_1_287' title='bbox 997 4290 1106 4345; x_wconf 83' lang='lat' dir='ltr'><strong>vid.</strong></span> <span class='ocrx_word' id='word_1_288' title='bbox 1127 4291 1468 4346; x_wconf 80' lang='lat' dir='ltr'><strong>abbreviante</strong></span> <span class='ocrx_word' id='word_1_289' title='bbox 1488 4292 1633 4346; x_wconf 85' lang='lat' dir='ltr'><strong>Aub.</strong></span> <span class='ocrx_word' id='word_1_290' title='bbox 1653 4294 1714 4347; x_wconf 77' lang='grc' dir='ltr'>οὐ</span> <span class='ocrx_word' id='word_1_291' title='bbox 1738 4291 2153 4362; x_wconf 81' lang='grc' dir='ltr'>διαλυμῆνασθαι</span> <span class='ocrx_word' id='word_1_292' title='bbox 2174 4295 2283 4349; x_wconf 83' lang='grc' dir='ltr'>τοῖς</span> <span class='ocrx_word' id='word_1_293' title='bbox 2307 4294 2591 4363; x_wconf 80' lang='grc' dir='ltr'>προβάτοις</span> <span class='ocrx_word' id='word_1_294' title='bbox 2612 4309 2662 4347; x_wconf 70' lang='grc' dir='ltr'>ο.</span> 
     </span>
     <span class='ocr_line' id='line_1_33' title="bbox 265 4360 2663 4432; baseline -0.001 -15"><span class='ocrx_word' id='word_1_295' title='bbox 265 4378 351 4431; x_wconf 85' lang='lat'>19.</span> <span class='ocrx_word' id='word_1_296' title='bbox 391 4360 478 4430; x_wconf 78' lang='grc' dir='ltr'>τὸ]</span> <span class='ocrx_word' id='word_1_297' title='bbox 506 4365 595 4415; x_wconf 82' lang='grc' dir='ltr'>τὸν</span> <span class='ocrx_word' id='word_1_298' title='bbox 623 4362 828 4430; x_wconf 72' lang='lat' dir='ltr'><strong>Migne.</strong></span> <span class='ocrx_word' id='word_1_299' title='bbox 1006 4364 1092 4416; x_wconf 85' lang='lat'>26.</span> <span class='ocrx_word' id='word_1_300' title='bbox 1128 4364 1262 4431; x_wconf 81' lang='grc' dir='ltr'>ὁρῶν</span> <span class='ocrx_word' id='word_1_301' title='bbox 1289 4361 1356 4417; x_wconf 89' lang='grc' dir='ltr'>Β.</span> <span class='ocrx_word' id='word_1_302' title='bbox 1385 4361 1564 4416; x_wconf 80' lang='lat' dir='ltr'><strong>Holst.</strong></span> <span class='ocrx_word' id='word_1_303' title='bbox 1592 4364 1721 4432; x_wconf 76' lang='grc' dir='ltr'>ὀρᾶν</span> <span class='ocrx_word' id='word_1_304' title='bbox 1744 4381 1771 4416; x_wconf 87' lang='lat' dir='ltr'>e</span> <span class='ocrx_word' id='word_1_305' title='bbox 1799 4363 1917 4417; x_wconf 82' lang='lat' dir='ltr'><strong>Cat.</strong></span> <span class='ocrx_word' id='word_1_306' title='bbox 1943 4362 2247 4418; x_wconf 82' lang='lat' dir='ltr'>emendavit</span> <span class='ocrx_word' id='word_1_307' title='bbox 2271 4364 2416 4418; x_wconf 78' lang='lat' dir='ltr'><strong>Aub.</strong></span> <span class='ocrx_word' id='word_1_308' title='bbox 2441 4371 2494 4418; x_wconf 84' lang='lat' dir='ltr'>et</span> <span class='ocrx_word' id='word_1_309' title='bbox 2517 4363 2590 4415; x_wconf 77' lang='lat' dir='ltr'>ita</span> <span class='ocrx_word' id='word_1_310' title='bbox 2613 4379 2663 4416; x_wconf 82' lang='lat' dir='ltr'>a.</span> 
     </span>
     <span class='ocr_line' id='line_1_34' title="bbox 264 4431 2665 4506; baseline 0 -19"><span class='ocrx_word' id='word_1_311' title='bbox 264 4448 353 4504; x_wconf 81' lang='lat'>27.</span> <span class='ocrx_word' id='word_1_312' title='bbox 393 4431 550 4500; x_wconf 70' lang='grc' dir='ltr'>δόξης</span> <span class='ocrx_word' id='word_1_313' title='bbox 601 4434 747 4502; x_wconf 84' lang='grc' dir='ltr'>τιμῆς</span> <span class='ocrx_word' id='word_1_314' title='bbox 771 4450 820 4486; x_wconf 76' lang='lat' dir='ltr'>a.</span> <span class='ocrx_word' id='word_1_315' title='bbox 1122 4434 1205 4487; x_wconf 85' lang='lat'>28.</span> <span class='ocrx_word' id='word_1_316' title='bbox 1242 4432 1673 4503; x_wconf 79' lang='grc' dir='ltr'>ἀπογυμνοῦσθαι</span> <span class='ocrx_word' id='word_1_317' title='bbox 1700 4432 1764 4488; x_wconf 90' lang='grc' dir='ltr'>Β.</span> <span class='ocrx_word' id='word_1_318' title='bbox 1794 4432 1891 4487; x_wconf 88' lang='lat' dir='ltr'>Ht.</span> <span class='ocrx_word' id='word_1_319' title='bbox 1914 4432 2454 4506; x_wconf 78' lang='grc' dir='ltr'>ἀπογυμνωθῆσεσθιιι</span> <span class='ocrx_word' id='word_1_320' title='bbox 2478 4431 2665 4487; x_wconf 79' lang='grc' dir='ltr'>αὐτοὺς</span> 
     </span>
     <span class='ocr_line' id='line_1_35' title="bbox 260 4501 2666 4576; baseline -0.001 -18"><span class='ocrx_word' id='word_1_321' title='bbox 260 4501 451 4572; x_wconf 74' lang='grc' dir='ltr'>ταύτης</span> <span class='ocrx_word' id='word_1_322' title='bbox 475 4520 503 4557; x_wconf 87' lang='lat' dir='ltr'>e</span> <span class='ocrx_word' id='word_1_323' title='bbox 610 4512 649 4556; x_wconf 87' lang='lat' dir='ltr'>t.</span> <span class='ocrx_word' id='word_1_324' title='bbox 678 4502 831 4558; x_wconf 76' lang='lat' dir='ltr'><strong>Harl.</strong></span> <span class='ocrx_word' id='word_1_325' title='bbox 857 4501 1002 4557; x_wconf 85' lang='lat' dir='ltr'><strong>Aub.</strong></span> <span class='ocrx_word' id='word_1_326' title='bbox 1028 4512 1081 4557; x_wconf 83' lang='lat' dir='ltr'>et</span> <span class='ocrx_word' id='word_1_327' title='bbox 1103 4503 1177 4558; x_wconf 82' lang='lat' dir='ltr'>ita</span> <span class='ocrx_word' id='word_1_328' title='bbox 1201 4521 1249 4560; x_wconf 82' lang='lat' dir='ltr'>a.</span> <span class='ocrx_word' id='word_1_329' title='bbox 1424 4520 1510 4576; x_wconf 86' lang='lat'>29.</span> <span class='ocrx_word' id='word_1_330' title='bbox 1548 4507 1644 4558; x_wconf 86' lang='grc' dir='ltr'>τοῦ</span> <span class='ocrx_word' id='word_1_331' title='bbox 1669 4504 1885 4575; x_wconf 83' lang='grc' dir='ltr'>σφόδρα</span> <span class='ocrx_word' id='word_1_332' title='bbox 1907 4505 2239 4574; x_wconf 78' lang='grc' dir='ltr'>τετιμημένου</span> <span class='ocrx_word' id='word_1_333' title='bbox 2262 4503 2556 4559; x_wconf 72' lang='grc' dir='ltr'>οᾶἰᾶίωυε.·</span> <span class='ocrx_word' id='word_1_334' title='bbox 2572 4504 2666 4556; x_wconf 88' lang='grc' dir='ltr'>τοῦ</span> 
     </span>
    </p>
   </div>
   <div class='ocr_carea' id='block_1_4' title="bbox 263 4586 1959 4745">
    <p class='ocr_par' dir='ltr' id='par_1_4' title="bbox 263 4586 1959 4745">
     <span class='ocr_line' id='line_1_36' title="bbox 263 4586 1959 4745; baseline 0.002 -93"><span class='ocrx_word' id='word_1_335' title='bbox 263 4599 483 4669; x_wconf 74' lang='grc' dir='ltr'>σφόδρα</span> <span class='ocrx_word' id='word_1_336' title='bbox 505 4586 838 4667; x_wconf 75' lang='grc' dir='ltr'>τετιμημένού</span> <span class='ocrx_word' id='word_1_337' title='bbox 865 4596 929 4650; x_wconf 85' lang='grc' dir='ltr'>Β.</span> <span class='ocrx_word' id='word_1_338' title='bbox 955 4597 1076 4654; x_wconf 84' lang='grc' dir='ltr'>τοὺς</span> <span class='ocrx_word' id='word_1_339' title='bbox 1098 4599 1315 4669; x_wconf 82' lang='grc' dir='ltr'>σφόδρα</span> <span class='ocrx_word' id='word_1_340' title='bbox 1339 4597 1701 4745; x_wconf 61' lang='grc' dir='ltr'>τετιμημὲνους</span> <span class='ocrx_word' id='word_1_341' title='bbox 1727 4588 1827 4653; x_wconf 79' lang='lat' dir='ltr'>Ht.</span> <span class='ocrx_word' id='word_1_342' title='bbox 1855 4597 1959 4655; x_wconf 87' lang='lat' dir='ltr'>Ed.</span> 
     </span>
     <span class='ocr_line' id='line_1_37' title="bbox 351 4699 1518 4745; baseline 0 -2"><span class='ocrx_word' id='word_1_343' title='bbox 351 4699 496 4745; x_wconf 78' lang='lat' dir='ltr'>VOL.</span> <span class='ocrx_word' id='word_1_344' title='bbox 530 4699 605 4743; x_wconf 84' lang='lat'>11.</span> <span class='ocrx_word' id='word_1_345' title='bbox 1481 4699 1518 4743; x_wconf 73' lang='lat' dir='ltr'>F</span> 
     </span>
    </p>
   </div>
  </div>
 </body>
</html>
