3238 5158
538 322 670 388 342
1147 323 1228 389 B.
1274 322 1695 388 CYRILLI
1752 321 2335 387 ALEXANDR.
2718 319 2857 385 xiii.
2889 340 2951 386 1.

208 563 366 639 Κεφ.
386 554 489 640 ιγ’.
544 557 686 649 Πρὸ
757 556 829 625 δὲ
899 565 1015 627 τῆς
1083 559 1317 650 &op-rste
1387 565 1503 626 τοῦ
1575 560 1816 647 πάσχα,
1885 555 2083 625 εἰδὼς
2149 560 2188 625 ὁ
2249 559 2509 625 Ἰησοῦς
2576 559 2678 624 ὅτι
2743 550 2954 622 ἦλθεν

648 685 848 751 αὐτοῦ
909 687 947 751 ἡ
1014 688 1157 776 ὧροι
1220 687 1328 752 ἵνα
1385 690 1635 778 μεταβῇ
1689 686 1765 752 ἐκ
1820 690 1936 752 τοῦ
2002 685 2246 764 κόσμου
2309 686 2542 751 τούτου
2606 681 2772 772 πρὸς
2833 702 2953 750 τον

651 810 938 900 Πατέρα,
995 811 1338 886 &rum-'noue
1407 809 1562 876 τοὺς
1632 806 1837 875 ἰδίους
1905 810 2059 877 τοὺς
2126 809 2198 876 ὲν
2258 811 2355 895 τῷ
2426 810 2651 893 κόσμῳ
2708 806 2950 892 τούτῳ,

648 930 742 1002 εἷο
793 937 985 1003 τέλος
1038 937 1372 1013 ἠΓάπΗσεν
1426 935 1684 1007 αὐτούς.

662 1109 1361 1219 Ἀσυμφανέστερόν
1408 1112 1568 1192 ἐστι
1621 1117 1770 1195 τοῖς
1821 1117 2131 1194 πολλοῖς
2187 1109 2272 1190 τὸ
2328 1112 2401 1190 ἐν
2455 1116 2605 1196 τοῖς
2656 1142 2946 1212 προκει-
2976 1136 3020 1196 5

219 1255 339 1312 719
361 1252 441 1308 Δ.
489 1268 527 1307 a
556 1232 791 1336 με’νοις
847 1235 1199 1338 θεώρημα,
1242 1238 1360 1316 καὶ
1415 1237 1499 1316 οὐ
1553 1232 1851 1342 σφόδρα
1907 1233 2159 1338 τρανὲς
2213 1240 2312 1319 εἰς
2366 1232 2737 1343 ἐξήγησιν,
2772 1233 2947 1312 ἀλλ’

229 3835 364 3884 Heb.
386 3833 440 3883 ii.

234 3899 310 3949 16.

557 1358 723 1441 οὐδὲ
773 1361 1060 1441 ἁπλοῦν
1097 1360 1286 1465 ἕχον,
1324 1356 1574 1464 ὥσπερ
1612 1359 1704 1440 ἀν
1739 1393 1849 1445 τις
1884 1360 2170 1460 οἰηθείη,
2207 1357 2337 1439 τὸν
2372 1366 2566 1439 νοῦν.
2644 1367 2772 1439 τοῦ
2807 1355 2959 1459 γὰρ

556 1482 644 1585 δὴ
682 1484 896 1590 χάριν
933 1484 1475 1584 ἐπισημαίνεται
1527 1491 1653 1564 νῦν
1689 1485 1730 1564 5
1779 1484 2168 1568 θεσπέσιος
2205 1478 2792 1586 Εὖαγγελιστὴς,
2832 1483 2954 1560 καὶ

551 1605 803 1713 ὥσπερ
857 1644 928 1689 τι
982 1616 1128 1691 τῶν
1174 1609 1583 1713 ἀναγκαίων
1616 1611 1944 1711 ἐπιτηρεῖ,
1980 1607 2216 1711 λέγων
2254 1609 2389 1716 Πρὶ
2448 1603 2521 1689 3⁸&
2572 1606 2689 1701 τῆς
2745 1604 2953 1714 ἆορ-ἧς

554 1735 668 1814 τοῦ
703 1732 974 1832 πάσχοι
1012 1728 1198 1820 εἰᾶὤς
1232 1733 1327 1814 ’ὅτι
1375 1729 1670 1829 ἐλήλυθεν
1709 1735 1903 1812 αὑτοῦ
1954 1736 1990 1826 ἦ
2040 1729 2177 1841 ὅραι
2222 1732 2335 1813 ’ἵνα
2382 1734 2665 1842 μεταβῇ
2713 1732 2793 1812 ἐκ
2839 1731 2956 1811 τοῦ
2987 1766 3074 1806 ιο

557 1860 811 1963 κόσμου
869 1855 1092 1937 τούτου
1159 1856 1322 1966 πρὶς
1383 1858 1489 1938 τὶν
1548 1855 1872 1966 Πατέραις
1944 1857 2022 1937 τί
2082 1853 2162 1935 δὲ
2225 1858 2317 1937 αὖ
2373 1854 2601 1939 πάλιν
2654 1859 2814 1936 ἐστὶ
2868 1852 2961 1935 τό

551 1982 978 2082 Ἀγαπήσεις
1028 1979 1174 2068 vobs·
1226 1978 1424 2069 ἰδίους
1473 1979 1623 2069 τοὶς
1675 1982 1735 2063 ἒν
1771 1990 1867 2090 τῷ
1919 1982 2158 2091 ›uffo-paq«)
2214 1989 2306 2068 εἰς
2362 1980 2557 2069 τέλος
2604 1979 2957 2084 ἠγάπησεν

558 2103 834 2200 αὐτοόςς
903 2104 1195 2210 ἔχοντος
1250 2106 1487 2187 τοίνυν
1542 2107 1629 2187 οὖ
1691 2105 1978 2209 μέτριον
2031 2113 2161 2185 τοῦ
2225 2102 2453 2209 λόγου
2506 2106 2592 2185 τὸ
2647 2103 2956 2213 ἀσαφὲς,

490 2223 970 2326 Ββούλεσθαί
1025 2264 1097 2310 τι
1159 2238 1484 2311 τοιοῦτον
1546 2226 1742 2330 οἶμαι
1815 2228 2056 2332 λέγειν
2121 2227 2359 2328 αὐτὸν,
2425 2228 2536 2310 ὅτι
2609 2226 2752 2334 πρὸ
2824 2236 2957 2310 τοῦ

559 2353 922 2456 σωτηρίου
981 2352 1276 2454 πάθους,
1333 2354 1561 2435 καίτοι
1621 2354 2027 2457 γινώσκων,
2086 2360 2338 2460 φησὶν,
2403 2355 2444 2434 5
2511 2352 2788 2458 Σωτὴρ,
2846 2345 2958 2435 ὅτι
2990 2385 3019 2425 1
3033 2380 3072 2442 5

561 2474 819 2558 λοιπὸν
855 2479 971 2559 ἐπὶ
1018 2477 1264 2582 θύραις
1312 2477 1605 2583 γε’γονεν
1641 2480 1681 2558 5
1730 2475 1974 2583 καιρὸς
2021 2481 2150 2577 τῆς
2192 2483 2289 2562 εἰς
2344 2476 2682 2584 οὐρανοὺς
2733 2513 2959 2578 μετα-

557 2601 924 2704 στάσεως,
994 2602 1450 2707 τελεωτάτην
1503 2604 1911 2712 ἐπεδείξατο
1975 2602 2107 2705 τὴν
2168 2600 2542 2705 ἀγάπησιν
2606 2603 2739 2702 τὴν
2796 2606 2963 2707 περὶ

565 2723 733 2812 τοὺς
797 2729 1012 2814 ἰδίους
1075 2727 1288 2816 ὄντας
1349 2732 1425 2810 ἐν
1489 2732 1671 2838 τῷδε
1727 2733 1831 2837 τῷ
1893 2725 2174 2836 κόσμῳ.
2291 2731 2408 2808 καὶ
2473 2734 2534 2808 εἰ
2599 2726 2743 2833 χρή
2805 2762 2964 2813 πως

563 2852 1019 2957 πλατυτέραν
1052 2860 1199 2938 τοῖς
1247 2852 1730 2958 προκειμένοις
1777 2856 2153 2953 ἐπινοῆσαι
2203 2853 2525 2955 θεωρίαν,
2564 2851 2740 2956 ὅπερ
2776 2852 2967 2959 ἔφην

571 2978 849 3078 ἀρτίως,
889 2980 1006 3057 καὶ
1044 2982 1365 3063 εἰσαῦθις
1403 2978 1564 3081 ε’ρῶ.
1644 2977 1822 3057 ἴδιον
1863 2974 1995 3075 μὲν
2032 2974 2177 3080 γὰρ
2212 2985 2340 3056 τοῦ
2379 2980 2716 3080 Σωτῆρος
2762 2976 2967 3076 ἡμῶν
2993 3011 3075 3052 20

507 3123 544 3167 0
569 3104 901 3203 Χριστοῦ
960 3098 1055 3181 τὰ
1109 3101 1349 3182 πάντα
1407 3103 1493 3181 δι’
1552 3103 1771 3182 αὑτοῦ
1829 3099 2200 3204 γεγονότα,
2257 3098 2521 3201 λογικὰ
2575 3102 2694 3180 καὶ
2755 3097 2969 3202 νοερὰ

567 3224 957 3323 κτίσματα,
994 3225 1323 3326 δυνάμεις
1359 3230 1434 3307 αἱ
1470 3227 1642 3326 ἅνω,
1679 3228 1795 3305 καὶ
1833 3224 2095 3329 θρόνοι,
2134 3229 2254 3305 καὶ
2289 3224 2716 3329 κυριότητες,
2753 3226 2872 3304 καὶ
2906 3222 2977 3304 εἴ

565 3379 637 3426 τι
699 3345 977 3432 τούτοις
1036 3348 1392 3451 ὁμογενὲς,
1449 3348 1632 3430 ὅσον
1685 3355 1785 3433 εἰς
1836 3347 1966 3430 τὸν
2020 3357 2149 3429 τοῦ
2204 3353 2648 3450 πεποιῆσθαι
2706 3347 2963 3450 λόγον·

567 3468 748 3550 ’ίδιον
791 3468 870 3550 δὲ
924 3471 1016 3552 αὖ
1067 3472 1295 3554 πάλιν
1342 3475 1559 3554 αὐτοῦ
1615 3476 1733 3554 καὶ
1781 3472 1875 3554 τὰ
1926 3473 2041 3553 ἐπὶ
2096 3476 2225 3574 τῆς
2278 3476 2416 3575 γῆς
2469 3470 2754 3574 λογικὰ,
2787 3471 2972 3553 καθὸ
3060 3494 3065 3497 ’

563 3593 858 3678 πάντων
913 3595 1071 3678 ε’στὶ
1122 3597 1537 3699 Δεσπότης,
1594 3602 1713 3678 καὶ
1771 3603 1832 3679 εἰ
1885 3596 1987 3698 μή
2039 3631 2223 3682 τινες
2278 3604 2819 3698 προσκυνοῦσιν
2873 3598 2974 3681 ὡς
2999 3628 3077 3688 25

566 3721 1021 3827 δημιουργόν.
1107 3724 1427 3825 ἠγάπησε
1482 3722 1722 3802 τοίνυν
1775 3719 1922 3810 τοὺς
1978 3717 2175 3808 ἰδίους
2230 3719 2381 3808 τοὶς
2435 3723 2495 3802 ἐν
2547 3728 2647 3830 τῷ
2703 3723 2969 3829 κὸσμῳ.

565 3852 610 3890 “
647 3845 729 3924 οῦ
777 3844 921 3949 γὰρ
973 3844 1312 3949 ἀγγέλων
1368 3843 2000 3946 ἐπιλαμβάνεται,”
2044 3845 2226 3926 κατὰ
2275 3844 2408 3945 τὴν
2448 3845 2754 3928 Παύλου
2804 3852 2970 3951 φω-

228 3979 477 4033 Phil.ii.6.
566 3967 717 4069 νῆν,
757 3966 920 4050 οὐδὲ
971 3969 1091 4050 διὰ
1138 3969 1272 4069 τὴν
1308 3976 1454 4051 τῶν
1485 3966 1829 4074 ἀγγέλων
1867 3970 2120 4076 φύσιν,
2157 3979 2203 4018 “
2224 3972 2300 4048 ἐν
2336 3975 2587 4074 μορφῇ
2624 3974 2820 4050 Θεοῦ
2856 3970 2979 4048 καὶ

229 4236 311 4286 Ib.
338 4249 383 4300 7.

563 4101 609 4141 ‘⁴
649 4090 945 4195 Πατρὸς
1010 4093 1373 4200 ὑπάρχων,
1431 4095 1567 4199 οὐχ
1627 4093 2019 4197 ἁρπαγμὸν
2077 4090 2411 4197 ἡγήσατο
2466 4089 2554 4174 τὸ
2611 4089 2790 4174 εἶναι
2844 4092 2980 4173 ἰ’σα

498 4217 542 4282 ‘l
564 4227 609 4264 ‘⁶
649 4215 877 4325 Θεῷ,”
904 4214 991 4297 δι’
1021 4217 1207 4318 ἡμᾶς
1231 4215 1309 4297 δὲ
1338 4224 1635 4318 μᾶλλον
1662 4216 1831 4304 τοὺς
1860 4217 2073 4303 ὄντας
2102 4220 2162 4299 ἐν
2186 4227 2283 4327 τῷ
2314 4219 2574 4323 κόσμῳ,
2598 4217 2980 4299 κεκένωκεν
3002 4250 3079 4308 30

638 4439 688 4476 2.
723 4421 861 4494 αὑτῷ
885 4421 952 4478 Ε.
1104 4438 1200 4547 83ta
1220 4420 1386 4494 τούτῳ
1411 4430 1753 4493 assumptum
1777 4442 1841 4477 ex
1870 4423 1935 4477 E.
2120 4440 2203 4479 10.
2240 4422 2368 4491 αὐτῆ
2395 4421 2461 4475 Ε.
2649 4439 2733 4493 13·
2808 4420 2867 4477 ἔτ
2900 4444 2981 4476 ιον

565 4492 630 4548 Ε.
656 4493 874 4562 μετρίως
899 4492 1001 4547 Ed.
1200 4494 1298 4547 tim
1322 4496 1416 4547 τοῦ
1440 4494 1605 4564 λόγου
1630 4502 1974 4565 assumptum
1999 4512 2064 4548 ex
2092 4494 2157 4548 Ε.
2310 4507 2391 4563 17.
2431 4491 2726 4561 ἐπεδείξατε
2779 4492 2857 4547 sic
2911 4492 2980 4549 Ε.

561 4563 766 4636 ἀγάπην
787 4581 836 4619 ιι.
1054 4577 1140 4635 27.
1177 4562 1298 4635 τὴν]
1331 4570 1387 4629 -Ι-
1419 4566 1512 4619 τοῦ
1537 4562 1643 4619 Ed.
1668 4563 1837 4619 invito
1863 4564 1928 4618 E.
2144 4581 2234 4634 30.
2271 4567 2343 4636 τῷ
2374 4562 2440 4618 E.
2462 4563 2596 4635 τῷδε
2620 4566 2694 4636 τῷ
2722 4562 2825 4618 Ed.
