3238 5158
234 327 311 393 ix.
337 351 436 401 22.
589 335 706 400 IN
768 337 834 401 S.
882 337 1399 402 JOANNEM.
1490 337 1685 403 LIB.
1719 339 1840 404 VI.
1933 340 2137 406 OAP.
2185 339 2243 405 Ι.
2483 340 2612 404 175

231 492 397 599 ὅπερ
452 498 707 580 ἰ’σασιν
762 502 1213 602 ὁμολογοῦσι
1265 507 1552 606 σαφῶς,
1608 500 1734 582 ἅτε
1791 502 1878 605 δὴ
1938 505 2055 583 καὶ
2110 509 2213 611 τῷ
2272 502 2619 607 πρέποντι

226 618 398 721 πρὸς
453 632 667 703 τοῦτο
730 626 1183 722 καλούμενοι·
1267 625 1446 730 ὅπερ
1510 625 1587 706 δὲ
1652 625 1742 728 ἦν
1801 629 2292 731 ἀληθέστερον
2355 630 2619 707 ἐκεῖνον

225 747 448 843 εἰπεῖν,
505 750 601 832 ὡς
659 749 1180 850 ἀκριβεστέραν
1235 748 1493 854 ἔχοντα
1551 748 1686 854 τὴν
1745 758 2046 854 γνῶσιν,
2101 759 2316 833 τοῦτο
2377 786 2613 854 παρα·-

222 878 525 950 καλοῦσι
579 872 966 953 διδάσκειν.
1045 874 1174 953 οὐκ
1229 874 1418 953 ἀθεεὶ
1477 873 1562 953 δέ
1610 909 1736 973 μοι
1794 880 2091 956 δοκοῦσι
2145 883 2293 960 τοῖς
2347 876 2618 955 ἑαυτῶν

164 1007 198 1067 5
222 993 606 1096 ἐπενεγκεῖν
642 995 1037 1100 λόγοις,,τό
1072 997 1399 1078 Ἡλικίαν
1439 997 1601 1096 ἔχει.
1678 1007 2066 1103 κατηγορεῖ
2107 999 2252 1104 γάρ
2298 1034 2454 1084 πως
2499 1001 2617 1079 καὶ

192 1125 422 1197 τοῦτο
486 1124 614 1220 τῆς
676 1126 824 1200 τῶν
882 1122 1304 1224 Φαρισαίων
1361 1119 1854 1222 ἀνοσιότητος.
1964 1129 2020 1203 εἰ
2096 1121 2242 1226 γὰρ
2314 1121 2457 1227 ἔχει
2530 1121 2616 1201 τὸ

220 1241 566 1323 δύνασθαι
603 1250 893 1350 φρονεῖν
929 1243 1074 1325 ἀπό
1110 1279 1187 1325 τε
1223 1252 1352 1325 τοῦ
1388 1245 1652 1350 χρόνου
1700 1250 1817 1326 καὶ
1864 1251 1992 1346 τῆς
2035 1246 2315 1347 ἡλικίας
2353 1248 2393 1325 5
2430 1241 2613 1346 πρὸς

216 1364 341 1464 τὴν
387 1368 803 1474 ἀνάβλεψιν
846 1370 1297 1469 κεκλημένος,
1339 1367 1515 1448 ὅταν
1565 1371 1751 1476 λε’γῃ
1798 1369 1885 1450 τὸ
1938 1378 2202 1470 θαῦμα,
2240 1373 2357 1451 καὶ
2409 1371 2518 1454 τίς
2567 1371 2608 1449 5
2634 1377 2680 1442 d

216 1491 317 1569 ἐπ’
391 1494 586 1598 αὐτῷ
655 1494 908 1594 γέγονε
981 1491 1271 1596 τρόπος,
1337 1495 1466 1572 οὐκ
1536 1495 1618 1573 ἐκ
1692 1495 2196 1598 μειρακιῶδους
2269 1497 2416 1597 ἐρεῖ
2482 1497 2611 1592 τῆς

129 1630 195 1670 ¹0
217 1611 493 1719 φρενὸς,
547 1618 718 1696 ἀλλ’
776 1620 856 1697 ἐκ
912 1625 1039 1697 νοῦ
1095 1613 1493 1716 βεβηκότος
1550 1652 1628 1699 τε
1684 1617 1822 1718 ἤδη
1879 1624 2142 1715 καλῶς,
2199 1620 2318 1698 καὶ
2373 1650 2604 1698 συνα-

213 1739 525 1842 γορεύειν
568 1738 673 1825 οἷς
730 1739 819 1819 ἂν
862 1739 1207 1840 ἐθελήσω
1262 1739 1485 1846 τυχὸν
1530 1742 1932 1846 ἰσχύοντος.
2003 1741 2469 1842 συμβήσεται
2522 1738 2612 1841 δὴ

213 1859 334 1937 οὖν
395 1863 496 1944 ὦς
568 1859 659 1968 ἐξ
725 1858 1045 1962 ἀνάγκης
1111 1862 1434 1940 ἐντεῦθεν
1497 1861 2020 1962 ἀναιδεστάτην
2081 1863 2394 1966 ὁρᾶσθαι
2467 1868 2613 1940 τῶν

215 1986 632 2087 Φαρισαίων
667 1982 800 2084 τὴν
835 1985 1222 2065 ἀπείθειαν.
1303 1983 1452 2065 ἰδοὺ
1489 1984 1634 2088 γὰρ
1672 1987 1831 2066 οὔτε
1877 1994 2025 2071 τοῖς
2070 1988 2413 2089 γείτοσιν,
2451 1987 2611 2065 οὔτε

213 2108 399 2216 αὐτῷ
436 2109 866 2190 πιστεύουσι
908 2113 1013 2216 τῷ
1056 2115 1339 2217 τυφλῷ,
1380 2113 1496 2190 καὶ
1531 2111 1661 2190 οὐκ
1697 2109 1786 2218 ἐξ
1818 2111 2107 2210 ἁπαλῆς
2145 2109 2415 2214 τρόπον
2451 2108 2612 2190 τινὰ

126 2252 189 2311 15
215 2236 410 2312 ταυτὶ
459 2233 748 2334 λέγοντι
797 2232 1082 2339 φρενὸς,
1120 2235 1281 2314 οὔτε
1317 2232 1463 2334 μὴν
1495 2236 1574 2314 ἐκ
1608 2234 2113 2338 μειρακιῶδους
2150 2236 2459 2318 διανοίας
2497 2236 2614 2315 ἐπὶ

212 2353 293 2434 τὸ
328 2361 807 2463 ψευδηγορεῖν
842 2354 1156 2441 εὐκόλως
1192 2358 1840 2458 κατολισθαίνοντι,
1868 2357 2041 2438 ἀλλ’
2072 2363 2340 2454 ἡλικίαν
2377 2358 2613 2464 ἔχοντι

211 2486 351 2560 τῶν
384 2481 837 2585 πραγμάτων
877 2478 1008 2565 τὰς
1043 2479 1302 2587 φύσεις
1338 2482 1841 2590 προξενοῦσαν
1874 2481 1975 2584 μὴ
2013 2485 2321 2586 ἀγνοεῖν.
2634 2507 2672 2551 θ

209 2757 429 2827 Ταῦτα
468 2754 655 2827 εἷπον
694 2759 754 2826 οἶ
791 2760 998 2836 Γονεῖο
1045 2761 1267 2843 αὐτοῦ,
1302 2762 1404 2827 ὅτι
1448 2762 1815 2850 ἐφοβοῦντο
1862 2763 2016 2828 τοὺς
2040 2761 2424 2827 Ἰουδαίους·
2477 2760 2604 2827 ἤδη
2638 2786 2711 2826 22

305 2886 427 2976 Γὰρ
509 2887 914 2953 συνετίθεντο
995 2885 1056 2952 οἶ
1119 2887 1429 2954 Ἰουδαῖοι
1505 2888 1614 2953 ἵνα
1682 2889 1806 2953 ἐάν
1870 2912 1968 2953 τις
2046 2887 2425 2977 ὁμολοΓι-ἰσῌ
2499 2887 2607 2955 τὸν

113 3024 183 3069 20
303 3012 581 3102 Χριστὸν
635 3012 832 3080 αὐτὸν
887 3006 1056 3079 εἶναι
1108 3013 1618 3089 ἁποσυνάι-ωΓοο
1674 3015 1957 3089 Γὲνι-ιται.

313 3199 591 3280 Καλῶς
634 3197 751 3274 καὶ
801 3191 1219 3297 πρεπόντως
1254 3194 1293 3273 5
1338 3194 1603 3298 Κύριος
1640 3194 1844 3295 ἡμῶν
1877 3196 2165 3295 Ἰησοῦς
2203 3194 2243 3273 5
2280 3188 2609 3295 Χριστὸς

200 3323 353 3403 ταῖς
387 3324 538 3398 τῶν
575 3320 997 3421 Φαρισαίων
1033 3324 1383 3423 κεφαλαῖς
1422 3318 1737 3425 ἐπιφέρει
1786 3316 1871 3399 τὸ
1921 3319 2101 3398 οὐαί·
2166 3328 2209 3366 “
2238 3317 2427 3397 Οὐαὶ
2463 3314 2608 3419 γὰρ
2696 3326 2893 3457 {313⁰-

203 3450 245 3488 “
282 3443 453 3542 ὑμῖν
505 3447 654 3525 τοῖς
709 3449 1041 3542 νομικοῖς,
1098 3440 1208 3521 ὅτι
1270 3442 1488 3544 ἤρατε
1548 3441 1682 3542 τὴν
1736 3446 1987 3522 κλεῖδα
2047 3446 2174 3542 τῆς
2230 3441 2601 3544 γνώσεως·
2753 3432 2766 3444 ’
2855 3430 2869 3444 ’

204 3573 247 3611 “
279 3568 484 3647 αὐτοὶ
533 3567 661 3645 οὐκ
716 3564 1110 3666 εἰσήλθετε,
1156 3568 1273 3646 καὶ
1320 3563 1485 3650 τοὺς
1536 3564 2072 3673 εἰσερχομένους
2118 3564 2602 3647 ἐκωλύσατε.”
2629 3606 2667 3647 a
2724 3594 2844 3650 615
2862 3593 2943 3652 Δ..

110 3702 176 3763 ²5
200 3691 593 3795 ἐπαθρείτω
631 3689 776 3794 γὰρ
811 3691 1040 3771 πάλιν
1078 3691 1119 3769 5
1157 3689 1506 3797 θεοφιλὴς
1542 3697 1601 3771 εἰ
1637 3689 1738 3791 μὴ
1778 3699 1927 3777 τοῖς
1962 3691 2351 3794 εἰρημένοις
2393 3687 2479 3770 τὸ
2528 3693 2607 3771 ἐκ

198 3817 324 3914 τῆς
358 3815 702 3915 ἀληθείας
737 3814 991 3921 ἕψεται
1029 3811 1324 3898 κάλλος.
1401 3813 1562 3895 οὐδὲ
1601 3812 1748 3919 γὰρ
1784 3812 1877 3896 ἂν
1914 3811 2392 3923 διαψεύσαιτό
2430 3847 2606 3895 ποτε

264 4048 318 4103 3.
356 4033 535 4104 ἔχοντι
557 4049 606 4087 a.
927 4051 979 4101 4.
1014 4031 1154 4088 ἀθεεὶ
1179 4033 1298 4089 B.a.
1322 4031 1441 4089 ἆθεῗ
1461 4032 1567 4088 Ed.
1667 4032 1861 4088 Statim
1886 4056 1974 4103 μοι
1999 4033 2057 4088 δέ
2082 4034 2297 4090 inverso
2323 4032 2510 4089 ordine
2535 4033 2602 4088 B.

195 4102 391 4159 δαπῶν
418 4102 522 4158 Ed.
545 4103 756 4158 favente
781 4102 999 4159 Niketa.
1027 4106 1222 4160 σαυτὸν
1248 4103 1317 4161 Β.
1600 4119 1653 4173 5.
1689 4108 2019 4177 κατηγορεῖτε
2047 4105 2114 4159 Β.
2405 4122 2459 4176 9.
2497 4104 2606 4174 ἐρεῖ

194 4172 502 4228 emendavit
525 4192 555 4229 o
580 4173 700 4230 Cat.
726 4174 882 4230 Harl.
908 4174 1056 4230 Aub.
1081 4185 1134 4230 et
1155 4176 1234 4231 ita
1259 4193 1309 4231 a.
1333 4176 1438 4231 ἔδει
1464 4175 1532 4230 Β.
1561 4174 1662 4230 Ht.
1897 4192 1980 4231 10.
2019 4173 2100 4229 καὶ
2125 4173 2266 4229 edidi
2290 4192 2356 4229 ex
2380 4192 2429 4229 a.
2456 4174 2604 4230 etita

194 4270 367 4324 voluit
396 4268 596 4341 Heyee.
619 4270 704 4324 καὶ
726 4270 761 4324 «ι
787 4269 854 4326 Β.
882 4269 987 4325 Ed.
1276 4287 1359 4326 11.
1397 4269 1647 4340 ἐθελῆσαι
1671 4271 1833 4342 τυχὸν
1856 4268 2019 4325 edidi.
2044 4268 2292 4339 ἐθελῆσαι
2315 4254 2507 4340 saxa„
2532 4269 2601 4324 B.

194 4338 427 4409 δθελὴσῃ
451 4342 612 4410 τυχὸν
634 4358 682 4394 a.
916 4357 998 4397 12.
1035 4347 1139 4396 τῶν
1161 4342 1459 4411 Φαρισαίων
1481 4342 1574 4411 τὴν
1595 4341 1700 4396 hoc
1723 4340 1911 4395 ordine
1937 4339 2004 4395 B.
2242 4358 2324 4407 14.
2362 4341 2527 4393 καίτοι
2551 4357 2600 4394 a.

199 4425 283 4480 17.
320 4411 679 4479 προσεοινοσι
704 4410 770 4466 Β.
796 4411 1099 4467 emendavit
1126 4411 1224 4467 Ht.
1376 4429 1463 4467 21.
1501 4414 1531 4466 ὁ
1556 4412 1648 4466 alt.
1674 4415 2018 4483 assumptum
2042 4428 2108 4465 ex
2136 4410 2203 4464 B.
2362 4426 2448 4464 22.
2486 4410 2605 4464 οὐαί

196 4480 349 4549 prius
375 4490 717 4553 assumptum
741 4500 807 4536 ex
835 4482 901 4537 B.
1136 4481 1222 4537 26:
1260 4481 1448 4554 ἕψεται
1471 4481 1722 4537 emendat
1748 4481 1949 4554 Heyse.
1973 4482 2162 4553 ἴψεται
2187 4480 2254 4535 Β.
2279 4479 2472 4552 ὄψεται
2499 4480 2599 4535 Ht.

199 4574 304 4631 Ed.
416 4577 535 4632 οὐδὲ
562 4576 627 4632 Β.
654 4577 716 4631 οὔ
741 4575 846 4632 Ed.
954 4553 1292 4650 διῗψευσεῖοαι
1319 4577 1386 4632 Β.
1412 4576 1758 4649 διαψεῦσεται
1786 4576 1882 4632 Ht.
1907 4575 2256 4648 διαψεύσαιτο
2280 4575 2427 4630 Aub.
