3238 5158
299 1487 443 1539 Infra

299 1571 386 1605 ΣΧ.
406 1568 486 1605 22.

628 326 760 390 468
1235 325 1314 393 Β.
1361 322 1787 389 CYRILLI
1846 322 2428 391 ALEXANDR.
2633 320 2774 387 xiv.
2812 320 2926 400 16,
2962 335 3064 402 17.

742 489 962 568 ’‘AAA
1003 490 1150 593 ἐρεῖ
1177 524 1286 574 τις
1319 487 1604 575 εὶκότως
1642 496 1792 575 τοῖς
1836 487 2231 594 ἀλλότριον
2266 485 2442 570 εἶναι
2491 485 2877 612 νομίζουσι
2932 483 3069 565 τὸν

631 615 811 694 Υἱὸν
844 618 973 713 τῆς
1007 623 1135 696 τοῦ
1175 618 1369 696 Θεοῦ
1405 649 1523 694 και
1565 614 1860 719 Πατρὸς
1898 613 2153 700 οὐσίας
2192 617 2339 695 Καὶ
2373 620 2552 713 πῶς,
2588 613 2755 692 εἶπέ
2788 646 2955 710 μοι,
2993 648 3067 691 το

631 776 746 831 της
821 736 1145 834 ἀληθείαις
1219 741 1525 846 Πνεῦμα,
1593 740 1926 820 τουτέστι
1998 738 2084 819 τὸ
2157 747 2287 820 τοῦ
2349 744 2552 837 Υἱοῦ,
2624 736 2951 817 δίδωσιν
3026 737 3069 816 5

635 861 916 967 Πατὴρ,
963 865 1098 970 οὐχ
1154 867 1252 949 ὡς
1308 862 1602 970 ξένον
1562 901 1610 965 η
1668 863 2089 965 ἀλλότριον,
2136 865 2447 947 ἀλλ’ὡς
2497 862 2677 943 ἴδιον
2713 866 3068 958 Πνεῦμα,

633 989 862 1067 καίτοι
916 989 1080 1069 καθ’
1130 990 1313 1088 ὑμᾶς
1369 989 1843 1090 διωρισμένον
1897 988 2084 1093 ἔχων
2137 992 2267 1090 τῆς
2323 987 2574 1072 οὐσίας
2626 983 2760 1066 τὸν
2818 984 3071 1087 λόγον
3091 1010 3123 1066 5

633 1146 817 1214 προς
851 1109 980 1191 τὸν
1016 1110 1219 1209 Υιὸν,
1257 1116 1376 1192 καὶ
1414 1116 1598 1194 Υιοῦ
1634 1112 1721 1193 τὸ
1757 1110 2129 1212 Πνεῦμά’
2090 1147 2317 1213 εστιν,
2354 1113 2439 1192 οὐ
2472 1110 2615 1214 γὰρ
2659 1109 2776 1190 ὅτι
2822 1112 3069 1218 ἀμφί-

634 1248 884 1337 λογον·
964 1243 1119 1322 πῶς
1158 1236 1232 1317 δε
1271 1237 1361 1317 αὖ
1397 1233 1643 1335 πάλιν,
1683 1236 1880 1342 εἴπερ
1914 1240 2116 1318 ἐστιν
2152 1235 2595 1340 ἑτεροουσιος
2632 1236 2674 1314 5
2705 1232 3069 1332 ’Υἱὸς-,το

565 1373 610 1439 b
634 1368 764 1441 τοῦ
820 1359 1114 1462 Πατρος
1171 1366 1473 1463 Πνεῦμα
1531 1362 1852 1460 δίδωσιν,
1909 1365 2006 1446 ὡς
2060 1365 2357 1443 ἑαυτοῦ·
2335 1424 2359 1461 ,
2427 1354 2840 1464 γέγραπται
2914 1358 3071 1463 γὰρ

636 1484 745 1566 ὅτι
821 1495 864 1534 “
899 1485 1311 1594 ἐνεφύσησε
1393 1492 1543 1571 τοῖς
1627 1492 1986 1587 μαθηταῖς
2066 1486 2305 1591 λέγων
2372 1484 2652 1579 Λάβετε
2742 1488 3069 1582 Πνεῦμα

637 1621 680 1660 “
704 1608 739 1641 θ
740 1616 805 1690 Α
1000 1608 1039 1636 θ’
1144 1608 1176 1643 ἲ
1220 1612 1239 1638 D
1353 1610 1395 1689 ὖ
1561 1611 1579 1635 2
1753 1614 1769 1640 2
1795 1608 1818 1636 Ι
2015 1612 2036 1640 Ι
2347 1612 2396 1642 .Χ
2540 1607 2562 1633 ¹
2928 1610 2952 1640 Ι

810 1644 995 1714 γιον.
1127 1645 1223 1714 αρ
1310 1645 1350 1690 ο
1396 1645 1437 1690 ν
1501 1644 1632 1690 ουκ
1708 1644 2029 1710 οιησεται
2090 1645 2217 1708 τις,
2278 1644 2396 1690 και
2459 1618 2665 1708 μαλα
2733 1614 3065 1706 δικαιως,
3092 1645 3151 1686 ιο

633 1740 926 1835 μᾶλλον
962 1732 1039 1814 δὲ
1092 1738 1211 1815 καὶ
1259 1732 1630 1838 ἀραρότως
1678 1735 2127 1832 διακείσεται,
2165 1733 2275 1814 ὅτι
2325 1740 2470 1815 τῶν
2504 1740 2632 1813 τοῦ
2676 1736 2887 1812 Θεοῦ
2944 1739 3065 1814 καὶ

639 1853 932 1960 Πατρὸς
994 1863 1330 1966 φυσικῶν
1392 1860 1695 1972 ἀγαθῶν
1757 1859 2127 1943 οὐσιωδῶς
2194 1856 2538 1965 ὑπάρχων
2600 1856 2957 1941 κοινωνὸς
3020 1860 3063 1936 5

635 1982 830 2077 Υἱὸς,
868 1981 1013 2086 ἕχει
1059 1980 1144 2063 τὸ
1196 1988 1497 2080 Πνεῦμα
1543 1982 1730 2063 κατὰ
1775 1990 2032 2063 τοῦτον
2081 1980 2211 2062 τὸν
2259 1983 2530 2086 τρόπον
2570 1977 2734 2062 καθ’
2780 1979 2868 2060 ὅν
2916 2015 3063 2085 περ

636 2103 728 2186 ἂν
783 2114 1017 2186 νοοῖτο
1071 2105 1190 2186 καὶ
1246 2108 1286 2185 5
1344 2104 1627 2210 Πατὴρ,
1679 2109 1805 2187 οῦκ
1859 2103 2171 2188 ἐπακτὸν
2226 2106 2389 2186 οὐδὲ
2445 2106 2735 2214 ἔξωθεν·
2800 2109 3061 2207 εὔηθες

707 2228 728 2258 κ
906 2236 940 2254 a·
1224 2228 1244 2258 x
1502 2229 1524 2254 x
1667 2228 1691 2256 x
1793 2233 1830 2263 α
2193 2237 2226 2256 0·-
2368 2233 2387 2259 ρ
2495 2232 2514 2258 n
2577 2228 2612 2258 σν
2868 2229 2890 2254 ε
2979 2237 3013 2254 Α

636 2263 802 2333 γαρ,
839 2239 1132 2328 μαλλον
1170 2234 1244 2310 δε
1280 2265 1581 2329 μανικον
1617 2265 1703 2310 το
1743 2264 1930 2312 ουτω
1967 2236 2283 2335 φρονειν·
2344 2240 2499 2311 αλλ
2553 2263 2807 2332 ωσπερ
2842 2265 3059 2330 ημων
3086 2263 3147 2324 ¹5

578 2387 614 2430 ο
640 2353 942 2439 ἕκαστος
977 2352 1062 2435 τὸ
1099 2354 1278 2435 ἴδιον
1312 2356 1390 2434 ἐν
1425 2355 1654 2464 ἑαυτῷ
1691 2362 1976 2454 πνεῦμα
2024 2355 2333 2461 συνέχει,
2368 2356 2484 2433 καὶ
2532 2356 2609 2434 ἐκ
2657 2357 2808 2434 τῶν
2844 2356 3053 2435 ἐνδο·

636 2475 874 2559 τοῖτων
915 2477 1379 2586 σπλάγχνων
1422 2485 1520 2563 εἷς
1572 2476 1658 2559 τὸ
1710 2479 1853 2587 ἔξω
1906 2478 2215 2585 προχέει.
2295 2477 2413 2559 διὰ
2467 2476 2612 2583 γάρ
2664 2510 2777 2558 τοι
2834 2487 3059 2559 τοῦτο

637 2606 755 2683 καὶ
810 2611 1241 2704 σωματικῶς
1287 2602 1745 2710 ἐνεφύσησεν
1779 2605 1819 2683 5
1857 2601 2208 2707 Χριστὸς,
2242 2601 2512 2688 δεικνὺς
2560 2603 2670 2683 ὅτι
2716 2603 3057 2707 καθάπερ

635 2730 714 2808 ἐκ
750 2726 1121 2829 στόματος
1158 2735 1285 2808 τοῦ
1321 2729 1777 2830 ἀνθρωπίνου
1811 2726 2096 2831 πρόεισι
2134 2727 2219 2808 τὸ
2253 2736 2537 2827 πνεῦμα
2578 2736 3053 2826 σωματικῶς,

638 2854 824 2933 οὕτω
881 2855 999 2932 καὶ
1054 2856 1132 2933 ἐκ
1187 2856 1315 2952 τῆς
1368 2854 1563 2938 θείας
1618 2853 1873 2939 οὐσίας
1928 2857 2343 2957 θεοπρεπῶς
2394 2858 2765 2958 προχεῖται
2822 2851 2917 2933 τὸ
2979 2853 3065 2962 ἐξ
3083 2883 3143 2922 ²⁰

640 2978 881 3057 αὐτοῦ.
962 2976 1077 3057 ὅτε
1116 2976 1356 3057 τοίνυν
1394 2974 1567 3057 αὐτο
1606 2974 1690 3057 τὸ
1730 2983 2031 3133 Πνεῦμα
2079 2984 2208 3057 τοῦ
2254 3012 2332 3058 τε
2369 2982 2561 3057 Θεοῦ
2599 3010 2715 3056 και
2750 2979 3061 3081 Πατρός

640 3103 797 3181 ἐστι
838 3136 955 3180 και
1001 3109 1129 3181 τοῦ
1166 3104 1369 3198 Υιοῦ,
1408 3108 1563 3185 πῶς
1616 3102 1777 3207 οὐχὶ
1825 3094 2114 3186 πάντως
2165 3101 2336 3200 μίαν
2372 3101 2623 3208 εξουσι
2668 3097 2807 3199 τὴν
2843 3101 3055 3209 ἐξου-

641 3225 816 3330 σίαν
872 3226 1306 3331 διῃρημένως
1367 3260 1440 3306 τε
1507 3223 1658 3324 ἅμα
1714 3229 1830 3306 καὶ
1886 3224 2402 3325 συνημμένως’
2382 3286 2404 3323 ,
2492 3220 2749 3326 Πατὴρ
2809 3223 2965 3330 γὰρ
3020 3228 3060 3305 5

646 3348 907 3467 Πατὴρ
947 3352 1065 3428 καὶ
1100 3350 1234 3454 οὐχ
1270 3348 1468 3447 Υἱὸς,
1507 3354 1624 3430 καὶ
1662 3348 1838 3434 Υἱὸς
1876 3351 1916 3429 5
1953 3347 2130 3435 Υἱὸς
2167 3352 2283 3429 καὶ
2320 3353 2477 3457 οὐχὶ
2517 3347 2799 3453 Πατήρ·
2852 3350 3062 3450 πλὴν

576 3484 622 3551 d
646 3473 686 3551 5
745 3472 1002 3577 Πατὴρ
1057 3475 1133 3552 ἐν
1169 3478 1326 3582 Υἱῷ
1382 3477 1498 3553 καὶ
1556 3477 1596 3554 5
1654 3472 1830 3559 Υἱὸς
1883 3477 1959 3554 ἐν
1997 3474 2261 3578 Πατρί·
2330 3475 2583 3554 δίδωσι
2637 3470 2874 3573 γεμὴν
2931 3476 3063 3557 τὸν
3086 3506 3149 3567 25

642 3594 1133 3699 παράκλητον,
1186 3598 1343 3695 ἤτοι
1417 3596 1501 3677 τὸ
1561 3605 1862 3698 Πνεῦμα
1926 3597 2011 3679 τὸ
2061 3596 2346 3701 ”Αγιον,
2409 3599 2537 3678 οὐκ
2605 3598 2747 3705 ἰδίᾳ
2810 3598 2957 3697 μὲν
3022 3604 3062 3681 5

649 3717 930 3823 Πατὴρ,
992 3718 1135 3825 ἰδίᾳ
1192 3718 1266 3798 δὲ
1323 3721 1363 3799 5
1420 3721 1618 3818 Υἱὸς,
1674 3729 2083 3828 χορηγεῖται
2137 3721 2211 3802 δὲ
2270 3729 2562 3820 μᾶλλον
2614 3729 2765 3806 τοῖς
2824 3725 3063 3828 ἁγίοις

644 3841 843 3945 παρὰ
883 3841 1174 3948 Πατρὸς
1212 3844 1296 3922 δι’
1338 3848 1538 3926 Υἱοῦ.
1617 3843 1735 3924 διὰ
1772 3846 1915 3949 γάρ
1950 3879 2064 3925 τοι
2098 3853 2311 3926 τοῦτο
2347 3845 2615 3925 διδόναι
2658 3850 3062 3948 λεγομένου

719 4011 770 4050 2.
807 3996 896 4065 τῆς
919 4011 1027 4049 om.
1053 4012 1107 4066 p.
1344 3994 1475 4067 ἡμᾶς
1495 4015 1550 4068 p.
1578 3996 1784 4069 Migne.
1881 3998 2090 4088 ἕχον.
2237 3998 2289 4054 6.
2325 3998 2410 4054 καὶ
2432 3998 2974 4087 Υἱοῦ-ἆμφίλογον]
3000 4003 3060 4058 αὖ

890 4068 1071 4138 ίλογον
1094 4065 1175 4122 ὅτι
1199 4008 1306 4122 aa?
1304 4072 1398 4122 τοῦ
1422 4070 1536 4123 υἱοῦ
1560 4070 1619 4123 τὸ
1643 4069 1894 4140 πνεῦμά’
1866 4092 1982 4124 εστι
2055 4086 2233 4124 cecus,
2327 4069 2381 4125 8.
2404 4069 2589 4125 δίδωσι
2612 4091 2816 4155 πνευμα
2842 4090 3059 4129 inverso

643 4066 834 4191 ordine
1098 4154 1120 4192 1
1135 4155 1182 4193 1.
1219 4139 1303 4192 καὶ
1325 4139 1476 4210 prius
1500 4148 1841 4211 assumptum
1864 4157 1930 4194 ex
1956 4140 2021 4195 Ε.
2046 4141 2241 4195 Vecoo.
2409 4156 2573 4196 11-21
2603 4140 2732 4195 citat
2754 4141 3018 4199 Vaccus
3004 4162 3057 4199 m

647 4206 835 4296 Epigr.
859 4209 897 4262 i.
1142 4222 1227 4300 ῃ.
1263 4231 1367 4279 προ
1301 4214 1453 4281 ροχεῖ
1478 4209 1619 4265 Catt.
1875 4212 1959 4266 18.
1997 4212 2081 4267 καὶ
2105 4220 2443 4282 assumptum
2468 4229 2499 4265 e
2522 4211 2700 4267 Vecoo
2725 4211 2813 4267 bis
2840 4215 3058 4270 citante.

646 4276 1023 4349 ἐμπεφοίτηκεν
1046 4278 1101 4334 b.
1128 4279 1493 4371 ‘’pne-&fimeto
1518 4280 1682 4336 Cord.
1708 4280 2065 4352 ε’νπεφῦσηκεν
2089 4300 2137 4338 c.
2482 4282 2899 4354 QMpoaedov
2924 4286 3058 4354 (bis)

644 4346 877 4403 Vaccus.
1023 4366 1109 4404 21.
1134 4351 1297 4440 αὐτῆς
1306 4350 1455 4439 (bie)
1483 4351 1712 4407 Vaccus.
1808 4353 1935 4407 αὐτὸ
1959 4351 2046 4424 τὸ]
2075 4352 2130 4409 ἔν
2153 4353 2237 4408 καὶ
2260 4353 2321 4407 τὸ
2344 4353 2470 4408 αυτὸ
2482 4299 2639 4409 9Θ8ῐ1ὶ.
2804 4370 2898 4410 22.
2934 4358 3057 4424 μίαν

643 4417 825 4489 ἕξουσι
847 4419 940 4489 τὴν
964 4419 1232 4493 ἐξουσίαν]
1256 4444 1378 4491 μιαν
1400 4420 1645 4490 ἐξουσίαν
1667 4423 1760 4492 τὴν
1781 4424 1966 4478 ουσίαν
1989 4442 2036 4480 c.
2065 4423 2232 4479 Cord.
2674 4433 2802 4494 post
2825 4427 2858 4479 ὖ
2882 4428 3054 4497 πατὴρ

644 4498 711 4543 tr.
741 4490 807 4546 E.
832 4491 999 4546 invito
1019 4491 1213 4547 Veoco.
1372 4492 1904 4629 27—p44153,1.Ab
1928 4496 2037 4550 υἱὸς
2060 4493 2127 4549 ad
2152 4496 2262 4552 υἱός
2285 4495 2449 4551 trans
2493 4502 2516 4549 t
2586 4496 2845 4566 „partim
2871 4508 3051 4553 autem

641 4576 816 4632 usque
840 4561 907 4616 ad
932 4561 997 4616 δι’
1022 4564 1148 4617 Υἱοῦ
1171 4561 1426 4619 exhibent
1449 4582 1498 4620 c.
1526 4564 1606 4619 Co
1735 4569 1911 4620 totum
1942 4565 2165 4622 Vecoue.
2362 4580 2449 4637 27.
2485 4532 2649 4636 αξίόις
2672 4565 2908 4623 Veecue.
