3238 5158
270 338 354 404 ix.
379 363 484 424 41.
644 345 758 409 IN
819 347 885 410 S.
933 348 1451 414 JOANNEM.
1543 351 1740 416 LIB.
1773 353 1894 417 VI.
1988 353 2192 418 CAP.
2240 353 2297 418 Ι.
2538 354 2668 417 207

267 507 495 618 τούτῳ
548 511 992 616 κατάκρισιν.
1072 517 1187 595 ἐπὶ
1237 514 1366 612 μὲν
1410 516 1536 596 οὖν
1573 521 1701 617 τῆς
1749 522 2161 618 σωματικῆς
2211 516 2732 624 τυφλότητόςῚ)

265 667 344 712 τε
400 636 516 714 καὶ
571 638 1050 744 ἀναβλέψεως
1105 644 1273 746 τῇδε
1319 648 1504 722 νοεῖν
1552 642 1681 722 οὐκ
1730 643 2101 723 ἀπίθανον·
2158 641 2537 743 ἀναλόγως
2588 639 2666 721 δὲ

264 759 751 853 διαβαίνοντες
787 767 885 847 εἷς
926 760 1011 843 τὸ
1061 762 1337 865 νοητὸν,
1375 768 1494 846 καὶ
1528 762 1663 865 τὴν
1701 765 1873 867 ἰ’σην
1908 769 2227 848 ἐντεῦθεν
2263 762 2667 864 ἀναματτό-

260 918 460 978 μενοι
508 889 611 990 τῷ
659 884 864 994 λόγῳ
916 885 1215 986 δύναμιν
1249 888 1478 970 πάλιν
1522 891 1841 994 ἐροῦμεν,
1885 894 1981 976 ὡς
2031 891 2407 995 ἅνθρωπος
2460 888 2589 988 μὲν
2625 890 2665 969 5

197 1030 232 1090 5
260 1005 609 1093 ἀσύνετος
672 1010 1176 1112 εὐλογωτάτην
1231 1011 1320 1092 ἀν
1374 1013 1507 1115 τὴν
1561 1017 1678 1095 ἐπὶ
1729 1022 1860 1095 τοῦ
1915 1014 2317 1119 δικάζοντος
2373 1010 2667 1114 αἰτήσαι

260 1133 739 1235 συγγνώμην,
781 1137 822 1214 5
872 1136 948 1215 δὲ
997 1135 1170 1245 ὀξὺς
1217 1143 1313 1221 εἷς
1364 1136 1618 1239 νόησιν
1660 1141 1776 1218 καὶ
1824 1144 2064 1223 συνεὶς
2114 1136 2197 1219 τὸ
2251 1138 2658 1245 συμφέρον,

260 1253 416 1336 εἶτα
469 1264 617 1342 τοῖς
672 1260 1001 1364 αἷσχίοσι
1056 1266 1186 1362 τῆς
1240 1264 1492 1342 ἑαυτοῦ
1557 1263 1867 1347 διανοίας
1932 1261 2471 1363 καταπωλήσας
2531 1261 2665 1362 τὴν

256 1382 513 1484 ῥοπὴν,
569 1388 687 1464 καὶ
741 1385 827 1464 τὸ
884 1391 1087 1465 νικᾶν
1141 1386 1425 1486 ἡδοναῖς
1480 1387 1565 1465 οὐ
1625 1392 1728 1493 τῷ
1790 1389 2129 1494 χρησίμῳ
2187 1385 2655 1488 δωρούμενος,
2687 1430 2724 1473 ο,

257 1507 758 1611 ἀναισχύντως
809 1507 1086 1610 αἰτήσει
1134 1507 1262 1590 τὸν
1304 1506 1533 1607 ἔλεον,
1575 1513 1694 1590 καὶ
1742 1510 2179 1614 παραίτησιν
2226 1510 2359 1609 τὴν
2395 1512 2509 1589 ἐπὶ
2559 1514 2663 1616 τῷ

158 1665 229 1704 10
256 1631 694 1735 κολάζεσθαι
751 1634 896 1715 δεῖν
951 1633 1345 1734 οὐδαμόθεν
1402 1634 1544 1741 ἕξει
1598 1633 2112 1735 βοηθουμένην,
2156 1615 2527 1714 ἀπολεῖται
2588 1633 2663 1714 δὲ

255 1759 381 1835 καὶ
436 1754 732 1861 σφόδρα
787 1759 1071 1843 δικαίως
1121 1756 1668 1860 ἀσυνηγόρητον
1717 1758 1829 1864 ἐφ’
1869 1760 2098 1866 ἑαυτῷ
2151 1756 2476 1860 τηρήσας
2531 1756 2663 1858 τὴν

255 1882 639 1984 ἁμαρτίαν.
720 1885 838 1962 καὶ
874 1891 1052 1987 γοῦν
1090 1884 1131 1963 5
1175 1883 1436 1986 Κύριος
1474 1883 1677 1983 ἡμῶν
1713 1884 2000 1983 Ἰησοῦς
2034 1884 2075 1962 5
2113 1881 2437 1984 Χριστὸς
2489 1880 2661 1962 αὐτὸ

255 2004 352 2104 δὴ
395 2013 609 2086 τοῦτο
656 2009 1213 2108 κατασημαίνων
1249 2010 1324 2088 ἐν
1360 2007 1797 2110 εὐαγγελίοις
1836 2009 2068 2113 φησίν
2106 2018 2151 2054 “
2178 2009 2276 2087 Ὁ
2322 2005 2521 2091 εἰδὼς
2575 2007 2661 2088 τὸ

257 2140 307 2176 “
345 2129 630 2228 θέλημα
701 2139 830 2212 τοῦ
915 2133 1158 2234 κυρίου
1229 2133 1450 2213 αὐτοῦ
1520 2136 1639 2213 καὶ
1706 2128 1809 2232 μὴ
1888 2130 2201 2233 ποιήσας
2271 2131 2662 2235 δαρήσεται

155 2288 226 2347 15
257 2265 307 2301 “
344 2255 694 2341 πολλάς·”
769 2260 1064 2360 ἀγνοιάς
1117 2256 1250 2354 μὲν
1301 2256 1447 2361 γὰρ
1500 2258 1616 2337 ἐπὶ
1672 2262 1776 2364 τῷ
1831 2254 1933 2355 μὴ
1989 2257 2202 2338 εἰδότι
2255 2255 2349 2336 τά
2402 2255 2663 2358 ἐγκλή-

252 2414 477 2478 ματα,
516 2380 1121 2489 καταφρονήσεως
1158 2380 1233 2462 δὲ
1267 2385 1397 2481 τῆς
1445 2380 1761 2485 ἐσχάτης
1807 2384 1920 2461 ἐπὶ
1971 2387 2073 2487 τῷ
2122 2378 2503 2481 νενοηκότι,
2543 2385 2663 2461 καὶ

254 2501 348 2584 τὸ
385 2509 565 2606 δρᾶν
599 2505 935 2602 ἀβούλως
985 2505 1467 2616 ἐξωθουμένῳ.
1542 2503 1854 2608 ἐπιτήρει
1903 2504 1977 2585 δὲ
2026 2502 2254 2585 πάλιν
2290 2503 2485 2590 ὅπως
2527 2507 2661 2586 κάν
2687 2525 2731 2591 d

255 2629 494 2738 τούτῳ
540 2630 834 2734 γε’γονεν
873 2631 1224 2736 ἀσφαλὴς
1270 2639 1399 2711 τοῦ
1448 2634 1781 2733 Σωτῆρος
1832 2631 1873 2709 5
1924 2626 2166 2731 λόγος·
2233 2630 2321 2709 οὐ
2373 2628 2517 2733 γὰρ
2571 2630 2662 2729 δή

257 2759 496 2858 φησιν
531 2756 1036 2861 ἀποφαντικῶς
1058 2752 1239 2836 Ὅτι
1275 2755 1605 2852 βλέπετε,
1644 2756 1813 2833 ἀλλ’
1854 2755 2121 2853 ’Υμεῖς,
2161 2757 2379 2859 φησὶ,
2422 2751 2663 2856 λέγετε

151 2916 229 2958 20
258 2880 358 2958 ’ὅτι
423 2875 793 2986 βλίττομεν.
897 2877 987 2980 ἦν
1051 2878 1195 2982 γὰρ
1268 2878 1357 2978 δὴ
1423 2880 1541 2958 καὶ
1604 2879 1774 2957 λίαν
1840 2876 2305 2957 ἀτοπώτατον
2362 2876 2663 2957 σύνεσιν

257 3004 755 3156 ἐπιμαρτυρεῖν
819 3010 967 3087 τοῖς
1030 3004 1214 3084 οὕτω
1277 3000 1564 3107 τυφλὸν
1628 3005 1744 3081 καὶ
1808 2999 2284 3101 ἀπεσβηκότα
2347 3007 2662 3106 φοροῦσι

255 3124 390 3207 τὸν
437 3136 627 3226 νοῦν,
672 3131 769 3212 ὡς
823 3131 1192 3227 τολμῆσαι
1249 3124 1474 3232 φάναι
1528 3159 1691 3229 περι
1736 3126 1955 3204 αὐτοῦ
1991 3135 2033 3173 “
2060 3126 2318 3222 Ἡμεῖς
2371 3124 2662 3224 οἴδαμεν

255 3262 303 3299 “
340 3250 451 3332 ὅτι
500 3252 703 3337 οὗτος
753 3254 794 3332 5
845 3252 1222 3354 ἅνθρωπος
1271 3247 1701 3355 ἁμαρτωλός
1746 3247 1999 3330 ἐστιν.’
2000 3245 2659 3349 ἀὐτοκατάκριτοι

252 3384 640 3479 τοιγαροῦν
695 3377 1025 3456 Ἰουδαῖοι
1089 3372 1389 3471 βλέπειν
1453 3372 1583 3473 μὲν
1647 3370 1936 3459 ἑαυτοὺς
2009 3370 2653 3470 διαβεβαιούμενοι,

385 3499 407 3525 t
809 3498 829 3527 x
947 3496 970 3525 x
1129 3499 1149 3526 e
1473 3499 1490 3523 ι
1552 3495 1572 3524 x
1701 3493 1734 3529 ⁴?
2142 3502 2175 3519 ›-
2397 3497 2420 3523 x
2557 3496 2576 3525 t

150 3523 224 3583 25
252 3532 692 3601 πραττοντες
755 3503 830 3579 δε
896 3534 983 3580 το
1045 3533 1350 3599 συμπαν
1414 3501 1618 3578 ουδεν
1680 3532 1782 3576 ων
1842 3495 1978 3577 ἔδει
2042 3501 2242 3599 δραν,
2306 3529 2423 3575 και
2491 3505 2658 3575 λιαν
2682 3533 2719 3578 e

255 3621 577 3723 εὐτόνως,
654 3624 772 3703 καὶ
849 3621 1326 3727 γινώσκοντες
1400 3621 1532 3722 μὲν
1604 3630 1735 3701 τοῦ
1819 3620 2089 3724 Κυρίου
2170 3617 2255 3701 τὸ
2337 3618 2653 3720 θέλημα,

255 3753 847 3855 περιφρονοῦντες
904 3745 979 3828 δὲ
1035 3749 1260 3831 οὕτως
1314 3748 1410 3831 ὡς
1467 3748 1581 3824 καὶ
1633 3752 1781 3830 τοῖς
1837 3746 2158 3848 ἀρίστοις
2215 3741 2659 3846 ὑπαντιάζειν

254 3873 645 3972 θαύμασιν.

256 4116 378 4227 Ec?-
415 4099 527 4173 ἐπὶ]
553 4101 656 4157 ἀπὸ
680 4118 730 4156 ει.
824 4100 1012 4191 αἰτήσῃ
1038 4119 1085 4155 a.
1113 4099 1317 4170 αἷτῆσει
1344 4099 1464 4156 Cat.
1494 4099 1650 4156 Harl.
1817 4098 1870 4153 6.
1909 4100 2084 4155 συνεὶς
2111 4097 2175 4153 Β.
2179 4114 2227 4152 a.
2253 4098 2445 4153 συνιεὶς
2472 4096 2656 4152 Holst.

344 4212 360 4228 .
673 4175 991 4241 .ηκαταπολ
994 4195 1093 4228 σας
1121 4171 1186 4226 Β.
1211 4170 1513 4226 emendavit
1540 4170 1645 4225 Ht.
1670 4179 1723 4224 et
1745 4169 1820 4225 ita
1843 4187 1891 4225 a.
2170 4185 2253 4223 10.
2292 4170 2432 4239 ἔξαις
2457 4167 2523 4223 Β.
2554 4167 2652 4223 Ht.

252 4242 555 4299 emendavit
577 4261 606 4297 e
713 4252 752 4297 t.
779 4253 841 4298 ut
864 4243 972 4297 vid.
961 4196 1144 4298 ηΑιιΙ).
1342 4259 1425 4297 11.
1463 4240 1550 4312 ἐφ’
1575 4242 1762 4296 ἑαυτοῦ
1786 4258 1833 4294 a.
2026 4256 2109 4295 12.
2147 4242 2176 4294 ὁ
2200 4240 2292 4294 alt.
2313 4248 2654 4328 assumptum

251 4332 317 4368 ex
348 4314 413 4368 Β.
561 4331 754 4386 1314.
793 4316 822 4367 ὁ
844 4313 914 4383 μὴ
939 4314 1084 4370 emm
1108 4313 1169 4367 τὸ
1192 4310 1391 4380 θέλημα
1414 4316 1506 4368 τοῦ
1531 4311 1708 4383 κυρίου
1732 4311 1889 4366 αυτοῦ
1913 4311 1998 4365 καὶ
2019 4311 2090 4380 μὴ
2113 4308 2353 4380 ποιήσας,
2372 4308 2657 4380 δαρήσεται

251 4384 451 4456 ὀλίγας·
490 4387 521 4439 ὅ
544 4385 601 4439 δε
627 4386 776 4441 εἷδὸς
800 4386 882 4439 καὶ
904 4385 974 4454 μὴ
1240 4381 1320 4438 16.
1359 4406 1472 4453 νενη
1475 4386 1649 4453 κκηότι
1676 4382 1740 4437 Β.
1766 4385 2045 4452 νενικηκότι
2073 4380 2170 4435 Ht.
2197 4383 2454 4449 νενοηκότι
2478 4398 2507 4434 e
2534 4379 2654 4435 Cat.

252 4466 315 4581 31,
338 4455 617 4582 vidHAub.
816 4471 901 4511 21.
936 4456 1144 4528 τυφλὸν
1170 4454 1284 4511 Ba.
1316 4454 1413 4510 Ht.
1438 4456 1664 4527 τυφλοις
1687 4454 1833 4509 Aub.
2032 4469 2118 4519 24.
2156 4454 2355 4508 ἑαυτοῖς
2384 4451 2447 4506 Β.
2472 4468 2654 4505 emen-

292 4528 400 4582 avit
486 4537 509 4581 t

2753 2022 2947 2100 S:.L¹¹⁰·

2750 2104 2836 2140 ιιι.
2860 2099 2948 2153 47.

2752 3134 2914 3197 Supra

2749 3214 2855 3249 ver.
2882 3214 2959 3264 ²4·
