<?xml version="1.0" encoding="UTF-8"?>
<!DOCTYPE html PUBLIC "-//W3C//DTD XHTML 1.0 Transitional//EN"
    "http://www.w3.org/TR/xhtml1/DTD/xhtml1-transitional.dtd">
<html xmlns="http://www.w3.org/1999/xhtml" xml:lang="en" lang="en">
 <head>
  <title>
</title>
<meta http-equiv="Content-Type" content="text/html;charset=utf-8" />
  <meta name='ocr-system' content='tesseract 3.04.00' />
  <meta name='ocr-capabilities' content='ocr_page ocr_carea ocr_par ocr_line ocrx_word'/>
</head>
<body>
  <div class='ocr_page' id='page_1' title='image "./sanctipatrisnos03pusegoog_0730.png"; bbox 0 0 3238 5158; ppageno 0'>
   <div class='ocr_carea' id='block_1_1' title="bbox 641 346 3044 431">
    <p class='ocr_par' dir='ltr' id='par_1_1' title="bbox 641 346 3044 431">
     <span class='ocr_line' id='line_1_1' title="bbox 641 346 3044 431; baseline -0.003 -18"><span class='ocrx_word' id='word_1_1' title='bbox 641 350 768 413; x_wconf 85' lang='lat'>718</span> <span class='ocrx_word' id='word_1_2' title='bbox 1246 347 1783 414; x_wconf 82' lang='lat' dir='ltr'><strong>B.0YR1LL1</strong></span> <span class='ocrx_word' id='word_1_3' title='bbox 1845 349 2417 416; x_wconf 83' lang='lat' dir='ltr'><strong>ALEXANDR.</strong></span> <span class='ocrx_word' id='word_1_4' title='bbox 2625 346 3044 431; x_wconf 73' lang='lat' dir='ltr'><strong>xvii.18,19.</strong></span> 
     </span>
    </p>
   </div>
   <div class='ocr_carea' id='block_1_2' title="bbox 305 512 3148 4228">
    <p class='ocr_par' dir='ltr' id='par_1_2' title="bbox 305 512 3148 3730">
     <span class='ocr_line' id='line_1_2' title="bbox 641 512 3048 618; baseline -0 -27"><span class='ocrx_word' id='word_1_5' title='bbox 641 518 738 596; x_wconf 79' lang='grc' dir='ltr'>εἷς</span> <span class='ocrx_word' id='word_1_6' title='bbox 778 512 1106 613; x_wconf 83' lang='grc' dir='ltr'>ἀσυνήθη</span> <span class='ocrx_word' id='word_1_7' title='bbox 1161 513 1319 594; x_wconf 82' lang='grc' dir='ltr'>τινὰ</span> <span class='ocrx_word' id='word_1_8' title='bbox 1374 519 1491 595; x_wconf 87' lang='grc' dir='ltr'>καὶ</span> <span class='ocrx_word' id='word_1_9' title='bbox 1549 514 1682 615; x_wconf 86' lang='grc' dir='ltr'>τὴν</span> <span class='ocrx_word' id='word_1_10' title='bbox 1735 515 2293 618; x_wconf 82' lang='grc' dir='ltr'>ὑπεράνθρωπον</span> <span class='ocrx_word' id='word_1_11' title='bbox 2342 514 2648 614; x_wconf 84' lang='grc' dir='ltr'>ἐντολὴν</span> <span class='ocrx_word' id='word_1_12' title='bbox 2697 514 2787 594; x_wconf 82' lang='grc' dir='ltr'>δι’</span> <span class='ocrx_word' id='word_1_13' title='bbox 2831 513 3048 592; x_wconf 79' lang='grc' dir='ltr'>αὐτοῦ</span> 
     </span>
     <span class='ocr_line' id='line_1_3' title="bbox 642 636 3049 744; baseline -0.001 -26"><span class='ocrx_word' id='word_1_14' title='bbox 642 636 1171 737; x_wconf 82' lang='grc' dir='ltr'>δυναμούμενοι,</span> <span class='ocrx_word' id='word_1_15' title='bbox 1199 645 1314 719; x_wconf 82' lang='grc' dir='ltr'>καὶ</span> <span class='ocrx_word' id='word_1_16' title='bbox 1352 645 1449 724; x_wconf 85' lang='grc' dir='ltr'>εἱς</span> <span class='ocrx_word' id='word_1_17' title='bbox 1485 647 1763 743; x_wconf 79' lang='grc' dir='ltr'>γνῶσιν</span> <span class='ocrx_word' id='word_1_18' title='bbox 1784 642 2146 744; x_wconf 81' lang='grc' dir='ltr'>ἀκραιφνῆ</span> <span class='ocrx_word' id='word_1_19' title='bbox 2182 645 2309 740; x_wconf 85' lang='grc' dir='ltr'>τῆς</span> <span class='ocrx_word' id='word_1_20' title='bbox 2346 640 2836 721; x_wconf 86' lang='grc' dir='ltr'>θεοπνεύστου</span> <span class='ocrx_word' id='word_1_21' title='bbox 2872 668 3049 738; x_wconf 85' lang='grc' dir='ltr'>γρα-</span> 
     </span>
     <span class='ocr_line' id='line_1_4' title="bbox 643 760 3050 866; baseline -0.003 -19"><span class='ocrx_word' id='word_1_22' title='bbox 643 765 789 865; x_wconf 74' lang='grc' dir='ltr'>φῆς·</span> <span class='ocrx_word' id='word_1_23' title='bbox 842 766 960 842; x_wconf 83' lang='grc' dir='ltr'>καὶ</span> <span class='ocrx_word' id='word_1_24' title='bbox 1013 769 1159 842; x_wconf 80' lang='grc' dir='ltr'>τῶν</span> <span class='ocrx_word' id='word_1_25' title='bbox 1215 769 1421 866; x_wconf 81' lang='grc' dir='ltr'>ἱερῶν</span> <span class='ocrx_word' id='word_1_26' title='bbox 1474 767 1600 863; x_wconf 86' lang='grc' dir='ltr'>τῆς</span> <span class='ocrx_word' id='word_1_27' title='bbox 1638 763 2084 863; x_wconf 85' lang='grc' dir='ltr'>Ἐκκλησίας</span> <span class='ocrx_word' id='word_1_28' title='bbox 2128 765 2531 866; x_wconf 80' lang='grc' dir='ltr'>δογμάτων,</span> <span class='ocrx_word' id='word_1_29' title='bbox 2569 760 2689 842; x_wconf 79' lang='grc' dir='ltr'>διὰ</span> <span class='ocrx_word' id='word_1_30' title='bbox 2742 764 2875 862; x_wconf 75' lang='grc' dir='ltr'>τῆς</span> <span class='ocrx_word' id='word_1_31' title='bbox 2923 769 3050 840; x_wconf 89' lang='grc' dir='ltr'>τοῦ</span> 
     </span>
     <span class='ocr_line' id='line_1_5' title="bbox 645 885 3051 993; baseline -0 -29"><span class='ocrx_word' id='word_1_32' title='bbox 645 885 1065 984; x_wconf 84' lang='grc' dir='ltr'>Πνεύματος</span> <span class='ocrx_word' id='word_1_33' title='bbox 1121 888 1499 993; x_wconf 73' lang='grc' dir='ltr'>δᾳδουχίας</span> <span class='ocrx_word' id='word_1_34' title='bbox 1547 889 1881 990; x_wconf 81' lang='grc' dir='ltr'>ἀνιδρωτὶ</span> <span class='ocrx_word' id='word_1_35' title='bbox 1937 888 2481 989; x_wconf 83' lang='grc' dir='ltr'>ποδηγούμενοι.</span> <span class='ocrx_word' id='word_1_36' title='bbox 2589 890 2709 968; x_wconf 82' lang='grc' dir='ltr'>καὶ</span> <span class='ocrx_word' id='word_1_37' title='bbox 2767 894 2956 988; x_wconf 88' lang='grc' dir='ltr'>γοῦν</span> <span class='ocrx_word' id='word_1_38' title='bbox 3009 885 3051 962; x_wconf 84' lang='grc' dir='ltr'><em>ὃ</em></span> 
     </span>
     <span class='ocr_line' id='line_1_6' title="bbox 647 1007 3106 1113; baseline 0.001 -23"><span class='ocrx_word' id='word_1_39' title='bbox 647 1007 901 1111; x_wconf 85' lang='grc' dir='ltr'>Σωτὴρ</span> <span class='ocrx_word' id='word_1_40' title='bbox 954 1009 1506 1113; x_wconf 77' lang='grc' dir='ltr'>συναλιζόμενός</span> <span class='ocrx_word' id='word_1_41' title='bbox 1564 1046 1642 1091; x_wconf 92' lang='grc' dir='ltr'>τε</span> <span class='ocrx_word' id='word_1_42' title='bbox 1696 1013 1957 1110; x_wconf 82' lang='grc' dir='ltr'>αὐτοῖς,</span> <span class='ocrx_word' id='word_1_43' title='bbox 1999 1011 2181 1111; x_wconf 80' lang='grc' dir='ltr'>μετὰ</span> <span class='ocrx_word' id='word_1_44' title='bbox 2234 1011 2365 1113; x_wconf 84' lang='grc' dir='ltr'>τὴν</span> <span class='ocrx_word' id='word_1_45' title='bbox 2412 1014 2487 1092; x_wconf 88' lang='grc' dir='ltr'>ἐκ</span> <span class='ocrx_word' id='word_1_46' title='bbox 2545 1016 2820 1113; x_wconf 76' lang='grc' dir='ltr'>νεκρῶν</span> <span class='ocrx_word' id='word_1_47' title='bbox 2866 1011 3040 1089; x_wconf 85' lang='grc' dir='ltr'>ἀνα-</span> <span class='ocrx_word' id='word_1_48' title='bbox 3073 1034 3106 1092; x_wconf 83' lang='grc'><strong>5</strong></span> 
     </span>
     <span class='ocr_line' id='line_1_7' title="bbox 643 1132 3051 1237; baseline -0 -25"><span class='ocrx_word' id='word_1_49' title='bbox 643 1133 926 1231; x_wconf 86' lang='grc' dir='ltr'>βίωσιν,</span> <span class='ocrx_word' id='word_1_50' title='bbox 967 1132 1153 1214; x_wconf 80' lang='grc' dir='ltr'>καθὰ</span> <span class='ocrx_word' id='word_1_51' title='bbox 1189 1135 1614 1237; x_wconf 79' lang='grc' dir='ltr'>γέγραπται,</span> <span class='ocrx_word' id='word_1_52' title='bbox 1653 1140 1768 1215; x_wconf 83' lang='grc' dir='ltr'>καὶ</span> <span class='ocrx_word' id='word_1_53' title='bbox 1803 1143 1951 1220; x_wconf 81' lang='grc' dir='ltr'>τοῖς</span> <span class='ocrx_word' id='word_1_54' title='bbox 1998 1135 2138 1214; x_wconf 78' lang='grc' dir='ltr'>ἀνὰ</span> <span class='ocrx_word' id='word_1_55' title='bbox 2174 1142 2426 1217; x_wconf 82' lang='grc' dir='ltr'>πᾶσαν</span> <span class='ocrx_word' id='word_1_56' title='bbox 2463 1133 2598 1235; x_wconf 83' lang='grc' dir='ltr'>τὴν</span> <span class='ocrx_word' id='word_1_57' title='bbox 2634 1133 3051 1233; x_wconf 76' lang='grc' dir='ltr'>οἰκουμένην</span> 
     </span>
     <span class='ocr_line' id='line_1_8' title="bbox 307 1255 3053 1368; baseline -0 -31"><span class='ocrx_word' id='word_1_58' title='bbox 307 1296 388 1346; x_wconf 85' lang='lat' dir='ltr'>1b.</span> <span class='ocrx_word' id='word_1_59' title='bbox 643 1255 777 1357; x_wconf 89' lang='grc' dir='ltr'>τὴν</span> <span class='ocrx_word' id='word_1_60' title='bbox 833 1257 954 1336; x_wconf 81' lang='grc' dir='ltr'>διὰ</span> <span class='ocrx_word' id='word_1_61' title='bbox 1002 1258 1319 1344; x_wconf 88' lang='grc' dir='ltr'>πίστεως</span> <span class='ocrx_word' id='word_1_62' title='bbox 1375 1256 1589 1365; x_wconf 90' lang='grc' dir='ltr'>χάριν</span> <span class='ocrx_word' id='word_1_63' title='bbox 1645 1260 1952 1366; x_wconf 80' lang='grc' dir='ltr'>κηρῦξαι</span> <span class='ocrx_word' id='word_1_64' title='bbox 2004 1259 2433 1368; x_wconf 74' lang='grc' dir='ltr'>προστάξας</span> <span class='ocrx_word' id='word_1_65' title='bbox 2488 1270 2533 1308; x_wconf 87' lang='lat'>“</span> <span class='ocrx_word' id='word_1_66' title='bbox 2552 1258 3053 1363; x_wconf 81' lang='grc' dir='ltr'>παρήγγειλεν</span> 
     </span>
     <span class='ocr_line' id='line_1_9' title="bbox 644 1378 3047 1489; baseline 0.001 -27"><span class='ocrx_word' id='word_1_67' title='bbox 644 1391 689 1429; x_wconf 89' lang='lat'>“</span> <span class='ocrx_word' id='word_1_68' title='bbox 725 1378 871 1462; x_wconf 78' lang='grc' dir='ltr'>ἀπὸ</span> <span class='ocrx_word' id='word_1_69' title='bbox 904 1382 1437 1486; x_wconf 84' lang='grc' dir='ltr'>Ἱεροσολύμων</span> <span class='ocrx_word' id='word_1_70' title='bbox 1471 1383 1574 1483; x_wconf 87' lang='grc' dir='ltr'>μὴ</span> <span class='ocrx_word' id='word_1_71' title='bbox 1610 1383 2066 1489; x_wconf 77' lang='grc' dir='ltr'>χωρίζεσθαι,</span> <span class='ocrx_word' id='word_1_72' title='bbox 2101 1383 2493 1487; x_wconf 80' lang='grc' dir='ltr'>περιμένειν</span> <span class='ocrx_word' id='word_1_73' title='bbox 2529 1382 2606 1464; x_wconf 78' lang='grc' dir='ltr'>δὲ</span> <span class='ocrx_word' id='word_1_74' title='bbox 2641 1383 2781 1483; x_wconf 83' lang='grc' dir='ltr'>τὴν</span> <span class='ocrx_word' id='word_1_75' title='bbox 2814 1386 3047 1484; x_wconf 83' lang='grc' dir='ltr'>ἐπαγ·</span> 
     </span>
     <span class='ocr_line' id='line_1_10' title="bbox 647 1505 3053 1612; baseline 0.001 -28"><span class='ocrx_word' id='word_1_76' title='bbox 647 1516 689 1554; x_wconf 88' lang='lat'>“</span> <span class='ocrx_word' id='word_1_77' title='bbox 725 1507 975 1608; x_wconf 89' lang='grc' dir='ltr'>γελίαν</span> <span class='ocrx_word' id='word_1_78' title='bbox 1028 1515 1155 1586; x_wconf 92' lang='grc' dir='ltr'>τοῦ</span> <span class='ocrx_word' id='word_1_79' title='bbox 1190 1507 1501 1610; x_wconf 83' lang='grc' dir='ltr'>Πατρὸς,</span> <span class='ocrx_word' id='word_1_80' title='bbox 1538 1505 1630 1608; x_wconf 85' lang='grc' dir='ltr'>ἣν</span> <span class='ocrx_word' id='word_1_81' title='bbox 1648 1509 1690 1536; x_wconf 88' lang='grc'>”</span> <span class='ocrx_word' id='word_1_82' title='bbox 1747 1509 1965 1588; x_wconf 79' lang='grc' dir='ltr'>αὐτοῦ</span> <span class='ocrx_word' id='word_1_83' title='bbox 2023 1543 2100 1589; x_wconf 89' lang='grc' dir='ltr'>τε</span> <span class='ocrx_word' id='word_1_84' title='bbox 2151 1506 2490 1612; x_wconf 77' lang='grc' dir='ltr'>λέγοντος</span> <span class='ocrx_word' id='word_1_85' title='bbox 2544 1507 2877 1607; x_wconf 80' lang='grc' dir='ltr'>ἥκουσαν</span> <span class='ocrx_word' id='word_1_86' title='bbox 2937 1510 3053 1587; x_wconf 79' lang='grc' dir='ltr'>καὶ</span> 
     </span>
     <span class='ocr_line' id='line_1_11' title="bbox 586 1627 3148 1738; baseline -0.001 -28"><span class='ocrx_word' id='word_1_87' title='bbox 586 1664 624 1710; x_wconf 81' lang='grc' dir='ltr'>ο</span> <span class='ocrx_word' id='word_1_88' title='bbox 647 1627 764 1708; x_wconf 83' lang='grc' dir='ltr'>διὰ</span> <span class='ocrx_word' id='word_1_89' title='bbox 800 1634 1045 1736; x_wconf 85' lang='grc' dir='ltr'>φωνῆς</span> <span class='ocrx_word' id='word_1_90' title='bbox 1080 1637 1225 1710; x_wconf 83' lang='grc' dir='ltr'>τῶν</span> <span class='ocrx_word' id='word_1_91' title='bbox 1260 1632 1485 1733; x_wconf 81' lang='grc' dir='ltr'>ἁγίων</span> <span class='ocrx_word' id='word_1_92' title='bbox 1521 1638 1944 1738; x_wconf 82' lang='grc' dir='ltr'>προφητῶν.</span> <span class='ocrx_word' id='word_1_93' title='bbox 2025 1631 2231 1713; x_wconf 81' lang='grc' dir='ltr'>ἔσται</span> <span class='ocrx_word' id='word_1_94' title='bbox 2274 1629 2418 1736; x_wconf 76' lang='grc' dir='ltr'>γὰρ</span> <span class='ocrx_word' id='word_1_95' title='bbox 2453 1634 2530 1711; x_wconf 82' lang='grc' dir='ltr'>ἐν</span> <span class='ocrx_word' id='word_1_96' title='bbox 2563 1637 2722 1716; x_wconf 87' lang='grc' dir='ltr'>ταῖς</span> <span class='ocrx_word' id='word_1_97' title='bbox 2758 1631 3053 1731; x_wconf 71' lang='grc' dir='ltr'>ἡμέραις</span> <span class='ocrx_word' id='word_1_98' title='bbox 3080 1669 3148 1707; x_wconf 83' lang='grc' dir='ltr'>ιο</span> 
     </span>
     <span class='ocr_line' id='line_1_12' title="bbox 307 1754 3053 1862; baseline 0.001 -31"><span class='ocrx_word' id='word_1_99' title='bbox 307 1781 425 1831; x_wconf 78' lang='lat' dir='ltr'>J001</span> <span class='ocrx_word' id='word_1_100' title='bbox 449 1781 500 1831; x_wconf 82' lang='lat' dir='ltr'>ii.</span> <span class='ocrx_word' id='word_1_101' title='bbox 645 1756 936 1838; x_wconf 85' lang='grc' dir='ltr'>ἐκείναις</span> <span class='ocrx_word' id='word_1_102' title='bbox 984 1754 1182 1858; x_wconf 82' lang='grc' dir='ltr'>λέγει</span> <span class='ocrx_word' id='word_1_103' title='bbox 1223 1754 1511 1860; x_wconf 83' lang='grc' dir='ltr'>Κύριος,</span> <span class='ocrx_word' id='word_1_104' title='bbox 1564 1766 1610 1805; x_wconf 83' lang='grc'><strong>“</strong></span> <span class='ocrx_word' id='word_1_105' title='bbox 1636 1759 1856 1862; x_wconf 79' lang='grc' dir='ltr'>ἐκχεῶ</span> <span class='ocrx_word' id='word_1_106' title='bbox 1905 1755 2050 1838; x_wconf 81' lang='grc' dir='ltr'>ἀπὸ</span> <span class='ocrx_word' id='word_1_107' title='bbox 2097 1765 2227 1838; x_wconf 92' lang='grc' dir='ltr'>τοῦ</span> <span class='ocrx_word' id='word_1_108' title='bbox 2278 1754 2683 1853; x_wconf 81' lang='grc' dir='ltr'>πνεύματός</span> <span class='ocrx_word' id='word_1_109' title='bbox 2733 1791 2880 1854; x_wconf 88' lang='grc' dir='ltr'>μου</span> <span class='ocrx_word' id='word_1_110' title='bbox 2937 1758 3053 1836; x_wconf 83' lang='grc' dir='ltr'>ἐπὶ</span> 
     </span>
     <span class='ocr_line' id='line_1_13' title="bbox 312 1849 3056 1989; baseline 0 -29"><span class='ocrx_word' id='word_1_111' title='bbox 312 1849 388 1897; x_wconf 65' lang='lat'>’⁸&#39;</span> <span class='ocrx_word' id='word_1_112' title='bbox 647 1890 690 1927; x_wconf 77' lang='lat'>‘⁴</span> <span class='ocrx_word' id='word_1_113' title='bbox 724 1885 976 1960; x_wconf 82' lang='grc' dir='ltr'>πᾶσαν</span> <span class='ocrx_word' id='word_1_114' title='bbox 1029 1879 1342 1985; x_wconf 83' lang='grc' dir='ltr'>σάρκα.”</span> <span class='ocrx_word' id='word_1_115' title='bbox 1421 1886 1541 1961; x_wconf 87' lang='grc' dir='ltr'>καὶ</span> <span class='ocrx_word' id='word_1_116' title='bbox 1597 1880 1812 1967; x_wconf 78' lang='grc' dir='ltr'>αὐτὸς</span> <span class='ocrx_word' id='word_1_117' title='bbox 1867 1879 1944 1962; x_wconf 84' lang='grc' dir='ltr'>δὲ</span> <span class='ocrx_word' id='word_1_118' title='bbox 1999 1888 2263 1989; x_wconf 76' lang='grc' dir='ltr'>σαφῶς</span> <span class='ocrx_word' id='word_1_119' title='bbox 2317 1883 2359 1961; x_wconf 83' lang='grc' dir='ltr'><em>ὃ</em></span> <span class='ocrx_word' id='word_1_120' title='bbox 2416 1880 2674 1981; x_wconf 80' lang='grc' dir='ltr'>Σωτὴρ</span> <span class='ocrx_word' id='word_1_121' title='bbox 2729 1880 2868 1980; x_wconf 86' lang='grc' dir='ltr'>τὴν</span> <span class='ocrx_word' id='word_1_122' title='bbox 2923 1889 3056 1962; x_wconf 90' lang='grc' dir='ltr'>τοῦ</span> 
     </span>
     <span class='ocr_line' id='line_1_14' title="bbox 648 2003 3055 2113; baseline 0.001 -30"><span class='ocrx_word' id='word_1_123' title='bbox 648 2008 726 2083; x_wconf 93' lang='grc' dir='ltr'>Π</span> <span class='ocrx_word' id='word_1_124' title='bbox 729 2004 1066 2103; x_wconf 83' lang='grc' dir='ltr'>νεύματος</span> <span class='ocrx_word' id='word_1_125' title='bbox 1121 2003 1483 2110; x_wconf 82' lang='grc' dir='ltr'>πρόχυσιν</span> <span class='ocrx_word' id='word_1_126' title='bbox 1506 2005 1704 2113; x_wconf 80' lang='grc' dir='ltr'>ἥξειν</span> <span class='ocrx_word' id='word_1_127' title='bbox 1730 2008 1835 2087; x_wconf 84' lang='grc' dir='ltr'>ἐπ’</span> <span class='ocrx_word' id='word_1_128' title='bbox 1856 2005 2110 2091; x_wconf 81' lang='grc' dir='ltr'>αὐτοῦς</span> <span class='ocrx_word' id='word_1_129' title='bbox 2131 2003 2782 2109; x_wconf 74' lang='grc' dir='ltr'>κατεπηγγέλλετο,</span> <span class='ocrx_word' id='word_1_130' title='bbox 2809 2005 3055 2107; x_wconf 76' lang='grc' dir='ltr'>λέγων</span> 
     </span>
     <span class='ocr_line' id='line_1_15' title="bbox 305 2126 3054 2256; baseline 0 -47"><span class='ocrx_word' id='word_1_131' title='bbox 305 2140 491 2256; x_wconf 48' lang='grc' dir='ltr'>ξξιξτῧ</span> <span class='ocrx_word' id='word_1_132' title='bbox 643 2139 690 2177; x_wconf 83' lang='grc'><strong>“</strong></span> <span class='ocrx_word' id='word_1_133' title='bbox 710 2126 884 2210; x_wconf 88' lang='grc' dir='ltr'>Ἔτι</span> <span class='ocrx_word' id='word_1_134' title='bbox 936 2129 1188 2210; x_wconf 78' lang='grc' dir='ltr'>πολλὰ</span> <span class='ocrx_word' id='word_1_135' title='bbox 1238 2133 1402 2230; x_wconf 83' lang='grc' dir='ltr'>ὑμῖν</span> <span class='ocrx_word' id='word_1_136' title='bbox 1441 2131 1583 2237; x_wconf 80' lang='grc' dir='ltr'>ἔχω</span> <span class='ocrx_word' id='word_1_137' title='bbox 1639 2132 1897 2235; x_wconf 79' lang='grc' dir='ltr'>λέγειν,</span> <span class='ocrx_word' id='word_1_138' title='bbox 1934 2129 2106 2211; x_wconf 87' lang='grc' dir='ltr'>ἀλλ’</span> <span class='ocrx_word' id='word_1_139' title='bbox 2145 2133 2230 2212; x_wconf 81' lang='grc' dir='ltr'>οὗ</span> <span class='ocrx_word' id='word_1_140' title='bbox 2283 2132 2598 2212; x_wconf 83' lang='grc' dir='ltr'>δύνασθε</span> <span class='ocrx_word' id='word_1_141' title='bbox 2651 2131 3054 2234; x_wconf 71' lang='grc' dir='ltr'>βαστάζειν</span> 
     </span>
     <span class='ocr_line' id='line_1_16' title="bbox 313 2242 3143 2361; baseline 0.001 -26"><span class='ocrx_word' id='word_1_142' title='bbox 313 2285 387 2335; x_wconf 82' lang='lat'>¹3-</span> <span class='ocrx_word' id='word_1_143' title='bbox 496 2242 510 2264; x_wconf 64' lang='lat'><strong>⁹</strong></span> <span class='ocrx_word' id='word_1_144' title='bbox 645 2261 691 2300; x_wconf 80' lang='lat'>‘⁶</span> <span class='ocrx_word' id='word_1_145' title='bbox 727 2251 909 2357; x_wconf 74' lang='grc' dir='ltr'>ἄρτι,</span> <span class='ocrx_word' id='word_1_146' title='bbox 949 2252 1121 2333; x_wconf 82' lang='grc' dir='ltr'>ὅταν</span> <span class='ocrx_word' id='word_1_147' title='bbox 1160 2253 1236 2335; x_wconf 80' lang='grc' dir='ltr'>δὲ</span> <span class='ocrx_word' id='word_1_148' title='bbox 1281 2252 1464 2361; x_wconf 83' lang='grc' dir='ltr'>ἐ’λθῃ</span> <span class='ocrx_word' id='word_1_149' title='bbox 1507 2258 1785 2352; x_wconf 81' lang='grc' dir='ltr'>ἐκεῖνος,</span> <span class='ocrx_word' id='word_1_150' title='bbox 1821 2252 1908 2335; x_wconf 78' lang='grc' dir='ltr'>τὸ</span> <span class='ocrx_word' id='word_1_151' title='bbox 1951 2264 2232 2355; x_wconf 89' lang='grc' dir='ltr'>πνεῦμα</span> <span class='ocrx_word' id='word_1_152' title='bbox 2284 2259 2414 2358; x_wconf 87' lang='grc' dir='ltr'>τῆς</span> <span class='ocrx_word' id='word_1_153' title='bbox 2468 2255 2832 2356; x_wconf 84' lang='grc' dir='ltr'>ἀληθείας,</span> <span class='ocrx_word' id='word_1_154' title='bbox 2869 2257 3043 2355; x_wconf 79' lang='grc' dir='ltr'>ὃδη·</span> <span class='ocrx_word' id='word_1_155' title='bbox 3081 2287 3143 2342; x_wconf 83' lang='lat'>¹5</span> 
     </span>
     <span class='ocr_line' id='line_1_17' title="bbox 308 2375 3051 2482; baseline 0.001 -28"><span class='ocrx_word' id='word_1_156' title='bbox 308 2404 389 2454; x_wconf 83' lang='lat' dir='ltr'>Ib.</span> <span class='ocrx_word' id='word_1_157' title='bbox 415 2403 519 2454; x_wconf 72' lang='lat' dir='ltr'>xiv.</span> <span class='ocrx_word' id='word_1_158' title='bbox 647 2386 691 2423; x_wconf 88' lang='lat'>“</span> <span class='ocrx_word' id='word_1_159' title='bbox 726 2375 941 2481; x_wconf 84' lang='grc' dir='ltr'>γήσει</span> <span class='ocrx_word' id='word_1_160' title='bbox 989 2381 1172 2477; x_wconf 84' lang='grc' dir='ltr'>ὑμᾶς</span> <span class='ocrx_word' id='word_1_161' title='bbox 1225 2386 1323 2465; x_wconf 80' lang='grc' dir='ltr'>εἷς</span> <span class='ocrx_word' id='word_1_162' title='bbox 1375 2379 1505 2479; x_wconf 86' lang='grc' dir='ltr'>τὴν</span> <span class='ocrx_word' id='word_1_163' title='bbox 1543 2379 1888 2482; x_wconf 84' lang='grc' dir='ltr'>ἀλήθειαν</span> <span class='ocrx_word' id='word_1_164' title='bbox 1942 2382 2255 2479; x_wconf 83' lang='grc' dir='ltr'>πᾶσαν,”</span> <span class='ocrx_word' id='word_1_165' title='bbox 2295 2383 2411 2460; x_wconf 78' lang='grc' dir='ltr'>καὶ</span> <span class='ocrx_word' id='word_1_166' title='bbox 2455 2379 2682 2460; x_wconf 81' lang='grc' dir='ltr'>πάλιν</span> <span class='ocrx_word' id='word_1_167' title='bbox 2730 2389 2778 2426; x_wconf 79' lang='grc'><strong>“</strong></span> <span class='ocrx_word' id='word_1_168' title='bbox 2817 2380 3051 2480; x_wconf 76' lang='grc' dir='ltr'>Κάγὼ</span> 
     </span>
     <span class='ocr_line' id='line_1_18' title="bbox 314 2471 3054 2608; baseline 0 -27"><span class='ocrx_word' id='word_1_169' title='bbox 314 2471 448 2602; x_wconf 51' lang='grc' dir='ltr'>ιρόὲη</span> <span class='ocrx_word' id='word_1_170' title='bbox 467 2542 547 2598; x_wconf 65' lang='grc' dir='ltr'>Δ,</span> <span class='ocrx_word' id='word_1_171' title='bbox 586 2554 623 2597; x_wconf 60' lang='lat' dir='ltr'><strong>a</strong></span> <span class='ocrx_word' id='word_1_172' title='bbox 648 2511 692 2548; x_wconf 78' lang='lat'>‘⁶</span> <span class='ocrx_word' id='word_1_173' title='bbox 728 2502 1070 2606; x_wconf 82' lang='grc' dir='ltr'>ἐρωτήσω</span> <span class='ocrx_word' id='word_1_174' title='bbox 1163 2502 1290 2584; x_wconf 80' lang='grc' dir='ltr'>τὸν</span> <span class='ocrx_word' id='word_1_175' title='bbox 1368 2504 1684 2608; x_wconf 78' lang='grc' dir='ltr'>Πατέρα,</span> <span class='ocrx_word' id='word_1_176' title='bbox 1760 2506 1877 2585; x_wconf 85' lang='grc' dir='ltr'>καὶ</span> <span class='ocrx_word' id='word_1_177' title='bbox 1971 2502 2209 2584; x_wconf 79' lang='grc' dir='ltr'>ἄλλον</span> <span class='ocrx_word' id='word_1_178' title='bbox 2279 2501 2749 2607; x_wconf 81' lang='grc' dir='ltr'>παράκλητον</span> <span class='ocrx_word' id='word_1_179' title='bbox 2828 2503 3054 2584; x_wconf 80' lang='grc' dir='ltr'>δώσει</span> 
     </span>
     <span class='ocr_line' id='line_1_19' title="bbox 643 2624 3047 2732; baseline 0.001 -26"><span class='ocrx_word' id='word_1_180' title='bbox 643 2637 688 2675; x_wconf 87' lang='grc'><strong>“</strong></span> <span class='ocrx_word' id='word_1_181' title='bbox 725 2624 962 2725; x_wconf 81' lang='grc' dir='ltr'>ὑμῖν.”</span> <span class='ocrx_word' id='word_1_182' title='bbox 1036 2626 1217 2708; x_wconf 81' lang='grc' dir='ltr'>ἴδιον</span> <span class='ocrx_word' id='word_1_183' title='bbox 1253 2627 1397 2729; x_wconf 80' lang='grc' dir='ltr'>γὰρ</span> <span class='ocrx_word' id='word_1_184' title='bbox 1438 2637 1566 2709; x_wconf 93' lang='grc' dir='ltr'>τοῦ</span> <span class='ocrx_word' id='word_1_185' title='bbox 1604 2633 1800 2709; x_wconf 86' lang='grc' dir='ltr'>Θεοῦ</span> <span class='ocrx_word' id='word_1_186' title='bbox 1846 2632 1964 2709; x_wconf 80' lang='grc' dir='ltr'>καὶ</span> <span class='ocrx_word' id='word_1_187' title='bbox 2002 2627 2295 2732; x_wconf 82' lang='grc' dir='ltr'>Πατρὸς</span> <span class='ocrx_word' id='word_1_188' title='bbox 2343 2625 2427 2708; x_wconf 79' lang='grc' dir='ltr'>τὸ</span> <span class='ocrx_word' id='word_1_189' title='bbox 2466 2629 2769 2726; x_wconf 85' lang='grc' dir='ltr'>Πνεῦμά</span> <span class='ocrx_word' id='word_1_190' title='bbox 2819 2630 3047 2725; x_wconf 81' lang='grc' dir='ltr'>ἐστιν,</span> 
     </span>
     <span class='ocr_line' id='line_1_20' title="bbox 645 2749 3051 2858; baseline 0.003 -28"><span class='ocrx_word' id='word_1_191' title='bbox 645 2752 820 2830; x_wconf 89' lang='grc' dir='ltr'>ἀλλ’</span> <span class='ocrx_word' id='word_1_192' title='bbox 877 2749 1079 2831; x_wconf 82' lang='grc' dir='ltr'>οὐδὲν</span> <span class='ocrx_word' id='word_1_193' title='bbox 1133 2751 1350 2852; x_wconf 82' lang='grc' dir='ltr'>ἧττον</span> <span class='ocrx_word' id='word_1_194' title='bbox 1406 2749 1583 2832; x_wconf 82' lang='grc' dir='ltr'>ἴδιόν</span> <span class='ocrx_word' id='word_1_195' title='bbox 1638 2755 1799 2833; x_wconf 86' lang='grc' dir='ltr'>ε’στι</span> <span class='ocrx_word' id='word_1_196' title='bbox 1855 2756 1972 2834; x_wconf 85' lang='grc' dir='ltr'>καὶ</span> <span class='ocrx_word' id='word_1_197' title='bbox 2031 2754 2249 2832; x_wconf 81' lang='grc' dir='ltr'>αὐτοῦ</span> <span class='ocrx_word' id='word_1_198' title='bbox 2306 2760 2434 2832; x_wconf 94' lang='grc' dir='ltr'>τοῦ</span> <span class='ocrx_word' id='word_1_199' title='bbox 2489 2757 2694 2851; x_wconf 82' lang='grc' dir='ltr'>Υὶοῦ,</span> <span class='ocrx_word' id='word_1_200' title='bbox 2758 2754 2898 2858; x_wconf 78' lang='grc' dir='ltr'>οὐχ</span> <span class='ocrx_word' id='word_1_201' title='bbox 2957 2757 3051 2838; x_wconf 80' lang='grc' dir='ltr'>ὥς</span> 
     </span>
     <span class='ocr_line' id='line_1_21' title="bbox 648 2872 3142 2984; baseline 0.001 -30"><span class='ocrx_word' id='word_1_202' title='bbox 648 2875 887 2978; x_wconf 82' lang='grc' dir='ltr'>ἕτερον</span> <span class='ocrx_word' id='word_1_203' title='bbox 939 2879 1056 2955; x_wconf 85' lang='grc' dir='ltr'>καὶ</span> <span class='ocrx_word' id='word_1_204' title='bbox 1112 2875 1373 2978; x_wconf 81' lang='grc' dir='ltr'>ἕτερον,</span> <span class='ocrx_word' id='word_1_205' title='bbox 1410 2872 1456 2975; x_wconf 86' lang='grc' dir='ltr'>ἢ</span> <span class='ocrx_word' id='word_1_206' title='bbox 1504 2883 1864 2978; x_wconf 85' lang='grc' dir='ltr'>μεριστῶς</span> <span class='ocrx_word' id='word_1_207' title='bbox 1918 2879 1994 2957; x_wconf 85' lang='grc' dir='ltr'>ἐν</span> <span class='ocrx_word' id='word_1_208' title='bbox 2029 2875 2337 2984; x_wconf 76' lang='grc' dir='ltr'>ἑκατέρῳ</span> <span class='ocrx_word' id='word_1_209' title='bbox 2395 2874 2782 2975; x_wconf 85' lang='grc' dir='ltr'>νοούμενόν</span> <span class='ocrx_word' id='word_1_210' title='bbox 2815 2911 2897 2958; x_wconf 91' lang='grc' dir='ltr'>τε</span> <span class='ocrx_word' id='word_1_211' title='bbox 2933 2881 3048 2957; x_wconf 76' lang='grc' dir='ltr'>καὶ</span> <span class='ocrx_word' id='word_1_212' title='bbox 3073 2907 3142 2948; x_wconf 82' lang='lat'>²0</span> 
     </span>
     <span class='ocr_line' id='line_1_22' title="bbox 646 2997 3050 3107; baseline 0.001 -29"><span class='ocrx_word' id='word_1_213' title='bbox 646 2997 1066 3103; x_wconf 80' lang='grc' dir='ltr'>ἐνυπάρχον,</span> <span class='ocrx_word' id='word_1_214' title='bbox 1105 3000 1274 3079; x_wconf 87' lang='grc' dir='ltr'>ἀλλ’</span> <span class='ocrx_word' id='word_1_215' title='bbox 1305 2999 1593 3105; x_wconf 83' lang='grc' dir='ltr'>ἐπείπερ</span> <span class='ocrx_word' id='word_1_216' title='bbox 1628 3004 1707 3080; x_wconf 85' lang='grc' dir='ltr'>ἐκ</span> <span class='ocrx_word' id='word_1_217' title='bbox 1740 2999 2031 3105; x_wconf 80' lang='grc' dir='ltr'>Πατρὸς</span> <span class='ocrx_word' id='word_1_218' title='bbox 2068 3004 2185 3080; x_wconf 78' lang='grc' dir='ltr'>καὶ</span> <span class='ocrx_word' id='word_1_219' title='bbox 2222 3002 2298 3081; x_wconf 83' lang='grc' dir='ltr'>ἐν</span> <span class='ocrx_word' id='word_1_220' title='bbox 2328 3005 2563 3105; x_wconf 83' lang='grc' dir='ltr'>Πατρὶ</span> <span class='ocrx_word' id='word_1_221' title='bbox 2599 3000 2784 3080; x_wconf 80' lang='grc' dir='ltr'>κατὰ</span> <span class='ocrx_word' id='word_1_222' title='bbox 2821 3001 3050 3107; x_wconf 79' lang='grc' dir='ltr'>φύσιν</span> 
     </span>
     <span class='ocr_line' id='line_1_23' title="bbox 647 3122 3042 3231; baseline 0.002 -30"><span class='ocrx_word' id='word_1_223' title='bbox 647 3124 848 3203; x_wconf 85' lang='grc' dir='ltr'>ἐστὶν</span> <span class='ocrx_word' id='word_1_224' title='bbox 885 3125 924 3203; x_wconf 83' lang='grc' dir='ltr'>ὁ</span> <span class='ocrx_word' id='word_1_225' title='bbox 962 3122 1159 3220; x_wconf 78' lang='grc' dir='ltr'>Υἱὸς,</span> <span class='ocrx_word' id='word_1_226' title='bbox 1197 3122 1469 3227; x_wconf 79' lang='grc' dir='ltr'>καρπὸς</span> <span class='ocrx_word' id='word_1_227' title='bbox 1525 3123 1868 3231; x_wconf 79' lang='grc' dir='ltr'>ὑπάρχων</span> <span class='ocrx_word' id='word_1_228' title='bbox 1907 3123 2248 3226; x_wconf 80' lang='grc' dir='ltr'>ἀληθινὸς</span> <span class='ocrx_word' id='word_1_229' title='bbox 2302 3127 2430 3224; x_wconf 81' lang='grc' dir='ltr'>τῆς</span> <span class='ocrx_word' id='word_1_230' title='bbox 2485 3124 2735 3208; x_wconf 80' lang='grc' dir='ltr'>οὐσίας</span> <span class='ocrx_word' id='word_1_231' title='bbox 2793 3127 3042 3220; x_wconf 79' lang='grc' dir='ltr'>αὐτοῦ,</span> 
     </span>
     <span class='ocr_line' id='line_1_24' title="bbox 649 3244 3047 3357; baseline 0.001 -31"><span class='ocrx_word' id='word_1_232' title='bbox 649 3246 734 3326; x_wconf 83' lang='grc' dir='ltr'>τὸ</span> <span class='ocrx_word' id='word_1_233' title='bbox 769 3255 898 3328; x_wconf 88' lang='grc' dir='ltr'>τοῦ</span> <span class='ocrx_word' id='word_1_234' title='bbox 936 3246 1229 3352; x_wconf 78' lang='grc' dir='ltr'>Πατρὸς</span> <span class='ocrx_word' id='word_1_235' title='bbox 1266 3247 1444 3329; x_wconf 86' lang='grc' dir='ltr'>ἰ’διον</span> <span class='ocrx_word' id='word_1_236' title='bbox 1484 3254 1788 3349; x_wconf 88' lang='grc' dir='ltr'>Πνεῦμα</span> <span class='ocrx_word' id='word_1_237' title='bbox 1824 3249 2007 3329; x_wconf 78' lang='grc' dir='ltr'>κατὰ</span> <span class='ocrx_word' id='word_1_238' title='bbox 2044 3249 2272 3357; x_wconf 84' lang='grc' dir='ltr'>φύσιν</span> <span class='ocrx_word' id='word_1_239' title='bbox 2308 3244 2673 3350; x_wconf 83' lang='grc' dir='ltr'>ἐπάγεται,</span> <span class='ocrx_word' id='word_1_240' title='bbox 2713 3248 3047 3355; x_wconf 82' lang='grc' dir='ltr'>χεόμενον</span> 
     </span>
     <span class='ocr_line' id='line_1_25' title="bbox 645 3371 3035 3479; baseline 0 -26"><span class='ocrx_word' id='word_1_241' title='bbox 645 3371 776 3470; x_wconf 76' lang='grc' dir='ltr'>μὲν</span> <span class='ocrx_word' id='word_1_242' title='bbox 831 3374 909 3453; x_wconf 84' lang='grc' dir='ltr'>ἐκ</span> <span class='ocrx_word' id='word_1_243' title='bbox 946 3371 1262 3477; x_wconf 78' lang='grc' dir='ltr'>Πατρὸς,</span> <span class='ocrx_word' id='word_1_244' title='bbox 1315 3373 1404 3453; x_wconf 86' lang='grc' dir='ltr'>δι’</span> <span class='ocrx_word' id='word_1_245' title='bbox 1442 3374 1662 3454; x_wconf 79' lang='grc' dir='ltr'>αὐτοῦ</span> <span class='ocrx_word' id='word_1_246' title='bbox 1719 3372 1795 3453; x_wconf 80' lang='grc' dir='ltr'>δὲ</span> <span class='ocrx_word' id='word_1_247' title='bbox 1849 3382 1980 3454; x_wconf 92' lang='grc' dir='ltr'>τοῦ</span> <span class='ocrx_word' id='word_1_248' title='bbox 2015 3380 2196 3455; x_wconf 83' lang='grc' dir='ltr'>Υὶοῦ</span> <span class='ocrx_word' id='word_1_249' title='bbox 2250 3377 2341 3479; x_wconf 85' lang='grc' dir='ltr'>τῇ</span> <span class='ocrx_word' id='word_1_250' title='bbox 2397 3375 2627 3454; x_wconf 87' lang='grc' dir='ltr'>κτίσει</span> <span class='ocrx_word' id='word_1_251' title='bbox 2679 3374 3035 3479; x_wconf 83' lang='grc' dir='ltr'>χορηγού·</span> 
     </span>
     <span class='ocr_line' id='line_1_26' title="bbox 643 3496 3128 3601; baseline 0.002 -25"><span class='ocrx_word' id='word_1_252' title='bbox 643 3533 881 3597; x_wconf 87' lang='grc' dir='ltr'>μενον,</span> <span class='ocrx_word' id='word_1_253' title='bbox 919 3499 1002 3577; x_wconf 81' lang='grc' dir='ltr'>οὐ</span> <span class='ocrx_word' id='word_1_254' title='bbox 1044 3496 1229 3577; x_wconf 90' lang='grc' dir='ltr'>κατά</span> <span class='ocrx_word' id='word_1_255' title='bbox 1263 3531 1426 3577; x_wconf 92' lang='grc' dir='ltr'>τινα</span> <span class='ocrx_word' id='word_1_256' title='bbox 1461 3496 1731 3600; x_wconf 88' lang='grc' dir='ltr'>τρόπον</span> <span class='ocrx_word' id='word_1_257' title='bbox 1766 3497 2280 3596; x_wconf 81' lang='grc' dir='ltr'>διακονικὸν,”</span> <span class='ocrx_word' id='word_1_258' title='bbox 2223 3532 2449 3601; x_wconf 91' lang='grc' dir='ltr'>ηγουν</span> <span class='ocrx_word' id='word_1_259' title='bbox 2494 3496 2623 3578; x_wconf 83' lang='grc' dir='ltr'>τὸν</span> <span class='ocrx_word' id='word_1_260' title='bbox 2657 3499 2733 3578; x_wconf 82' lang='grc' dir='ltr'>ἐν</span> <span class='ocrx_word' id='word_1_261' title='bbox 2773 3500 3034 3601; x_wconf 78' lang='grc' dir='ltr'>ὑπουρ·</span> <span class='ocrx_word' id='word_1_262' title='bbox 3063 3539 3128 3596; x_wconf 84' lang='lat'>25</span> 
     </span>
     <span class='ocr_line' id='line_1_27' title="bbox 643 3619 3032 3730; baseline 0.001 -29"><span class='ocrx_word' id='word_1_263' title='bbox 643 3624 772 3729; x_wconf 79' lang='grc' dir='ltr'>γίᾳ</span> <span class='ocrx_word' id='word_1_264' title='bbox 818 3620 1222 3721; x_wconf 84' lang='grc' dir='ltr'>νοούμενον,</span> <span class='ocrx_word' id='word_1_265' title='bbox 1255 3623 1427 3701; x_wconf 88' lang='grc' dir='ltr'>ἀλλ’</span> <span class='ocrx_word' id='word_1_266' title='bbox 1470 3620 1721 3724; x_wconf 81' lang='grc' dir='ltr'>ὥσπερ</span> <span class='ocrx_word' id='word_1_267' title='bbox 1755 3619 1939 3729; x_wconf 78' lang='grc' dir='ltr'>ἔφην</span> <span class='ocrx_word' id='word_1_268' title='bbox 1976 3623 2256 3725; x_wconf 88' lang='grc' dir='ltr'>ἀρτίως,</span> <span class='ocrx_word' id='word_1_269' title='bbox 2294 3623 2385 3730; x_wconf 83' lang='grc' dir='ltr'>ἐξ</span> <span class='ocrx_word' id='word_1_270' title='bbox 2420 3622 2639 3721; x_wconf 64' lang='lat' dir='ltr'>abu-ijs·</span> <span class='ocrx_word' id='word_1_271' title='bbox 2686 3657 2820 3721; x_wconf 88' lang='grc' dir='ltr'>μεν</span> <span class='ocrx_word' id='word_1_272' title='bbox 2856 3657 3032 3724; x_wconf 87' lang='grc' dir='ltr'>προ·</span> 
     </span>
    </p>

    <p class='ocr_par' dir='ltr' id='par_1_3' title="bbox 579 3745 3118 4228">
     <span class='ocr_line' id='line_1_28' title="bbox 579 3745 3040 3852; baseline -0 -23"><span class='ocrx_word' id='word_1_273' title='bbox 579 3764 623 3829; x_wconf 93' lang='lat' dir='ltr'><strong>b</strong></span> <span class='ocrx_word' id='word_1_274' title='bbox 644 3747 914 3827; x_wconf 76' lang='grc' dir='ltr'>κόπτον</span> <span class='ocrx_word' id='word_1_275' title='bbox 948 3750 1076 3845; x_wconf 85' lang='grc' dir='ltr'>τῆς</span> <span class='ocrx_word' id='word_1_276' title='bbox 1129 3747 1379 3830; x_wconf 85' lang='grc' dir='ltr'>οὐσίας</span> <span class='ocrx_word' id='word_1_277' title='bbox 1433 3755 1563 3827; x_wconf 92' lang='grc' dir='ltr'>τοῦ</span> <span class='ocrx_word' id='word_1_278' title='bbox 1600 3751 1795 3827; x_wconf 86' lang='grc' dir='ltr'>Θεοῦ</span> <span class='ocrx_word' id='word_1_279' title='bbox 1853 3750 1971 3827; x_wconf 80' lang='grc' dir='ltr'>καὶ</span> <span class='ocrx_word' id='word_1_280' title='bbox 2009 3746 2326 3849; x_wconf 82' lang='grc' dir='ltr'>Πατρὸς,</span> <span class='ocrx_word' id='word_1_281' title='bbox 2371 3745 2711 3852; x_wconf 86' lang='grc' dir='ltr'>χεόμενον</span> <span class='ocrx_word' id='word_1_282' title='bbox 2769 3746 2849 3827; x_wconf 82' lang='grc' dir='ltr'>δὲ</span> <span class='ocrx_word' id='word_1_283' title='bbox 2903 3752 3040 3829; x_wconf 84' lang='grc' dir='ltr'>τοῖς</span> 
     </span>
     <span class='ocr_line' id='line_1_29' title="bbox 644 3868 3035 3978; baseline 0 -27"><span class='ocrx_word' id='word_1_284' title='bbox 644 3873 830 3951; x_wconf 86' lang='grc' dir='ltr'>ἑλεῖν</span> <span class='ocrx_word' id='word_1_285' title='bbox 863 3870 1091 3977; x_wconf 82' lang='grc' dir='ltr'>ἀξίοις</span> <span class='ocrx_word' id='word_1_286' title='bbox 1148 3868 1263 3950; x_wconf 88' lang='grc' dir='ltr'>δια</span> <span class='ocrx_word' id='word_1_287' title='bbox 1301 3868 1550 3973; x_wconf 87' lang='grc' dir='ltr'>Λόγου</span> <span class='ocrx_word' id='word_1_288' title='bbox 1604 3879 1734 3951; x_wconf 92' lang='grc' dir='ltr'>τοῦ</span> <span class='ocrx_word' id='word_1_289' title='bbox 1785 3872 2173 3971; x_wconf 85' lang='grc' dir='ltr'>ὄμοουσίου</span> <span class='ocrx_word' id='word_1_290' title='bbox 2221 3874 2337 3951; x_wconf 79' lang='grc' dir='ltr'>καὶ</span> <span class='ocrx_word' id='word_1_291' title='bbox 2392 3871 2481 3978; x_wconf 82' lang='grc' dir='ltr'>ἐξ</span> <span class='ocrx_word' id='word_1_292' title='bbox 2532 3872 2751 3951; x_wconf 80' lang='grc' dir='ltr'>αὐτοῦ</span> <span class='ocrx_word' id='word_1_293' title='bbox 2804 3878 3035 3978; x_wconf 75' lang='grc' dir='ltr'>πεφη·</span> 
     </span>
     <span class='ocr_line' id='line_1_30' title="bbox 644 3991 3033 4100; baseline 0 -26"><span class='ocrx_word' id='word_1_294' title='bbox 644 3991 868 4091; x_wconf 86' lang='grc' dir='ltr'>νότος,</span> <span class='ocrx_word' id='word_1_295' title='bbox 902 3995 1053 4075; x_wconf 75' lang='grc' dir='ltr'>κατ’</span> <span class='ocrx_word' id='word_1_296' title='bbox 1094 3993 1449 4100; x_wconf 80' lang='grc' dir='ltr'>ἕκφαυσιν</span> <span class='ocrx_word' id='word_1_297' title='bbox 1486 3992 1822 4095; x_wconf 86' lang='grc' dir='ltr'>δηλονότι</span> <span class='ocrx_word' id='word_1_298' title='bbox 1857 3994 1991 4094; x_wconf 83' lang='grc' dir='ltr'>τὴν</span> <span class='ocrx_word' id='word_1_299' title='bbox 2034 4002 2131 4079; x_wconf 80' lang='grc' dir='ltr'>εἰς</span> <span class='ocrx_word' id='word_1_300' title='bbox 2182 3993 2268 4075; x_wconf 77' lang='grc' dir='ltr'>τὸ</span> <span class='ocrx_word' id='word_1_301' title='bbox 2319 3991 2495 4075; x_wconf 86' lang='grc' dir='ltr'>εἶναι</span> <span class='ocrx_word' id='word_1_302' title='bbox 2541 3993 2712 4075; x_wconf 84' lang='grc' dir='ltr'>καθ’</span> <span class='ocrx_word' id='word_1_303' title='bbox 2758 3995 3033 4090; x_wconf 84' lang='grc' dir='ltr'>ἑαυτὸν,</span> 
     </span>
     <span class='ocr_line' id='line_1_31' title="bbox 645 4117 3118 4228; baseline -0 -30"><span class='ocrx_word' id='word_1_304' title='bbox 645 4122 763 4199; x_wconf 78' lang='grc' dir='ltr'>καὶ</span> <span class='ocrx_word' id='word_1_305' title='bbox 799 4120 876 4200; x_wconf 84' lang='grc' dir='ltr'>ἐν</span> <span class='ocrx_word' id='word_1_306' title='bbox 911 4119 1104 4228; x_wconf 72' lang='grc' dir='ltr'>αὐτῷ</span> <span class='ocrx_word' id='word_1_307' title='bbox 1146 4118 1482 4219; x_wconf 80' lang='grc' dir='ltr'>μένοντός</span> <span class='ocrx_word' id='word_1_308' title='bbox 1517 4152 1596 4199; x_wconf 86' lang='grc' dir='ltr'>τε</span> <span class='ocrx_word' id='word_1_309' title='bbox 1636 4122 1753 4199; x_wconf 85' lang='grc' dir='ltr'>καὶ</span> <span class='ocrx_word' id='word_1_310' title='bbox 1797 4118 2002 4205; x_wconf 81' lang='grc' dir='ltr'>ὄντος</span> <span class='ocrx_word' id='word_1_311' title='bbox 2038 4120 2167 4218; x_wconf 77' lang='grc' dir='ltr'>ἀεὶ,</span> <span class='ocrx_word' id='word_1_312' title='bbox 2202 4125 2585 4225; x_wconf 81' lang='grc' dir='ltr'>προσεχῶς</span> <span class='ocrx_word' id='word_1_313' title='bbox 2624 4152 2699 4198; x_wconf 91' lang='grc' dir='ltr'>τε</span> <span class='ocrx_word' id='word_1_314' title='bbox 2739 4117 2895 4218; x_wconf 81' lang='grc' dir='ltr'>ἅμα</span> <span class='ocrx_word' id='word_1_315' title='bbox 2926 4121 3034 4199; x_wconf 80' lang='grc' dir='ltr'>καὶ</span> <span class='ocrx_word' id='word_1_316' title='bbox 3057 4155 3118 4212; x_wconf 84' lang='lat'>30</span> 
     </span>
    </p>
   </div>
   <div class='ocr_carea' id='block_1_3' title="bbox 306 1008 549 1143">
    <p class='ocr_par' dir='ltr' id='par_1_4' title="bbox 306 1008 549 1143">
     <span class='ocr_line' id='line_1_32' title="bbox 306 1008 549 1061; baseline -0.009 0"><span class='ocrx_word' id='word_1_317' title='bbox 306 1013 443 1061; x_wconf 63' lang='lat' dir='ltr'>Acta</span> <span class='ocrx_word' id='word_1_318' title='bbox 463 1008 549 1059; x_wconf 90' lang='grc'>88.</span> 
     </span>
     <span class='ocr_line' id='line_1_33' title="bbox 308 1077 530 1143; baseline -0.023 -15"><span class='ocrx_word' id='word_1_319' title='bbox 308 1077 446 1143; x_wconf 80' lang='lat' dir='ltr'>Ap.</span> <span class='ocrx_word' id='word_1_320' title='bbox 433 1093 464 1125; x_wconf 89' lang='grc' dir='ltr'>ι.</span> <span class='ocrx_word' id='word_1_321' title='bbox 482 1090 530 1139; x_wconf 80' lang='lat'>4.</span> 
     </span>
    </p>
   </div>
   <div class='ocr_carea' id='block_1_4' title="bbox 642 4302 3036 4600">
    <p class='ocr_par' dir='ltr' id='par_1_5' title="bbox 642 4302 3036 4586">
     <span class='ocr_line' id='line_1_34' title="bbox 647 4302 3036 4430; baseline 0 -72"><span class='ocrx_word' id='word_1_322' title='bbox 647 4374 697 4428; x_wconf 66' lang='lat' dir='ltr'>A</span> <span class='ocrx_word' id='word_1_323' title='bbox 751 4320 1178 4430; x_wconf 50' lang='lat' dir='ltr'>gSK19A4.</span> <span class='ocrx_word' id='word_1_324' title='bbox 1202 4305 1330 4359; x_wconf 75' lang='lat' dir='ltr'><strong>citat</strong></span> <span class='ocrx_word' id='word_1_325' title='bbox 1352 4322 1410 4376; x_wconf 88' lang='lat' dir='ltr'>p.</span> <span class='ocrx_word' id='word_1_326' title='bbox 1828 4320 1913 4361; x_wconf 81' lang='grc' dir='ltr'>ιο.</span> <span class='ocrx_word' id='word_1_327' title='bbox 1949 4304 2161 4376; x_wconf 78' lang='grc' dir='ltr'>ἡμέραις</span> <span class='ocrx_word' id='word_1_328' title='bbox 2182 4302 2477 4376; x_wconf 70' lang='grc' dir='ltr'>ἐκείναις]’</span> <span class='ocrx_word' id='word_1_329' title='bbox 2448 4305 2698 4376; x_wconf 78' lang='grc' dir='ltr'>εσχάτιιις</span> <span class='ocrx_word' id='word_1_330' title='bbox 2722 4303 2934 4375; x_wconf 76' lang='grc' dir='ltr'>ἡμέραις</span> <span class='ocrx_word' id='word_1_331' title='bbox 2955 4304 3036 4374; x_wconf 80' lang='lat' dir='ltr'>(nt</span> 
     </span>
     <span class='ocr_line' id='line_1_35' title="bbox 646 4374 3034 4517; baseline 0.001 -19"><span class='ocrx_word' id='word_1_332' title='bbox 646 4383 961 4500; x_wconf 56' lang='lat' dir='ltr'><strong>hgctaordine</strong></span> <span class='ocrx_word' id='word_1_333' title='bbox 1037 4374 1147 4500; x_wconf 50' lang='lat' dir='ltr'>‚¹2ss</span> <span class='ocrx_word' id='word_1_334' title='bbox 1157 4377 1244 4500; x_wconf 58' lang='lat' dir='ltr'>Igu)</span> <span class='ocrx_word' id='word_1_335' title='bbox 1270 4394 1336 4499; x_wconf 53' lang='grc' dir='ltr'>1ι’·ιι</span> <span class='ocrx_word' id='word_1_336' title='bbox 1358 4444 1426 4500; x_wconf 83' lang='lat' dir='ltr'>ad</span> <span class='ocrx_word' id='word_1_337' title='bbox 1450 4446 1552 4501; x_wconf 90' lang='lat' dir='ltr'><strong>loc.</strong></span> <span class='ocrx_word' id='word_1_338' title='bbox 1661 4378 2168 4503; x_wconf 52' lang='grc' dir='ltr'>δωῖιὶθῖιρὲψω</span> <span class='ocrx_word' id='word_1_339' title='bbox 2191 4396 2247 4449; x_wconf 72' lang='lat' dir='ltr'>p</span> <span class='ocrx_word' id='word_1_340' title='bbox 2678 4392 2775 4500; x_wconf 43' lang='lat'><strong>¹2⁴⁹.</strong></span> <span class='ocrx_word' id='word_1_341' title='bbox 2797 4376 3034 4517; x_wconf 52' lang='lat' dir='ltr'>mxc:</span> 
     </span>
     <span class='ocr_line' id='line_1_36' title="bbox 642 4464 3027 4600; baseline 0.002 -35"><span class='ocrx_word' id='word_1_342' title='bbox 642 4530 742 4600; x_wconf 83' lang='grc' dir='ltr'>3ο.</span> <span class='ocrx_word' id='word_1_343' title='bbox 769 4514 917 4571; x_wconf 77' lang='grc' dir='ltr'>ὄντος·</span> <span class='ocrx_word' id='word_1_344' title='bbox 940 4515 1004 4568; x_wconf 86' lang='grc' dir='ltr'>Ε.</span> <span class='ocrx_word' id='word_1_345' title='bbox 1012 4515 1068 4569; x_wconf 89' lang='lat' dir='ltr'>F.</span> <span class='ocrx_word' id='word_1_346' title='bbox 1094 4533 1147 4585; x_wconf 90' lang='lat' dir='ltr'>p.</span> <span class='ocrx_word' id='word_1_347' title='bbox 1148 4534 1201 4586; x_wconf 88' lang='lat' dir='ltr'>q.</span> <span class='ocrx_word' id='word_1_348' title='bbox 1231 4465 1333 4569; x_wconf 58' lang='lat' dir='ltr'>Ed.</span> <span class='ocrx_word' id='word_1_349' title='bbox 1358 4533 1471 4586; x_wconf 81' lang='lat' dir='ltr'>mg.</span> <span class='ocrx_word' id='word_1_350' title='bbox 1507 4515 1667 4573; x_wconf 77' lang='grc' dir='ltr'>ὅντως·</span> <span class='ocrx_word' id='word_1_351' title='bbox 1691 4516 1793 4572; x_wconf 84' lang='lat' dir='ltr'>Ed.</span> <span class='ocrx_word' id='word_1_352' title='bbox 1819 4527 1872 4572; x_wconf 81' lang='lat' dir='ltr'>et</span> <span class='ocrx_word' id='word_1_353' title='bbox 1897 4515 2663 4572; x_wconf 77' lang='lat' dir='ltr'><strong>Cod.S.1.am-.F10rentiani</strong></span> <span class='ocrx_word' id='word_1_354' title='bbox 2693 4464 2839 4572; x_wconf 50' lang='lat' dir='ltr'>{plut</span> <span class='ocrx_word' id='word_1_355' title='bbox 2862 4517 2949 4570; x_wconf 87' lang='lat'>60.</span> <span class='ocrx_word' id='word_1_356' title='bbox 2975 4532 3027 4569; x_wconf 82' lang='lat'>11</span> 
     </span>
    </p>
   </div>
   <div class='ocr_carea' id='block_1_5' title="bbox 644 4582 1730 4654">
    <p class='ocr_par' dir='ltr' id='par_1_6' title="bbox 644 4582 1730 4654">
     <span class='ocr_line' id='line_1_37' title="bbox 644 4582 1730 4654; baseline 0.006 -18"><span class='ocrx_word' id='word_1_357' title='bbox 644 4582 862 4653; x_wconf 75' lang='grc' dir='ltr'>χρήσεις</span> <span class='ocrx_word' id='word_1_358' title='bbox 884 4582 951 4638; x_wconf 82' lang='lat' dir='ltr'>de</span> <span class='ocrx_word' id='word_1_359' title='bbox 976 4584 1179 4654; x_wconf 80' lang='lat' dir='ltr'><strong>Spiritu</strong></span> <span class='ocrx_word' id='word_1_360' title='bbox 1204 4585 1404 4641; x_wconf 80' lang='lat' dir='ltr'><strong>Sancto</strong></span> <span class='ocrx_word' id='word_1_361' title='bbox 1427 4587 1730 4641; x_wconf 71' lang='lat' dir='ltr'><strong>continens.</strong></span> 
     </span>
    </p>
   </div>
  </div>
 </body>
</html>
