3238 5158
638 321 770 384 634
1242 321 1324 387 B.
1369 319 1792 387 CYRILLI
1849 318 2434 386 ALEXANDR.
2784 311 3050 389 xvi-14.

640 488 769 585 τῆς
800 485 1082 567 ἐκείνων
1115 486 1433 571 εὐκλείας
1467 485 2105 587 μειονεκτούμενον.
2171 491 2472 566 τοιαῦτα
2514 480 2663 586 γὰρ
2701 479 2814 559 ἐπ’
2857 476 3055 582 αὐτῷ

640 608 1182 717 πεφρονηκότας
1230 608 1629 713 εὑρήσομεν
1678 608 1845 695 τοὺς
1892 615 2041 690 τῶν
2086 609 2456 690 Ἰουδαίων
2501 596 3059 706 καθηγητὰς,οἲ

642 736 772 832 τῆς
825 734 1190 829 εὐσεβείας
1236 735 1367 813 οὐκ
1419 732 1680 818 εἰδότες
1731 731 1818 814 τὸ
1865 731 2285 838 μυστήριον,
2335 727 2620 835 συχνὰς
2674 730 3057 808 ἐποιοῦντο

642 853 772 938 τὰς
844 855 1030 937 κατὰ
1100 864 1231 937 τοῦ
1289 862 1622 959 Χριστοῦ
1693 859 2130 964 δυσφημίας,
2191 859 2308 936 καὶ
2371 861 2522 938 τοῖς
2585 852 2761 954 παρ’
2835 848 3058 928 αὐτοῦ

310 995 445 1050 929
465 993 549 1053 Δ.
584 1008 622 1049 ⁸
645 980 1058 1080 λεγομένοις
1092 979 1226 1081 τὴν
1269 980 1452 1061 ἰδίαν
1498 979 1845 1062 ἀπόνοιαν
1886 979 2424 1087 ἀντεξάγοντες,
2460 974 2640 1058 ποτὲ
2671 973 2814 1074 μὲν
2865 972 3051 1078 ἄρα·
3077 992 3108 1051 5

305 1086 518 1217 ΞΞΡᾚ
644 1136 831 1182 σκον
904 1113 946 1152 “
975 1102 1084 1184 Σὺ
1143 1104 1251 1189 τίς
1322 1100 1436 1202 εἶ;
1519 1103 1868 1208 Ἀβραὰμ
1951 1104 2260 1185 ἀπέθανε
2336 1104 2455 1183 καὶ
2527 1105 2597 1179 οἱ
2673 1099 3056 1204 προφῆται

306 1218 389 1346 {32
408 1231 489 1282 ⁵²
645 1236 691 1273 “
727 1225 1109 1326 ἀπέθανον,
1145 1230 1266 1308 καὶ
1298 1226 1401 1307 σὺ
1433 1228 1668 1332 λέγεις
1715 1227 1899 1308 Ἐάν
1935 1261 2044 1312 τις
2079 1260 2208 1308 τον
2242 1223 2417 1327 ἐμὸν
2451 1220 2688 1325 λόγον
2737 1219 3052 1322 τηρήσῃ,

642 1357 690 1396 “
726 1349 1040 1430 θανατον
1075 1352 1159 1430 οὐ
1211 1350 1313 1451 μὴ
1350 1350 1466 1458 ἴδῃ
1503 1357 1600 1437 εἷς
1634 1385 1763 1432 τον
1818 1357 2065 1431 αἰῶνα·
2140 1350 2301 1430 τίνα
2353 1381 2667 1429 σεαυτον
2699 1349 2983 1427 ποιεῖς·
2962 1404 2986 1438 ,

640 1505 816 1553 ποτε
872 1470 949 1553 δὲ
1005 1473 1231 1555 πάλιν
1282 1473 1417 1575 τὴν
1469 1483 1600 1555 τοῦ
1655 1473 1840 1556 κατὰ
1893 1474 2139 1579 σάρκα
2185 1474 2433 1576 γένους
2487 1469 2883 1566 εὐτέλειαν,
2935 1466 3052 1545 καὶ

304 1586 481 1716 {2¹³2
641 1595 728 1677 τὸ
772 1598 943 1679 λίαν
991 1597 1280 1697 ἄσημον
1331 1599 1410 1678 ἐν
1451 1598 1685 1707 τούτῳ
1733 1596 2317 1700 κατονειδίζοντες
2371 1607 2416 1645 “
2445 1596 2616 1700 Οὐχ
2657 1590 2815 1677 υἱός
2851 1594 3051 1672 ἐστιν
3076 1615 3136 1657 10

644 1732 689 1771 “
723 1719 1010 1827 Ἰωσὴφ
1084 1719 1314 1818 οὗτος,
1384 1719 1470 1800 οὗ
1532 1721 1732 1820 ἡμεῖς
1804 1720 2093 1822 οἴδαμεν
2163 1718 2295 1802 τὸν
2365 1718 2644 1823 πατέρα
2719 1719 2846 1797 καὶ
2918 1712 3050 1813 τὴν

642 1844 1039 1948 “μητέρα·
1017 1904 1039 1941 ,
1105 1851 1262 1930 πῶς
1298 1844 1425 1924 οὖν
1460 1841 1732 1946 λέγει’
1692 1877 1802 1924 οτι
1843 1846 1923 1925 ἐκ
1956 1853 2088 1925 τοῦ
2123 1845 2427 1950 ούρανοῦ
2460 1840 2942 1940 καταβέβηκα
2969 1838 3046 1935 3⁸⁹

643 1969 816 2074 ορᾷς
870 1970 949 2048 ἐν
1001 1968 1281 2092 τούτοις
1330 1968 1743 2049 Ἰουδαϊκῶν
1797 1967 2194 2069 ἀθλιότητα
2247 1971 2687 2070 λογισμῶν·
2665 2025 2690 2062 ,
2773 1967 3046 2043 διακει-

572 2097 618 2163 b
641 2090 874 2192 μένων
928 2090 1056 2170 οὖν
1109 2125 1252 2194 αρα
1294 2097 1442 2171 τῶν
1494 2097 1824 2190 πολλῶν,
1884 2091 2265 2191 οἰηθέντων
2312 2123 2392 2170 τε
2453 2086 2639 2170 κατὰ
2697 2085 3052 2186 ἀλήθειαν

642 2216 771 2294 οὐκ
838 2211 1015 2294 εἶναι
1077 2212 1272 2294 Θεον
1334 2247 1465 2294 τον
1524 2213 1828 2318 Κύρων,
1893 2214 2011 2295 διὰ
2071 2249 2158 2293 το
2230 2214 2569 2317 ἐπίκηρον
2637 2214 2846 2292 τουτὶ
2917 2215 3050 2289 τοῦ
3077 2231 3134 2291 15

639 2337 983 2435 σώματος
1015 2342 1292 2442 σχῆμα,
1329 2339 1449 2417 καὶ
1495 2336 2080 2442 χθαμαλωτάτην
2111 2340 2275 2441 περὶ
2314 2337 2531 2417 αὐτοῦ
2571 2334 2709 2435 τὴν
2751 2331 3044 2432 ὑπόλη-

637 2465 778 2569 ψιν
851 2460 938 2540 οὐ
1009 2460 1589 2540 καταδεισιίντων
1663 2464 1871 2558 ἑλεῖν,
1943 2459 2360 2567 φανοτάτην
2430 2465 2578 2543 τοῖς
2651 2459 2893 2560 ἁγίοις
2965 2454 3050 2535 τὸ

641 2591 941 2683 Πνεῦμα
1001 2581 1136 2684 τὴν
1194 2583 1419 2691 δόξαν
1478 2586 1701 2666 αὐτοῦ
1763 2589 2312 2693 καταφοιτῆσαν
2368 2584 2601 2665 ἐτίθει·
2697 2585 2822 2664 καὶ
2885 2582 3052 2686 οὐχὶ

639 2705 929 2793 πάντως
954 2704 1217 2816 φαμὲν,
1245 2710 1343 2792 ὡς
1378 2707 1469 2809 δὴ
1498 2706 1723 2808 μόνον
1757 2710 2009 2813 λόγοις
2042 2707 2299 2794 αὐτοὺς
2326 2711 2728 2789 ἀναπεῖσαν
2753 2712 3052 2813 σοφοῖς,

638 2829 841 2912 ἀλλὰ
867 2834 986 2911 καὶ
1010 2834 1085 2911 ἐν
1111 2831 1471 2939 ἀποδείξει
1494 2830 1945 2936 πραγμάτων
1968 2830 2102 2934 τὴν
2123 2831 2435 2913 ἑκάστου
2455 2833 3052 2938 πληροφορῆσαν
3075 2862 3132 2902 ²0

578 2989 615 3034 ο
638 2955 982 3052 διάνοιαν,
1026 2953 1136 3035 ὅτι
1183 2958 1299 3035 καὶ
1339 2953 1529 3040 Θεος
1572 2958 1890 3058 ἀληθῶς,
1932 2958 2050 3037 καὶ
2101 2954 2376 3060 καρπός
2410 2958 2571 3036 ἐστι
2617 2958 2746 3055 τῆς
2793 2954 3052 3038 οὐσίας

633 3088 765 3160 τοῦ
808 3085 1003 3160 Θεοῦ
1058 3083 1176 3159 καὶ
1227 3078 1540 3183 Πατρός.
1617 3081 1727 3165 τίς
1781 3081 1909 3160 οὖν
1962 3080 2008 3180 ἡ
2063 3077 2531 3187 ἀπόδειξις,“
2492 3115 2540 3179 η
2573 3085 2732 3163 πῶς
2789 3079 3052 3160 εὖκλεᾶ

635 3237 754 3285 και
807 3204 1202 3308 περίοπτον
1262 3203 1481 3284 ἐποίει
1545 3201 1928 3307 Χριστόν·
1908 3265 1930 3299 ,
2021 3200 2441 3311 παράδοξον
2496 3201 2639 3307 γὰρ
2698 3204 2826 3282 καὶ
2886 3208 3049 3283 θεο-

634 3331 876 3431 πρεπῆ
940 3325 1075 3427 τὴν
1114 3327 1233 3434 ’ἐφ’
1289 3324 1568 3409 ἅπασιν
1623 3326 1980 3431 ἐνέργειαν
2032 3327 2230 3431 ἕχον,
2286 3329 2407 3407 καὶ
2461 3325 2597 3427 τὴν
2642 3332 2798 3406 τῶν
2853 3325 3054 3407 ολων

636 3449 911 3552 εἴδησιν
982 3452 1248 3554 ἀκριβῆ
1328 3457 1478 3536 τοῖς
1551 3450 1781 3554 ἁγίοις
1850 3452 2270 3558 ἐμφυτεῦον,
2342 3452 2539 3558 αὐτῷ
2610 3448 2746 3550 τὴν
2826 3450 3056 3558 δόξω
3077 3480 3132 3536 ²⁵

636 3575 1239 3676 ἐπραγματεύετο.
1305 3574 1685 3656 ἀναθετέον
1720 3572 1865 3679 γὰρ
1899 3572 2085 3681 μόνῃ
2133 3580 2225 3681 τῇ
2272 3579 2422 3655 τῶν
2469 3573 2667 3655 ὅλων
2710 3577 3056 3670 βασιλίδι

639 3694 884 3802 φύσει,
938 3694 1025 3776 τὸ
1082 3696 1324 3778 πάντα
1375 3696 1649 3795 εἰδέναι,
1693 3695 2163 3782 διδάσκοντος
2217 3695 2522 3796 οὐδενὸς,
2569 3700 2691 3778 καὶ
2737 3695 2937 3804 ἔχειν
2984 3702 3054 3779 ἐν

304 3817 441 3946 ξῗῧ·
462 3816 537 3869 iv.
640 3820 1075 3924 ὀφθαλμοῖς,
1138 3818 1380 3923 γυμνά
1451 3854 1529 3901 τε
1602 3823 1721 3901 καὶ
1795 3821 2440 3927 τετραχηλισμένα,
2505 3827 2918 3925 κατορθοῦν
2983 3855 3054 3903 τε

573 3946 618 4013 <l
642 3942 1018 4042 δύνασθαι,
1055 3947 1175 4023 καὶ
1208 3944 1377 4024 λίαν
1411 3945 1743 4042 εὐπετῶς,
1778 3950 1925 4025 πᾶν
1962 3944 2139 4049 ὅπερ
2171 3942 2262 4025 ἂν
2295 3944 2661 4040 βούλοιτο.

754 4064 1060 4175 Δοξάζει
1116 4075 1500 4172 τοιγαροῦν
1548 4101 1679 4149 τον
1712 4065 1976 4149 Υἱὸν
1943 4104 1984 4148 ο
2039 4066 2537 4172 Παράκλητος,
2574 4068 2944 4167 τουτέστι,
2977 4104 3054 4151 το
3071 4096 3123 4154 3³

638 4189 819 4271 ’ίδιον
854 4194 1073 4273 αὐτοῦ
1113 4196 1439 4292 Πνεῦμα,
1484 4190 1728 4273 πάντα
1765 4190 2024 4298 ἰσχύον
2059 4194 2177 4273 καὶ
2211 4191 2451 4273 πάντα
2483 4189 2693 4278 εἶδός.
2775 4193 3052 4302 δοξάζει

717 4488 799 4542 ¹3·
834 4470 1139 4540 ἀθλιότητος
1166 4469 1232 4525 Ε.
1566 4488 1652 4544 ²7·
1690 4472 1750 4527 τὸ
1776 4480 2118 4544 assumptum
2142 4488 2205 4527 ex
2234 4470 2299 4525 Ε.
2663 4488 2840 4546 30—p.
2859 4474 2986 4547 636,
3007 4494 3052 4541 4.

640 4542 807 4597 citant
831 4560 885 4613 q.
912 4541 1123 4596 Veccue
1151 4541 1336 4612 Epigr.
1364 4560 1415 4597 v.
