3238 5158
605 299 738 364 576
1212 299 1294 364 B.
1340 298 1761 365 cYRILm
1819 299 2411 366 ALEXANDR.
2641 320 2756 363 xv.
2793 315 2903 375 12,
2935 313 3031 380 13.

607 462 693 543 τὸ
754 462 1072 544 νεανικὸν
1134 467 1253 546 καὶ
1317 464 1666 572 φιλόθεον
1730 465 2313 571 ἐγχαλκεύοντος,
2380 469 2500 547 καὶ
2561 468 2667 549 εἰς
2731 458 3038 566 ἄμαχόν

609 622 769 667 τινα
810 591 927 669 καὶ
974 589 1568 692 ἀκαταγώνιστον
1615 592 2011 693 ἐγείροντος
2051 591 2458 695 προθυμίαν
2490 593 2590 673 εἰς
2636 587 2727 668 τὸ
2779 583 3038 668 πάντα

610 720 1006 815 κατορθοῦν
1042 715 1453 817 ἐπείγεσθαι
1488 722 1774 819 γοργῶς
1811 715 1901 795 τὰ
1941 718 2134 823 αὐτῷ
2167 716 2702 820 θυμηρέστατα.
2787 719 3038 792 τοιοῦ-

274 822 407 939 ξξζίι
430 820 468 869 ἰ·
550 866 586 908 0
609 869 738 916 τον
791 837 959 938 ἡμῖν
1012 836 1265 920 ἑαυτὸν
1297 838 1654 921 ἐπεδείκνυ
1698 838 1936 943 λέγων
1981 842 2022 919 5
2063 845 2363 924 Παῦλος
2421 849 2464 888 “
2490 839 2708 936 Ἐμοὶ
2745 834 2910 938 γὰρ
2946 835 3036 914 τὸ

280 955 520 1085 &zm
610 969 655 1006 “
690 957 820 1062 ζῆν
869 961 1198 1065 Χριστὸς
1245 964 1363 1044 καὶ
1412 960 1498 1044 τὸ
1555 966 1942 1045 ἀποθανεῖν
1997 964 2303 1069 κε’ρδος,”
2381 966 2498 1052 καὶ
2552 959 2794 1043 πάλιν
2850 971 2898 1008 “
2922 962 3030 1039 ‘H
3055 977 3086 1036 5

609 1095 654 1134 “
691 1084 837 1188 γὰρ
891 1084 1137 1189 ἀγάπη
1192 1094 1320 1167 τοῦ
1375 1092 1707 1191 Χριστοῦ
1763 1087 2049 1193 συνέχει
2101 1087 2287 1188 ἡμᾶς
2342 1088 2720 1190 κρίναντας
2779 1091 3031 1183 τοῦτο,

609 1220 656 1258 “
692 1209 802 1290 ὅτι
843 1209 943 1296 εἷς
986 1210 1164 1314 ὑπὲρ
1204 1210 1497 1293 πάντων
1534 1210 1907 1309 ἀπέθανεν,
1945 1211 2089 1314 ἄρα
2143 1217 2211 1292 οἱ
2264 1208 2529 1295 πάντες
2581 1207 3028 1308 avienum:

270 1331 484 1462 ξξιωὲῶ
608 1339 726 1415 καὶ
760 1334 942 1440 πρὸς
977 1335 1251 1419 τούτοις
1287 1334 1389 1416 ἔτι
1427 1345 1471 1382 “
1493 1336 1628 1420 Τίς
1661 1334 1847 1436 ἡμᾶς
1877 1336 2172 1442 χωρίσει
2206 1332 2353 1417 ἀπὸ
2389 1339 2517 1436 τῆς
2553 1330 2861 1436 ἀγάπης
2895 1342 3028 1414 τοῦ

610 1470 653 1509 “
687 1466 1070 1563 Χριστοῦς
1154 1460 1414 1566 θλίψις
1469 1456 1514 1559 ἢ
1571 1461 2018 1565 στενοχωρία
2071 1459 2119 1562 ἢ
2173 1458 2386 1561 λιμὸς
2440 1458 2485 1561 ἢ
2543 1456 2923 1560 γυμνότης
2977 1456 3024 1559 ἦ

611 1594 656 1632 “
693 1585 1013 1686 κίνδυνος
1048 1581 1093 1685 ἢ
1131 1582 1452 1690 μάχαιρα
1477 1585 1546 1679 ;”
1604 1583 1899 1682 ἀκούεις,
1958 1582 2152 1669 ὅπως
2206 1582 2410 1665 οὐδὲν
2452 1582 2646 1667 ὅλως
2702 1583 2906 1690 ἕξειν
2939 1581 3020 1663 τὸ
3047 1614 3102 1654 10

609 1711 1086 1790 ἀντιστατοῦν
1131 1706 1682 1812 ἐπαγγέλλεται,
1719 1706 1946 1810 ἤγουν
1991 1705 2394 1809 διακόπτειν
2441 1705 2705 1814 ἰσχύον
2739 1712 2884 1826 τῆς
2925 1715 3022 1793 εἷς

271 1830 507 1960 ‚fg-¹¹1¹?
608 1831 939 1935 Χριστὸν
974 1830 1264 1935 ἀγάπης
1306 1831 1608 1927 αὑτούςς
1666 1837 1727 1913 εἰ
1764 1830 1842 1913 δὲ
1875 1830 1961 1912 τὸ
1996 1833 2393 1932 ποιμαίνειν
2427 1830 2521 1913 τὰ
2553 1831 2870 1930 ποίμνια
2905 1835 3018 1913 καὶ

276 1961 353 2012 ¹⁶·
540 1981 585 2046 d
606 1953 690 2034 τὸ
727 1956 1023 2050 βόσκειν
1059 1955 1153 2037 τὰ
1206 1957 1415 2059 ἀρνία
1469 1965 1597 2038 τοῦ
1634 1963 1987 2060 Χριστοῦ,
2025 1965 2238 2038 τοῦτο
2286 1956 2375 2037 ἀν
2411 1956 2519 2057 εἴη
2571 1953 2659 2035 τὸ
2716 1957 3018 2059 ἀγαπῶν

605 2078 846 2158 αὐτόν·
925 2086 1079 2165 πῶς
1118 2082 1244 2161 οὐκ
1280 2078 1490 2162 ’ἔσται
1526 2081 2091 2183 προδηλότατον,
2129 2080 2239 2161 ὅτι
2275 2084 2392 2163 καὶ
2429 2078 2746 2162 θανάτου
2785 2083 3018 2184 κρείτ-

605 2238 752 2284 των
786 2202 1046 2304 ἕσεται,
1084 2208 1296 2312 φησὶ,
1334 2211 1673 2309 διωγμῶν
1715 2239 1794 2286 τε
1848 2209 1966 2286 καὶ
2022 2207 2378 2312 μαχαίρας
2433 2204 2766 2305 ἀμείνων,
2828 2207 3008 2285 ἀλο-
3039 2239 3094 2298 15

604 2326 820 2431 γήσει
855 2327 935 2409 δὲ
964 2336 1338 2415 παντελῶς
1373 2333 1489 2410 καὶ
1534 2330 2018 2436 στενοχωρίας
2056 2330 2096 2409 5
2133 2329 2261 2410 τὸν
2296 2327 2655 2433 σωτήριον
2691 2336 2853 2414 τοῖς
2892 2331 3019 2410 οὐκ

606 2450 835 2532 εἰδόσι
872 2452 1062 2534 Θεὸν
1118 2452 1601 2559 διακηρύττων
1639 2451 1867 2557 λόγον
1895 2486 1918 2553 3
1983 2459 2041 2535 εἰ
2079 2453 2154 2535 δὲ
2196 2453 2284 2555 δὴ
2317 2452 2680 2558 προσήκοι
2723 2453 2854 2534 διὰ
2890 2453 3019 2554 τὴν

607 2586 737 2658 τοῦ
794 2576 1146 2681 νοήματος
1197 2577 1637 2687 συστροφὴν
1690 2574 1818 2660 τᾶν
1871 2585 2000 2660 τοῦ
2056 2584 2389 2685 Σωτῆρος
2444 2576 3016 2681 συνενεγκόντας

609 2701 858 2806 λόγον,
887 2702 1597 2811 κεφαλαιωδέστερον
1635 2709 1849 2784 εἰπεῖν
1884 2701 1925 2785 ὃ
1959 2704 2301 2800 βούλεται
2335 2708 2514 2808 δρᾶν
2549 2699 2720 2789 τοὺς
2755 2703 3016 2785 ἑαυτοῦ

609 2826 959 2928 μαθητάς·
1023 2824 1457 2909 ἀοκνότατόν
1493 2862 1568 2908 τε
1607 2831 1725 2908 καὶ
1767 2826 2036 2913 παντὸς
2063 2828 2205 2937 ἔξω
2229 2829 2552 2929 δείματος
2588 2825 2722 2906 τὸν
2758 2833 3016 2908 οἰκεῖον
3036 2854 3092 2896 ²0

611 2952 1091 3056 διασώζοντας
1148 2959 1336 3051 νοῦν,
1385 2950 1513 3032 τὸν
1566 2955 1697 3052 τῆς
1752 2955 1847 3037 εἰς
1904 2950 2120 3033 αὐτὸν
2174 2952 2485 3037 πίστεως
2542 2956 3016 3055 ἰερουργῆσαι

551 3109 587 3153 e
613 3075 878 3157 κελεύει
933 3074 1178 3180 λόγον,
1217 3078 1333 3158 καὶ
1389 3082 1537 3160 τοῖς
1580 3074 1720 3155 ἀνὰ
1759 3082 2012 3157 πᾶσαν
2064 3073 2196 3177 τὴν
2238 3073 2644 3176 οἰκουμένην
2699 3076 3018 3182 ἐμφανὲς

612 3203 1068 3300 καταστῆσαι
1125 3198 1210 3280 τὸ
1268 3195 1713 3303 εὐαγγέλιον.
1777 3198 1951 3280 αὐτὸ
2006 3198 2082 3280 δὲ
2135 3208 2349 3280 τοῦτο
2404 3206 2520 3280 καὶ
2580 3197 2701 3279 διὰ
2764 3204 3017 3304 φωνῆς

273 3345 362 3397 Es.
380 3347 448 3399 xl.
465 3363 514 3414 9.
609 3323 928 3405 Ἡσαΐου
974 3325 1224 3432 φησίν·
1287 3334 1330 3372 “
1350 3322 1514 3404 Ἐπ’
1554 3321 1720 3428 ὅρος
1756 3323 2050 3430 ὑψηλὸν
2085 3321 2394 3425 ἀνάβηθι
2449 3325 2489 3403 5
2545 3322 3012 3427 εὖαγγελιῷ·

613 3457 656 3495 “
691 3481 900 3546 μενος
939 3446 1150 3549 Σιὼν,
1189 3450 1499 3554 ὕψωσον
1535 3453 1627 3553 τῇ
1673 3447 1881 3555 ἰσχύϊ
1917 3445 2049 3549 τὴν
2084 3444 2332 3556 φωνήν
2368 3480 2510 3527 σου
2544 3447 2586 3526 5
2622 3449 3011 3551 εὖαγγελι-
3035 3474 3090 3530 ¹⁵

611 3580 655 3629 ‘-‘
695 3568 979 3672 ζὸμενος
1038 3570 1547 3676 Ἰερουσαλήμ·
1643 3571 2021 3677 ἰσχύσατε,
2078 3572 2179 3672 μὴ
2255 3568 2674 3680 φοβεῖσθε.”
2775 3570 2821 3653 ὃ
2903 3575 3016 3654 καὶ

611 3691 963 3774 δύνασθαι
1008 3695 1462 3803 ἐξαιτοῦντας
1515 3694 1717 3799 παρὰ
1772 3701 1964 3776 Θεοῦ
2021 3701 2417 3801 κατορθοῦν
2471 3696 2557 3775 δι’
2597 3695 3018 3777 emman-d-

610 3853 739 3919 της
780 3823 1194 3925 προσευχῆς
1243 3822 1360 3899 καὶ
1397 3816 1650 3903 αὐτοὺς
1707 3819 2104 3925 εὑρήσομεν
2138 3817 2303 3905 τοὺς
2359 3819 2604 3922 ἀγίους
2657 3821 3014 3921 μαθητὰς,

267 3952 514 4084 2232}ss-
610 3940 727 4023 ὅτε
777 3947 905 4043 τῆς
950 3942 1315 4024 Ἰουδαίων
1375 3952 1937 4049 κατηγοροῦντες
1990 3946 2330 4030 ἀπονοίας
2385 3943 2713 4050 ἔφασκον
2789 3955 2840 3992 “
2872 3948 3012 4026 Καὶ

273 4055 376 4151 ’39Ῐ
453 4056 467 4069 ’
611 4078 654 4116 “
689 4066 782 4148 τὰ
818 4074 965 4167 νῦν,
1008 4068 1251 4174 Κύριε,
1289 4067 1479 4149 ἔπιδε
1515 4070 1632 4148 ἐπὶ
1676 4065 1808 4153 τὰς
1861 4067 2161 4154 ἀπειλὰς
2216 4069 2471 4169 αὐτῶν,
2509 4071 2627 4148 καὶ
2682 4067 2810 4153 δὸς
2868 4077 3011 4155 τοῖς
3028 4097 3080 4157 30

612 4203 656 4242 ‘⁴
685 4192 969 4278 δούλοις
1042 4227 1183 4274 σου
1253 4190 1432 4292 μετὰ
1502 4192 1912 4297 παῤῥησίας
1988 4199 2241 4273 λαλεῖν
2302 4188 2431 4272 τὸν
2503 4189 2731 4293 λόγον
2794 4193 3009 4274 σου.”

277 4335 411 4392 888
429 4334 512 4392 A.
549 4350 587 4392 a
612 4316 1200 4424 ὁμολογουμένως
1233 4313 1364 4416 μὲν
1405 4313 1548 4420 γὰρ
1585 4320 1735 4400 τοῖς
1783 4320 2236 4421 ἰερουργοῦσι
2290 4312 2375 4397 τὸ
2428 4313 2852 4419 εὐαγγέλιον
2885 4325 3010 4400 τοῦ

844 4576 863 4605 =
1139 4575 1226 4630 29.
1262 4555 1505 4614 ἆπονοίας
1526 4559 1926 4629 κατηγοροῦντες
1948 4559 2160 4616 inverso
2185 4557 2369 4615 ordine
2393 4558 2460 4614 E.
