3238 5158
2624 528 2661 569 a
2710 513 2843 570 842
2859 511 2941 569 A.

1072 1010 1556 1086 ΚΕΦΑΛΗ
1641 1011 1733 1088 Α.

195 1274 340 1341 Ὀτι
384 1272 513 1340 κατ’
555 1274 729 1339 οὐδὲν
772 1273 1040 1340 ἐλάττων
1084 1275 1251 1341 ἐστὶν
1294 1277 1329 1341 δ
1371 1275 1518 1344 ’Υἱὸς
1560 1283 1665 1343 τοῦ
1710 1280 1874 1341 Θεοῦ
1919 1274 2016 1340 καὶ
2060 1273 2319 1357 Πατρὸς,
2364 1275 2494 1343 ἴσος
2538 1270 2604 1337 δὲ

775 1400 1014 1476 μᾶλλον
1058 1397 1154 1461 καὶ
1197 1398 1398 1477 ὅμοιος
1442 1399 1590 1462 κατὰ
1632 1384 1819 1481 φύσιν
1861 1397 2035 1483 αὐτῷ.

250 1640 324 1711 Εἰ
376 1645 667 1720 ιἰΓαπᾶτὲ
719 1667 820 1726 με,
870 1644 1149 1735 ἐχάρητε
1201 1641 1282 1710 ἂν
1337 1645 1438 1711 ὅτι
1490 1644 1856 1735 πορεύομαι
1907 1644 2073 1734 πρὸς
2125 1643 2238 1711 τὸν
2291 1644 2575 1734 Πατέρα,

142 1770 186 1833 5
730 1772 831 1838 ὅτι
885 1771 923 1839 ὁ
972 1770 1199 1863 Πατήρ
1252 1792 1376 1847 μου
1429 1768 1661 1860 μείζων
1714 1792 1838 1848 μου
1891 1769 2089 1840 ἐστίν.

312 1971 1232 2053 ἈΝΤῙΠΕΡῙΤΡΕΠΕῙ
1261 1974 1391 2071 τῆς
1428 1970 1664 2126 λύπης
1699 1970 1832 2071 τὴν
1865 1969 2206 2077 ἀφορμὴν
2240 1974 2338 2055 εἷς
2382 1975 2675 2071 θυμη-Ι)

213 2097 368 2183 δίας
432 2096 799 2194 ὑπόθεσιν,
864 2098 981 2176 καὶ
1053 2094 1164 2176 ὅτι
1235 2092 1336 2196 μὴ
1409 2097 1744 2200 χαίρουσι
1816 2101 2105 2247 μᾶλλον
2168 2096 2281 2201 ἐφ’
2349 2090 2408 2202 ᾧ
2481 2102 2610 2174 νῦν

194 2219 711 2329 -ἀσχάλλουσι,
785 2225 1225 2300 καταιτιᾶται
1296 2225 1584 2325 σαφῶς·
1678 2223 1755 2300 ἐν
1825 2222 2062 2329 ταύτῷ
2135 2219 2215 2299 δὲ
2285 2226 2611 2323 πειρᾶται

215 2346 598 2445 διδάσκειν,
674 2344 785 2426 ὅτι
854 2379 1024 2429 τους
1096 2343 1594 2444 ἀκαπήλευτόν
1658 2379 1737 2426 τε
1812 2348 1930 2425 καὶ
2004 2348 2243 2446 ἀληθῆ
2318 2342 2453 2443 τὴν
2514 2349 2614 2428 εἰς

105 2506 189 2548 ιο
213 2471 490 2575 ἑτέρους
563 2467 855 2574 ἀγάπην
927 2469 1462 2569 ἐπιτηδεύοντας
1536 2468 1766 2573 ζητεῖν
1837 2472 2226 2572 ἀναγκαῖον
2292 2469 2452 2575 οὐχὶ
2525 2467 2616 2567 δὴ

213 2595 503 2679 πάντως
566 2593 791 2696 μόνον
843 2593 928 2675 τὸ
987 2596 1259 2700 σφίσιν
1312 2596 1549 2679 αὐτοῖς
1606 2593 1741 2695 ἡδύ
1799 2629 1876 2675 τε
1936 2597 2053 2675 καὶ
2115 2594 2360 2702 φίλον,
2415 2592 2619 2673 ἀλλὰ

217 2724 337 2801 καὶ
401 2726 553 2805 τοῖς
624 2718 1116 2824 ἀγαπωμένοις
1177 2716 1575 2816 λυσιτελὲς,
1642 2726 1888 2822 καιροῦ
1960 2720 2078 2798 καὶ
2151 2725 2365 2798 τοῦτο
2439 2722 2619 2820 δρᾶν

219 2845 747 2929 ἀναπείθοντος.
827 2841 945 2925 διὰ
995 2851 1209 2924 τοῦτο
1264 2845 1380 2924 καὶ
1437 2845 1477 2924 ὀ
1531 2848 1829 2927 Παῦλος
1881 2843 2337 2924 ἐπιστέλλων
2383 2844 2617 2949 φησίν

220 2979 266 3017 “
301 2969 405 3048 H
444 2965 691 3070 ἀγάπη
739 2969 825 3048 οὐ
871 2967 1395 3072 περπερεύεται,
1431 2969 1515 3048 οὐ
1564 2975 1975 3073 φυσιοῦται,
2010 2968 2138 3048 οὐκ
2186 2969 2608 3072 ἀσχημονεῖ,
2701 2953 2881 3087 ἑὲἓ
2901 3033 2947 3086 ⁵·

113 3101 268 3183 15“
301 3093 386 3173 οὐ
441 3092 636 3197 ζητεῖ
678 3091 772 3174 τά
826 3094 1122 3192 ἑαυτῆς·’
1125 3091 1397 3196 ’λέγει
1446 3091 1525 3172 δὲ
1571 3092 1754 3193 πρός
1800 3127 1997 3177 τινας
2044 3090 2146 3193 μὴ
2199 3089 2291 3172 τά
2343 3093 2614 3172 ἑαυτῶν
2638 3132 2675 3178 0
2706 3129 2786 3185 1b,
2802 3148 2853 3182 χ,
2874 3145 2952 3196 ²4·

220 3217 611 3322 ζητοῦντες,
676 3216 880 3297 ἀλλὰ
941 3221 1061 3298 καὶ
1121 3216 1215 3300 τά
1278 3216 1557 3322 ἑτέρων.
1637 3217 1941 3319 ἀγάπης
2003 3215 2149 3320 γὰρ
2213 3217 2425 3320 ἔργον
2487 3219 2614 3316 τῆς

222 3346 580 3447 ἀκριβοῦς,
618 3344 779 3448 οὐχὶ
827 3340 1058 3442 δήπου
1103 3341 1392 3427 πάντως
1445 3376 1531 3423 το
1585 3339 1809 3441 μόνον
1856 3343 2040 3442 ἡμᾶς
2098 3348 2426 3444 προνοεῖν
2472 3347 2618 3421 τῶν

224 3468 420 3548 ἰδίων
478 3472 793 3571 ἀγαθῶν,
854 3466 1057 3548 ἀλλά
1124 3470 1242 3548 καὶ
1306 3474 1410 3576 τῷ
1471 3467 1796 3567 πλησίον
1851 3471 2459 3571 περισκέπτεσθαι
2533 3466 2618 3548 τὸ

223 3591 609 3696 χρήσιμον·
683 3600 896 3672 τοῦτο
938 3590 1083 3696 γὰρ
1127 3598 1419 3699 φρονεῖν
1455 3592 1818 3672 ἀναπείθει
1865 3627 2030 3708 τους
2076 3593 2328 3673 ἑαυτοῦ
2375 3597 2610 3692 μαθη-

116 3758 199 3799 20
224 3716 354 3801 τὰς
403 3715 523 3797 διὰ
565 3723 713 3797 τῶν
746 3716 1229 3821 προκειμένων
1264 3719 1305 3797 ὁ
1356 3714 1639 3820 Σωτήρ.
1721 3721 1836 3797 καὶ
1888 3717 2058 3825 φέρε
2107 3716 2194 3818 δὴ
2241 3716 2466 3799 πάλιν
2502 3717 2615 3868 ἐφ

225 3842 392 3941 ἡμῖν
433 3843 672 3927 αὐτοῖς
725 3839 1047 3944 καθάπερ
1096 3843 1215 3923 ἐπὶ
1268 3843 1530 3940 πίνακι,
1569 3845 2021 3945 λεπτοτέροις
2070 3843 2439 3949 γραφείοις
2485 3838 2620 3940 τὴν

224 3976 356 4048 τοῦ
429 3966 883 4071 θεωρήματος
953 3968 1474 4051 ἀνατυποῦντες
1548 3968 1867 4067 δύναμιν,
1934 3968 2433 4067 ἀναβαίνωμεν
2498 3970 2613 4047 ἐν·

223 4097 470 4173 τεῦθεν
514 4093 628 4173 ἐπὶ
683 4090 768 4172 τὸ
819 4097 1151 4196 Χριστοῦ
1203 4090 1621 4194 μυστήριον.
1693 4091 2032 4199 προξενεῖ
2070 4090 2215 4195 γὰρ
2258 4090 2620 4176 πολλάκις

225 4218 268 4297 ὃ
323 4219 400 4296 ἐν
446 4224 595 4302 τοῖς
649 4215 992 4298 ἐλάττοσι
1047 4215 1267 4301 τύπος
1323 4215 1407 4298 τὸ
1461 4217 1838 4325 ἐφικέσθαι
1893 4218 2248 4299 δύνασθαι
2303 4220 2420 4299 καὶ
2472 4223 2617 4298 τῶν
2642 4237 2685 4300 d

121 4364 198 4424 25
224 4342 683 4456 ἀσυγκρίτως
749 4340 934 4447 ἔχειν
1003 4343 1607 4443 πεπιστευμένων.
1711 4344 1966 4423 οὐκοῦν
2034 4343 2165 4443 ἡδὺ
2234 4342 2388 4444 μὲν,
2451 4341 2620 4450 φέρε

518 4563 618 4619 1⁶3
641 4565 750 4603 om.
778 4547 843 4604 E.
1181 4550 1230 4604 8.
1272 4552 1457 4622 σοφῶς
1482 4549 1623 4606 Catt.
1967 4564 2048 4620 17·
2082 4552 2251 4618 μόνων
2277 4548 2340 4602 Ε.

313 4648 457 4696 von.
490 4650 565 4695 11.
1378 4655 1416 4720 3
1450 4655 1491 4697 υ
