<?xml version="1.0" encoding="UTF-8"?>
<!DOCTYPE html PUBLIC "-//W3C//DTD XHTML 1.0 Transitional//EN"
    "http://www.w3.org/TR/xhtml1/DTD/xhtml1-transitional.dtd">
<html xmlns="http://www.w3.org/1999/xhtml" xml:lang="en" lang="en">
 <head>
  <title>
</title>
<meta http-equiv="Content-Type" content="text/html;charset=utf-8" />
  <meta name='ocr-system' content='tesseract 3.04.00' />
  <meta name='ocr-capabilities' content='ocr_page ocr_carea ocr_par ocr_line ocrx_word'/>
</head>
<body>
  <div class='ocr_page' id='page_1' title='image "./sanctipatrisnos03pusegoog_0231.png"; bbox 0 0 3238 5158; ppageno 0'>
   <div class='ocr_carea' id='block_1_1' title="bbox 250 340 2660 407">
    <p class='ocr_par' dir='ltr' id='par_1_1' title="bbox 250 340 2660 407">
     <span class='ocr_line' id='line_1_1' title="bbox 250 340 2660 407; baseline 0.001 -6"><span class='ocrx_word' id='word_1_1' title='bbox 250 355 312 400; x_wconf 87' lang='lat' dir='ltr'>x.</span> <span class='ocrx_word' id='word_1_2' title='bbox 345 358 446 403; x_wconf 91' lang='lat'>10.</span> <span class='ocrx_word' id='word_1_3' title='bbox 697 340 811 405; x_wconf 94' lang='lat' dir='ltr'>IN</span> <span class='ocrx_word' id='word_1_4' title='bbox 872 340 943 406; x_wconf 83' lang='lat' dir='ltr'>S.</span> <span class='ocrx_word' id='word_1_5' title='bbox 990 340 1505 407; x_wconf 81' lang='lat' dir='ltr'><strong>JOANNEM.</strong></span> <span class='ocrx_word' id='word_1_6' title='bbox 1596 341 1792 407; x_wconf 84' lang='lat' dir='ltr'><strong>LIB.</strong></span> <span class='ocrx_word' id='word_1_7' title='bbox 1823 341 1944 406; x_wconf 90' lang='lat' dir='ltr'>VI.</span> <span class='ocrx_word' id='word_1_8' title='bbox 2036 342 2242 407; x_wconf 87' lang='lat' dir='ltr'>CAP.</span> <span class='ocrx_word' id='word_1_9' title='bbox 2288 341 2346 405; x_wconf 92' lang='grc' dir='ltr'><strong>Ι.</strong></span> <span class='ocrx_word' id='word_1_10' title='bbox 2529 341 2660 405; x_wconf 81' lang='lat'>219</span> 
     </span>
    </p>
   </div>
   <div class='ocr_carea' id='block_1_2' title="bbox 153 500 3003 2591">
    <p class='ocr_par' dir='ltr' id='par_1_2' title="bbox 251 500 2663 981">
     <span class='ocr_line' id='line_1_2' title="bbox 251 500 2660 613; baseline 0.001 -32"><span class='ocrx_word' id='word_1_11' title='bbox 251 500 395 607; x_wconf 80' lang='grc' dir='ltr'>γὰρ</span> <span class='ocrx_word' id='word_1_12' title='bbox 444 503 756 599; x_wconf 72' lang='grc' dir='ltr'>κλέπτης</span> <span class='ocrx_word' id='word_1_13' title='bbox 807 505 1097 609; x_wconf 75' lang='grc' dir='ltr'>ἔρχεται,</span> <span class='ocrx_word' id='word_1_14' title='bbox 1140 508 1393 612; x_wconf 76' lang='grc' dir='ltr'>φησὶν,</span> <span class='ocrx_word' id='word_1_15' title='bbox 1439 507 1554 587; x_wconf 79' lang='grc' dir='ltr'>ἐπὶ</span> <span class='ocrx_word' id='word_1_16' title='bbox 1611 505 1809 613; x_wconf 84' lang='grc' dir='ltr'>λύμῃ</span> <span class='ocrx_word' id='word_1_17' title='bbox 1865 505 2312 609; x_wconf 77' lang='grc' dir='ltr'>θρεμμάτων,</span> <span class='ocrx_word' id='word_1_18' title='bbox 2349 508 2476 603; x_wconf 84' lang='grc' dir='ltr'>τῆς</span> <span class='ocrx_word' id='word_1_19' title='bbox 2531 511 2660 583; x_wconf 93' lang='grc' dir='ltr'>τοῦ</span> 
     </span>
     <span class='ocr_line' id='line_1_3' title="bbox 253 625 2651 738; baseline 0 -32"><span class='ocrx_word' id='word_1_20' title='bbox 253 627 633 732; x_wconf 81' lang='grc' dir='ltr'>λῃστεύειν</span> <span class='ocrx_word' id='word_1_21' title='bbox 680 630 1053 727; x_wconf 79' lang='grc' dir='ltr'>ἐπιθυμίας·</span> <span class='ocrx_word' id='word_1_22' title='bbox 1107 629 1376 730; x_wconf 86' lang='grc' dir='ltr'>ταύτην</span> <span class='ocrx_word' id='word_1_23' title='bbox 1421 630 1729 736; x_wconf 82' lang='grc' dir='ltr'>ἐχούσης</span> <span class='ocrx_word' id='word_1_24' title='bbox 1784 625 2307 735; x_wconf 76' lang='grc' dir='ltr'>ἀναμφιλόγως</span> <span class='ocrx_word' id='word_1_25' title='bbox 2354 629 2487 738; x_wconf 75' lang='grc' dir='ltr'>τὴν</span> <span class='ocrx_word' id='word_1_26' title='bbox 2535 630 2651 707; x_wconf 80' lang='grc' dir='ltr'>ἐκ·</span> 
     </span>
     <span class='ocr_line' id='line_1_4' title="bbox 253 750 2661 858; baseline -0 -27"><span class='ocrx_word' id='word_1_27' title='bbox 253 757 510 845; x_wconf 90' lang='grc' dir='ltr'>βασιν·</span> <span class='ocrx_word' id='word_1_28' title='bbox 578 755 619 833; x_wconf 90' lang='lat'><em>5</em></span> <span class='ocrx_word' id='word_1_29' title='bbox 678 752 753 833; x_wconf 74' lang='grc' dir='ltr'>δὲ</span> <span class='ocrx_word' id='word_1_30' title='bbox 807 754 1080 856; x_wconf 82' lang='grc' dir='ltr'>ἀγαθὸς</span> <span class='ocrx_word' id='word_1_31' title='bbox 1135 753 1359 839; x_wconf 79' lang='grc' dir='ltr'>ὅντως</span> <span class='ocrx_word' id='word_1_32' title='bbox 1408 753 1679 855; x_wconf 86' lang='grc' dir='ltr'>ποιμὴν</span> <span class='ocrx_word' id='word_1_33' title='bbox 1722 756 1828 835; x_wconf 84' lang='grc' dir='ltr'>ἐπ’</span> <span class='ocrx_word' id='word_1_34' title='bbox 1870 755 2100 835; x_wconf 80' lang='grc' dir='ltr'>οὐδενὶ</span> <span class='ocrx_word' id='word_1_35' title='bbox 2150 752 2282 852; x_wconf 76' lang='grc' dir='ltr'>μὲν</span> <span class='ocrx_word' id='word_1_36' title='bbox 2326 750 2661 858; x_wconf 82' lang='grc' dir='ltr'>ἀφίξεται</span> 
     </span>
     <span class='ocr_line' id='line_1_5' title="bbox 254 873 2663 981; baseline 0 -27"><span class='ocrx_word' id='word_1_37' title='bbox 254 881 403 954; x_wconf 75' lang='grc' dir='ltr'>τῶν</span> <span class='ocrx_word' id='word_1_38' title='bbox 457 879 706 956; x_wconf 79' lang='grc' dir='ltr'>δεινῶν</span> <span class='ocrx_word' id='word_1_39' title='bbox 761 881 858 961; x_wconf 89' lang='grc' dir='ltr'>εἰς</span> <span class='ocrx_word' id='word_1_40' title='bbox 912 877 1044 977; x_wconf 84' lang='grc' dir='ltr'>τὴν</span> <span class='ocrx_word' id='word_1_41' title='bbox 1097 885 1244 958; x_wconf 80' lang='grc' dir='ltr'>τῶν</span> <span class='ocrx_word' id='word_1_42' title='bbox 1297 877 1690 981; x_wconf 80' lang='grc' dir='ltr'>προβάτων</span> <span class='ocrx_word' id='word_1_43' title='bbox 1744 875 1997 978; x_wconf 80' lang='grc' dir='ltr'>αὐλὴν,</span> <span class='ocrx_word' id='word_1_44' title='bbox 2044 875 2531 977; x_wconf 80' lang='grc' dir='ltr'>κατορθώσων</span> <span class='ocrx_word' id='word_1_45' title='bbox 2586 873 2663 955; x_wconf 78' lang='grc' dir='ltr'>δὲ</span> 
     </span>
    </p>

    <p class='ocr_par' dir='ltr' id='par_1_3' title="bbox 188 997 2664 1346">
     <span class='ocr_line' id='line_1_6' title="bbox 188 997 2664 1105; baseline 0.002 -28"><span class='ocrx_word' id='word_1_46' title='bbox 188 1015 226 1076; x_wconf 86' lang='grc'><strong>5</strong></span> <span class='ocrx_word' id='word_1_47' title='bbox 254 1005 552 1097; x_wconf 79' lang='grc' dir='ltr'>μᾶλλον</span> <span class='ocrx_word' id='word_1_48' title='bbox 617 1001 857 1084; x_wconf 81' lang='grc' dir='ltr'>αὐτοῖς</span> <span class='ocrx_word' id='word_1_49' title='bbox 930 1000 1014 1080; x_wconf 84' lang='grc' dir='ltr'>τὸ</span> <span class='ocrx_word' id='word_1_50' title='bbox 1090 1011 1546 1099; x_wconf 87' lang='grc' dir='ltr'>λυσιτελοῦν,</span> <span class='ocrx_word' id='word_1_51' title='bbox 1603 1006 1724 1082; x_wconf 84' lang='grc' dir='ltr'>καὶ</span> <span class='ocrx_word' id='word_1_52' title='bbox 1782 1002 1967 1105; x_wconf 80' lang='grc' dir='ltr'>ἅπερ</span> <span class='ocrx_word' id='word_1_53' title='bbox 2030 999 2121 1081; x_wconf 80' lang='grc' dir='ltr'>ἂν</span> <span class='ocrx_word' id='word_1_54' title='bbox 2184 1007 2418 1081; x_wconf 86' lang='grc' dir='ltr'>νοοῖτο</span> <span class='ocrx_word' id='word_1_55' title='bbox 2479 997 2664 1103; x_wconf 80' lang='grc' dir='ltr'>πρὸς</span> 
     </span>
     <span class='ocr_line' id='line_1_7' title="bbox 256 1122 2654 1231; baseline -0.001 -27"><span class='ocrx_word' id='word_1_56' title='bbox 256 1128 547 1225; x_wconf 85' lang='grc' dir='ltr'>πολλῆς</span> <span class='ocrx_word' id='word_1_57' title='bbox 595 1126 836 1209; x_wconf 81' lang='grc' dir='ltr'>αὐτοῖς</span> <span class='ocrx_word' id='word_1_58' title='bbox 890 1126 1246 1231; x_wconf 84' lang='grc' dir='ltr'>ὠφελείας</span> <span class='ocrx_word' id='word_1_59' title='bbox 1299 1125 1623 1225; x_wconf 81' lang='grc' dir='ltr'>ἔσεσθαι,</span> <span class='ocrx_word' id='word_1_60' title='bbox 1662 1133 1889 1206; x_wconf 88' lang='grc' dir='ltr'>ταῦτα</span> <span class='ocrx_word' id='word_1_61' title='bbox 1936 1122 2304 1208; x_wconf 80' lang='grc' dir='ltr'>συντόνως</span> <span class='ocrx_word' id='word_1_62' title='bbox 2352 1122 2654 1230; x_wconf 83' lang='grc' dir='ltr'>ἐξεργα-</span> 
     </span>
     <span class='ocr_line' id='line_1_8' title="bbox 258 1245 587 1346; baseline 0 -19"><span class='ocrx_word' id='word_1_63' title='bbox 258 1245 587 1346; x_wconf 88' lang='grc' dir='ltr'>σόμενος.</span> 
     </span>
    </p>

    <p class='ocr_par' dir='ltr' id='par_1_4' title="bbox 373 1369 2665 1482">
     <span class='ocr_line' id='line_1_9' title="bbox 373 1369 2665 1482; baseline -0.001 -30"><span class='ocrx_word' id='word_1_64' title='bbox 373 1372 658 1455; x_wconf 71' lang='grc' dir='ltr'>“Ηκε’τω</span> <span class='ocrx_word' id='word_1_65' title='bbox 723 1382 1102 1479; x_wconf 84' lang='grc' dir='ltr'>τοιγαροῦν</span> <span class='ocrx_word' id='word_1_66' title='bbox 1163 1378 1259 1460; x_wconf 84' lang='grc' dir='ltr'>ὡς</span> <span class='ocrx_word' id='word_1_67' title='bbox 1315 1375 1405 1482; x_wconf 80' lang='grc' dir='ltr'>ἐξ</span> <span class='ocrx_word' id='word_1_68' title='bbox 1456 1376 1700 1476; x_wconf 86' lang='grc' dir='ltr'>ἑτέρας</span> <span class='ocrx_word' id='word_1_69' title='bbox 1758 1371 2025 1459; x_wconf 76' lang='grc' dir='ltr'>εἰκόνος</span> <span class='ocrx_word' id='word_1_70' title='bbox 2081 1375 2196 1454; x_wconf 79' lang='grc' dir='ltr'>ἐπὶ</span> <span class='ocrx_word' id='word_1_71' title='bbox 2255 1371 2340 1454; x_wconf 78' lang='grc' dir='ltr'>τί)</span> <span class='ocrx_word' id='word_1_72' title='bbox 2404 1369 2665 1473; x_wconf 83' lang='grc' dir='ltr'>ἀληθέ-</span> 
     </span>
    </p>

    <p class='ocr_par' dir='ltr' id='par_1_5' title="bbox 260 1494 2736 1601">
     <span class='ocr_line' id='line_1_10' title="bbox 260 1494 2736 1601; baseline -0.002 -26"><span class='ocrx_word' id='word_1_73' title='bbox 260 1530 525 1596; x_wconf 90' lang='grc' dir='ltr'>στερον</span> <span class='ocrx_word' id='word_1_74' title='bbox 582 1498 625 1596; x_wconf 83' lang='grc' dir='ltr'><strong><em>ἡ</em></strong></span> <span class='ocrx_word' id='word_1_75' title='bbox 680 1506 810 1578; x_wconf 94' lang='grc' dir='ltr'>τοῦ</span> <span class='ocrx_word' id='word_1_76' title='bbox 867 1500 1096 1600; x_wconf 87' lang='grc' dir='ltr'>λόγου</span> <span class='ocrx_word' id='word_1_77' title='bbox 1153 1498 1470 1596; x_wconf 87' lang='grc' dir='ltr'>δύναμις,</span> <span class='ocrx_word' id='word_1_78' title='bbox 1516 1502 1635 1579; x_wconf 81' lang='grc' dir='ltr'>καί</span> <span class='ocrx_word' id='word_1_79' title='bbox 1691 1500 1992 1601; x_wconf 87' lang='grc' dir='ltr'>ἀθρείτω</span> <span class='ocrx_word' id='word_1_80' title='bbox 2046 1494 2273 1578; x_wconf 88' lang='grc' dir='ltr'>πάλιν</span> <span class='ocrx_word' id='word_1_81' title='bbox 2331 1498 2370 1576; x_wconf 96' lang='lat'><em>5</em></span> <span class='ocrx_word' id='word_1_82' title='bbox 2429 1500 2655 1598; x_wconf 85' lang='grc' dir='ltr'>Φαρι·</span> <span class='ocrx_word' id='word_1_83' title='bbox 2690 1505 2736 1571; x_wconf 82' lang='lat' dir='ltr'><strong>d</strong></span> 
     </span>
    </p>

    <p class='ocr_par' dir='ltr' id='par_1_6' title="bbox 153 1618 2673 2223">
     <span class='ocr_line' id='line_1_11' title="bbox 153 1618 2667 1728; baseline 0.001 -30"><span class='ocrx_word' id='word_1_84' title='bbox 153 1650 233 1692; x_wconf 84' lang='lat'>10</span> <span class='ocrx_word' id='word_1_85' title='bbox 262 1626 493 1715; x_wconf 89' lang='grc' dir='ltr'>σαῖος,</span> <span class='ocrx_word' id='word_1_86' title='bbox 548 1619 623 1701; x_wconf 80' lang='grc' dir='ltr'>τί</span> <span class='ocrx_word' id='word_1_87' title='bbox 671 1621 802 1718; x_wconf 76' lang='grc' dir='ltr'>μὲν</span> <span class='ocrx_word' id='word_1_88' title='bbox 857 1626 954 1706; x_wconf 82' lang='grc' dir='ltr'>ὡς</span> <span class='ocrx_word' id='word_1_89' title='bbox 1014 1622 1566 1727; x_wconf 77' lang='grc' dir='ltr'>ψευδοποιμένες</span> <span class='ocrx_word' id='word_1_90' title='bbox 1627 1624 1743 1703; x_wconf 81' lang='grc' dir='ltr'>καὶ</span> <span class='ocrx_word' id='word_1_91' title='bbox 1798 1618 2460 1728; x_wconf 79' lang='grc' dir='ltr'>ψευδοδιδάσκαλοι</span> <span class='ocrx_word' id='word_1_92' title='bbox 2516 1625 2667 1701; x_wconf 86' lang='grc' dir='ltr'>τοῖς</span> 
     </span>
     <span class='ocr_line' id='line_1_12' title="bbox 261 1740 2667 1854; baseline -0.001 -30"><span class='ocrx_word' id='word_1_93' title='bbox 261 1745 432 1845; x_wconf 88' lang='grc' dir='ltr'>παρ’</span> <span class='ocrx_word' id='word_1_94' title='bbox 506 1745 744 1825; x_wconf 80' lang='grc' dir='ltr'>αὐτῶν</span> <span class='ocrx_word' id='word_1_95' title='bbox 815 1747 1458 1852; x_wconf 82' lang='grc' dir='ltr'>πεφενακισμένοις</span> <span class='ocrx_word' id='word_1_96' title='bbox 1529 1746 2035 1854; x_wconf 82' lang='grc' dir='ltr'>προὺξένησαν</span> <span class='ocrx_word' id='word_1_97' title='bbox 2108 1744 2290 1840; x_wconf 87' lang='grc' dir='ltr'>τότε,</span> <span class='ocrx_word' id='word_1_98' title='bbox 2358 1744 2519 1823; x_wconf 85' lang='grc' dir='ltr'>τίνα</span> <span class='ocrx_word' id='word_1_99' title='bbox 2592 1740 2667 1821; x_wconf 78' lang='grc' dir='ltr'>δὲ</span> 
     </span>
     <span class='ocr_line' id='line_1_13' title="bbox 265 1868 2670 1975; baseline -0.001 -27"><span class='ocrx_word' id='word_1_100' title='bbox 265 1869 528 1948; x_wconf 78' lang='grc' dir='ltr'>δώσων</span> <span class='ocrx_word' id='word_1_101' title='bbox 600 1871 900 1975; x_wconf 83' lang='grc' dir='ltr'>ἀφίκετο</span> <span class='ocrx_word' id='word_1_102' title='bbox 981 1870 1327 1975; x_wconf 82' lang='grc' dir='ltr'>Χριστὸς,</span> <span class='ocrx_word' id='word_1_103' title='bbox 1402 1868 1448 1971; x_wconf 85' lang='grc' dir='ltr'>ἢ</span> <span class='ocrx_word' id='word_1_104' title='bbox 1534 1870 1719 1975; x_wconf 80' lang='grc' dir='ltr'>πρὸς</span> <span class='ocrx_word' id='word_1_105' title='bbox 1797 1872 2014 1951; x_wconf 85' lang='grc' dir='ltr'>ποίαν</span> <span class='ocrx_word' id='word_1_106' title='bbox 2084 1870 2271 1970; x_wconf 81' lang='grc' dir='ltr'>ἡμᾶς</span> <span class='ocrx_word' id='word_1_107' title='bbox 2354 1868 2670 1947; x_wconf 86' lang='grc' dir='ltr'>ἀνοίσων</span> 
     </span>
     <span class='ocr_line' id='line_1_14' title="bbox 265 1991 2667 2101; baseline -0.002 -29"><span class='ocrx_word' id='word_1_108' title='bbox 265 1993 662 2094; x_wconf 82' lang='grc' dir='ltr'>εὐημερίαν.</span> <span class='ocrx_word' id='word_1_109' title='bbox 736 1995 998 2075; x_wconf 82' lang='grc' dir='ltr'>οὐκοῦν</span> <span class='ocrx_word' id='word_1_110' title='bbox 1034 1999 1100 2073; x_wconf 79' lang='grc' dir='ltr'>οἱ</span> <span class='ocrx_word' id='word_1_111' title='bbox 1149 1998 1626 2101; x_wconf 76' lang='grc' dir='ltr'>ψευδηγορεῖν</span> <span class='ocrx_word' id='word_1_112' title='bbox 1661 1996 1748 2076; x_wconf 82' lang='grc' dir='ltr'>οὐ</span> <span class='ocrx_word' id='word_1_113' title='bbox 1794 1991 2420 2097; x_wconf 84' lang='grc' dir='ltr'>παραιτησάμενοῖ</span> <span class='ocrx_word' id='word_1_114' title='bbox 2459 2021 2667 2087; x_wconf 87' lang='grc' dir='ltr'>ποτε,</span> 
     </span>
     <span class='ocr_line' id='line_1_15' title="bbox 267 2113 2673 2223; baseline 0.001 -28"><span class='ocrx_word' id='word_1_115' title='bbox 267 2119 386 2195; x_wconf 81' lang='grc' dir='ltr'>καὶ</span> <span class='ocrx_word' id='word_1_116' title='bbox 430 2115 514 2196; x_wconf 81' lang='grc' dir='ltr'>τὸ</span> <span class='ocrx_word' id='word_1_117' title='bbox 563 2116 1023 2198; x_wconf 76' lang='grc' dir='ltr'>ἀπεστάλθαι</span> <span class='ocrx_word' id='word_1_118' title='bbox 1058 2118 1258 2220; x_wconf 81' lang='grc' dir='ltr'>παρὰ</span> <span class='ocrx_word' id='word_1_119' title='bbox 1295 2124 1487 2200; x_wconf 82' lang='grc' dir='ltr'>Θεοῦ</span> <span class='ocrx_word' id='word_1_120' title='bbox 1518 2116 2000 2220; x_wconf 77' lang='grc' dir='ltr'>πλασάμενοι,</span> <span class='ocrx_word' id='word_1_121' title='bbox 2034 2113 2673 2223; x_wconf 82' lang='grc' dir='ltr'>προφητεύσαντές</span> 
     </span>
    </p>

    <p class='ocr_par' dir='ltr' id='par_1_7' title="bbox 159 2235 3003 2591">
     <span class='ocr_line' id='line_1_16' title="bbox 159 2235 2985 2360; baseline -0 -42"><span class='ocrx_word' id='word_1_122' title='bbox 159 2255 236 2317; x_wconf 83' lang='lat'>15</span> <span class='ocrx_word' id='word_1_123' title='bbox 268 2274 347 2320; x_wconf 91' lang='grc' dir='ltr'>τε</span> <span class='ocrx_word' id='word_1_124' title='bbox 383 2238 567 2319; x_wconf 80' lang='grc' dir='ltr'>κατὰ</span> <span class='ocrx_word' id='word_1_125' title='bbox 602 2239 687 2321; x_wconf 80' lang='grc' dir='ltr'>τὸ</span> <span class='ocrx_word' id='word_1_126' title='bbox 732 2243 1233 2345; x_wconf 77' lang='grc' dir='ltr'>γεγραμμένον</span> <span class='ocrx_word' id='word_1_127' title='bbox 1267 2255 1311 2289; x_wconf 85' lang='grc'><strong>“</strong></span> <span class='ocrx_word' id='word_1_128' title='bbox 1338 2242 1483 2323; x_wconf 83' lang='grc' dir='ltr'>ἀπὸ</span> <span class='ocrx_word' id='word_1_129' title='bbox 1532 2245 1828 2344; x_wconf 86' lang='grc' dir='ltr'>καρδίας</span> <span class='ocrx_word' id='word_1_130' title='bbox 1875 2244 2141 2338; x_wconf 79' lang='grc' dir='ltr'>αὐτῶν,</span> <span class='ocrx_word' id='word_1_131' title='bbox 2183 2245 2302 2320; x_wconf 83' lang='grc' dir='ltr'>καὶ</span> <span class='ocrx_word' id='word_1_132' title='bbox 2349 2240 2478 2319; x_wconf 81' lang='grc' dir='ltr'>οὐκ</span> <span class='ocrx_word' id='word_1_133' title='bbox 2524 2235 2670 2317; x_wconf 78' lang='grc' dir='ltr'>ἀπὸ</span> <span class='ocrx_word' id='word_1_134' title='bbox 2760 2244 2907 2360; x_wconf 53' lang='lat'>33¹?-</span> <span class='ocrx_word' id='word_1_135' title='bbox 2926 2307 2985 2359; x_wconf 56' lang='lat'>¹6</span> 
     </span>
     <span class='ocr_line' id='line_1_17' title="bbox 271 2346 3001 2470; baseline 0.001 -27"><span class='ocrx_word' id='word_1_136' title='bbox 271 2374 315 2411; x_wconf 91' lang='lat'>“</span> <span class='ocrx_word' id='word_1_137' title='bbox 350 2364 722 2465; x_wconf 89' lang='grc' dir='ltr'>στόματος</span> <span class='ocrx_word' id='word_1_138' title='bbox 762 2367 1099 2469; x_wconf 87' lang='grc' dir='ltr'>Κυρίου,”</span> <span class='ocrx_word' id='word_1_139' title='bbox 1139 2369 1257 2446; x_wconf 78' lang='grc' dir='ltr'>καὶ</span> <span class='ocrx_word' id='word_1_140' title='bbox 1291 2365 1474 2470; x_wconf 81' lang='grc' dir='ltr'>πρὸς</span> <span class='ocrx_word' id='word_1_141' title='bbox 1509 2367 1787 2452; x_wconf 76' lang='grc' dir='ltr'>τούτοις</span> <span class='ocrx_word' id='word_1_142' title='bbox 1820 2365 1921 2446; x_wconf 79' lang='grc' dir='ltr'>ἔτι</span> <span class='ocrx_word' id='word_1_143' title='bbox 1958 2367 2240 2448; x_wconf 81' lang='grc' dir='ltr'>Θευδᾶς</span> <span class='ocrx_word' id='word_1_144' title='bbox 2286 2397 2364 2443; x_wconf 86' lang='grc' dir='ltr'>τε</span> <span class='ocrx_word' id='word_1_145' title='bbox 2414 2367 2672 2446; x_wconf 87' lang='grc' dir='ltr'>ἐκεῖνος</span> <span class='ocrx_word' id='word_1_146' title='bbox 2887 2346 2899 2359; x_wconf 48' lang='grc'>’</span> <span class='ocrx_word' id='word_1_147' title='bbox 2989 2346 3001 2359; x_wconf 48' lang='grc'>’</span> 
     </span>
     <span class='ocr_line' id='line_1_18' title="bbox 270 2479 3003 2591; baseline -0 -24"><span class='ocrx_word' id='word_1_148' title='bbox 270 2490 387 2567; x_wconf 79' lang='grc' dir='ltr'>καὶ</span> <span class='ocrx_word' id='word_1_149' title='bbox 472 2489 511 2568; x_wconf 92' lang='lat'><em>5</em></span> <span class='ocrx_word' id='word_1_150' title='bbox 587 2494 980 2573; x_wconf 85' lang='grc' dir='ltr'>Γαλιλαῖος</span> <span class='ocrx_word' id='word_1_151' title='bbox 1052 2489 1327 2575; x_wconf 87' lang='grc' dir='ltr'>’Ῑούδας</span> <span class='ocrx_word' id='word_1_152' title='bbox 1412 2489 1965 2591; x_wconf 81' lang='grc' dir='ltr'>ἀποστήσαντες</span> <span class='ocrx_word' id='word_1_153' title='bbox 2039 2499 2082 2535; x_wconf 88' lang='grc'><strong>“</strong></span> <span class='ocrx_word' id='word_1_154' title='bbox 2118 2487 2305 2567; x_wconf 91' lang='grc' dir='ltr'>λαον</span> <span class='ocrx_word' id='word_1_155' title='bbox 2384 2487 2666 2567; x_wconf 85' lang='grc' dir='ltr'>ὀπίσω”</span> <span class='ocrx_word' id='word_1_156' title='bbox 2760 2479 3003 2531; x_wconf 53' lang='lat' dir='ltr'><strong>Amss&#39;</strong></span> 
     </span>
    </p>
   </div>
   <div class='ocr_carea' id='block_1_3' title="bbox 268 2550 2928 2720">
    <p class='ocr_par' dir='ltr' id='par_1_8' title="bbox 268 2550 2928 2720">
     <span class='ocr_line' id='line_1_19' title="bbox 2760 2550 2928 2598; baseline -0.013 0"><span class='ocrx_word' id='word_1_157' title='bbox 2760 2550 2810 2598; x_wconf 76' lang='lat' dir='ltr'>A</span> <span class='ocrx_word' id='word_1_158' title='bbox 2879 2562 2928 2598; x_wconf 82' lang='lat' dir='ltr'>v.</span> 
     </span>
     <span class='ocr_line' id='line_1_20' title="bbox 268 2564 2866 2720; baseline 0.001 -28"><span class='ocrx_word' id='word_1_159' title='bbox 268 2613 527 2710; x_wconf 76' lang='grc' dir='ltr'>αὐτῶν,</span> <span class='ocrx_word' id='word_1_160' title='bbox 583 2620 731 2698; x_wconf 86' lang='grc' dir='ltr'>τοῖς</span> <span class='ocrx_word' id='word_1_161' title='bbox 795 2621 1331 2718; x_wconf 87' lang='grc' dir='ltr'>συναπαχθεῖσι</span> <span class='ocrx_word' id='word_1_162' title='bbox 1393 2614 2058 2720; x_wconf 80' lang='grc' dir='ltr'>συνδιεφθάρησαν·</span> <span class='ocrx_word' id='word_1_163' title='bbox 2168 2615 2209 2693; x_wconf 89' lang='lat'><em>5</em></span> <span class='ocrx_word' id='word_1_164' title='bbox 2273 2612 2349 2692; x_wconf 92' lang='grc' dir='ltr'>δε</span> <span class='ocrx_word' id='word_1_165' title='bbox 2409 2612 2675 2715; x_wconf 87' lang='grc' dir='ltr'>Κύριος</span> <span class='ocrx_word' id='word_1_166' title='bbox 2702 2642 2738 2686; x_wconf 78' lang='lat'>0</span> <span class='ocrx_word' id='word_1_167' title='bbox 2766 2564 2866 2679; x_wconf 68' lang='lat' dir='ltr'>³⁷p</span> 
     </span>
    </p>
   </div>
   <div class='ocr_carea' id='block_1_4' title="bbox 162 2733 3012 4208">
    <p class='ocr_par' dir='ltr' id='par_1_9' title="bbox 162 2733 3012 4208">
     <span class='ocr_line' id='line_1_21' title="bbox 269 2733 2672 2845; baseline -0.001 -30"><span class='ocrx_word' id='word_1_168' title='bbox 269 2737 474 2836; x_wconf 81' lang='grc' dir='ltr'>ἡμῶν</span> <span class='ocrx_word' id='word_1_169' title='bbox 505 2738 790 2837; x_wconf 87' lang='grc' dir='ltr'>Ἰησοῦς</span> <span class='ocrx_word' id='word_1_170' title='bbox 836 2738 877 2816; x_wconf 90' lang='lat'><em>5</em></span> <span class='ocrx_word' id='word_1_171' title='bbox 917 2735 1241 2840; x_wconf 79' lang='grc' dir='ltr'>Χριστὸς</span> <span class='ocrx_word' id='word_1_172' title='bbox 1283 2738 1414 2837; x_wconf 82' lang='grc' dir='ltr'>τὴν</span> <span class='ocrx_word' id='word_1_173' title='bbox 1451 2739 1738 2818; x_wconf 78' lang='grc' dir='ltr'>αἰώνων</span> <span class='ocrx_word' id='word_1_174' title='bbox 1775 2739 1941 2837; x_wconf 87' lang='grc' dir='ltr'>ἡμῖν</span> <span class='ocrx_word' id='word_1_175' title='bbox 1976 2736 2451 2843; x_wconf 81' lang='grc' dir='ltr'>προξενήσων</span> <span class='ocrx_word' id='word_1_176' title='bbox 2488 2733 2672 2845; x_wconf 69' lang='grc' dir='ltr'>ζωῆν,</span> 
     </span>
     <span class='ocr_line' id='line_1_22' title="bbox 162 2857 2675 2968; baseline -0.001 -28"><span class='ocrx_word' id='word_1_177' title='bbox 162 2889 244 2931; x_wconf 81' lang='lat'>²0</span> <span class='ocrx_word' id='word_1_178' title='bbox 270 2861 362 2968; x_wconf 82' lang='grc' dir='ltr'>ἐξ</span> <span class='ocrx_word' id='word_1_179' title='bbox 412 2859 697 2963; x_wconf 78' lang='grc' dir='ltr'>ἀγάπης</span> <span class='ocrx_word' id='word_1_180' title='bbox 754 2865 883 2961; x_wconf 82' lang='grc' dir='ltr'>τῆς</span> <span class='ocrx_word' id='word_1_181' title='bbox 948 2869 1045 2946; x_wconf 84' lang='grc' dir='ltr'>εἰς</span> <span class='ocrx_word' id='word_1_182' title='bbox 1112 2862 1296 2961; x_wconf 81' lang='grc' dir='ltr'>ἡμᾶς</span> <span class='ocrx_word' id='word_1_183' title='bbox 1360 2861 1875 2965; x_wconf 79' lang='grc' dir='ltr'>παραγέγονεν.</span> <span class='ocrx_word' id='word_1_184' title='bbox 1963 2857 2062 2941; x_wconf 77' lang='grc' dir='ltr'>ὧν</span> <span class='ocrx_word' id='word_1_185' title='bbox 2121 2860 2196 2940; x_wconf 78' lang='grc' dir='ltr'>δὲ</span> <span class='ocrx_word' id='word_1_186' title='bbox 2256 2861 2568 2944; x_wconf 85' lang='grc' dir='ltr'>ἐναντίος</span> <span class='ocrx_word' id='word_1_187' title='bbox 2633 2860 2675 2938; x_wconf 91' lang='lat'><em>5</em></span> 
     </span>
     <span class='ocr_line' id='line_1_23' title="bbox 271 2983 2671 3094; baseline 0.001 -30"><span class='ocrx_word' id='word_1_188' title='bbox 271 2984 573 3083; x_wconf 84' lang='grc' dir='ltr'>σκοπὸς,</span> <span class='ocrx_word' id='word_1_189' title='bbox 612 2986 728 3063; x_wconf 86' lang='grc' dir='ltr'>καὶ</span> <span class='ocrx_word' id='word_1_190' title='bbox 772 2987 813 3065; x_wconf 89' lang='lat'><em>5</em></span> <span class='ocrx_word' id='word_1_191' title='bbox 863 2990 991 3086; x_wconf 84' lang='grc' dir='ltr'>τῆς</span> <span class='ocrx_word' id='word_1_192' title='bbox 1041 2985 1358 3094; x_wconf 81' lang='grc' dir='ltr'>ἀφίξεως</span> <span class='ocrx_word' id='word_1_193' title='bbox 1408 2983 1674 3089; x_wconf 88' lang='grc' dir='ltr'>τρόπος</span> <span class='ocrx_word' id='word_1_194' title='bbox 1709 2993 2064 3066; x_wconf 89' lang='grc' dir='ltr'>τοσοῦτον</span> <span class='ocrx_word' id='word_1_195' title='bbox 2099 2983 2671 3135; x_wconf 81' lang='grc' dir='ltr'>ἐξηλλαγμένος,</span> 
     </span>
     <span class='ocr_line' id='line_1_24' title="bbox 271 3104 2680 3257; baseline 0 -66"><span class='ocrx_word' id='word_1_196' title='bbox 271 3115 429 3193; x_wconf 78' lang='grc' dir='ltr'>πῶς</span> <span class='ocrx_word' id='word_1_197' title='bbox 467 3109 595 3188; x_wconf 85' lang='grc' dir='ltr'>οὐκ</span> <span class='ocrx_word' id='word_1_198' title='bbox 628 3111 912 3189; x_wconf 84' lang='grc' dir='ltr'>ἐναντία</span> <span class='ocrx_word' id='word_1_199' title='bbox 946 3145 1062 3190; x_wconf 89' lang='grc' dir='ltr'>και</span> <span class='ocrx_word' id='word_1_200' title='bbox 1095 3145 1349 3257; x_wconf 85' lang='grc' dir='ltr'>γνωμη</span> <span class='ocrx_word' id='word_1_201' title='bbox 1386 3114 1505 3189; x_wconf 88' lang='grc' dir='ltr'>καὶ</span> <span class='ocrx_word' id='word_1_202' title='bbox 1540 3108 2016 3210; x_wconf 86' lang='grc' dir='ltr'>ἐπιτήδευμα·</span> <span class='ocrx_word' id='word_1_203' title='bbox 1995 3170 2018 3208; x_wconf 94' lang='grc'>,</span> <span class='ocrx_word' id='word_1_204' title='bbox 2080 3111 2336 3189; x_wconf 81' lang='grc' dir='ltr'>οὐκοῦν</span> <span class='ocrx_word' id='word_1_205' title='bbox 2371 3104 2517 3188; x_wconf 87' lang='grc' dir='ltr'>ἀπο</span> <span class='ocrx_word' id='word_1_206' title='bbox 2552 3111 2680 3208; x_wconf 83' lang='grc' dir='ltr'>τῆς</span> 
     </span>
     <span class='ocr_line' id='line_1_25' title="bbox 272 3231 2682 3339; baseline 0.001 -25"><span class='ocrx_word' id='word_1_207' title='bbox 272 3240 421 3314; x_wconf 81' lang='grc' dir='ltr'>τῶν</span> <span class='ocrx_word' id='word_1_208' title='bbox 465 3232 916 3335; x_wconf 82' lang='grc' dir='ltr'>πραγμάτων</span> <span class='ocrx_word' id='word_1_209' title='bbox 960 3233 1337 3334; x_wconf 87' lang='grc' dir='ltr'>ποιότητος</span> <span class='ocrx_word' id='word_1_210' title='bbox 1390 3232 1900 3337; x_wconf 78' lang='grc' dir='ltr'>δοκιμάζεσθαι</span> <span class='ocrx_word' id='word_1_211' title='bbox 1947 3232 2213 3339; x_wconf 79' lang='grc' dir='ltr'>χρῆναί</span> <span class='ocrx_word' id='word_1_212' title='bbox 2254 3241 2445 3339; x_wconf 92' lang='grc' dir='ltr'>φησι</span> <span class='ocrx_word' id='word_1_213' title='bbox 2499 3231 2682 3317; x_wconf 86' lang='grc' dir='ltr'>τίνες</span> 
     </span>
     <span class='ocr_line' id='line_1_26' title="bbox 274 3353 2680 3458; baseline 0.001 -23"><span class='ocrx_word' id='word_1_214' title='bbox 274 3390 409 3456; x_wconf 89' lang='grc' dir='ltr'>μεν</span> <span class='ocrx_word' id='word_1_215' title='bbox 468 3353 559 3436; x_wconf 79' lang='grc' dir='ltr'>ἂν</span> <span class='ocrx_word' id='word_1_216' title='bbox 620 3355 758 3437; x_wconf 83' lang='grc' dir='ltr'>εἷεν</span> <span class='ocrx_word' id='word_1_217' title='bbox 819 3362 1085 3455; x_wconf 87' lang='grc' dir='ltr'>ἐκεῖνοι,</span> <span class='ocrx_word' id='word_1_218' title='bbox 1149 3360 1256 3442; x_wconf 87' lang='grc' dir='ltr'>τίς</span> <span class='ocrx_word' id='word_1_219' title='bbox 1320 3356 1396 3438; x_wconf 81' lang='grc' dir='ltr'>δὲ</span> <span class='ocrx_word' id='word_1_220' title='bbox 1463 3355 1692 3438; x_wconf 89' lang='grc' dir='ltr'>πάλιν</span> <span class='ocrx_word' id='word_1_221' title='bbox 1752 3356 1987 3441; x_wconf 83' lang='grc' dir='ltr'>αὐτός.</span> <span class='ocrx_word' id='word_1_222' title='bbox 2096 3354 2186 3456; x_wconf 85' lang='grc' dir='ltr'>ἦν</span> <span class='ocrx_word' id='word_1_223' title='bbox 2249 3391 2393 3458; x_wconf 93' lang='grc' dir='ltr'>γαρ</span> <span class='ocrx_word' id='word_1_224' title='bbox 2456 3357 2680 3439; x_wconf 82' lang='grc' dir='ltr'>οὕτως</span> 
     </span>
     <span class='ocr_line' id='line_1_27' title="bbox 168 3478 2672 3586; baseline -0.001 -26"><span class='ocrx_word' id='word_1_225' title='bbox 168 3498 251 3560; x_wconf 77' lang='lat'>25</span> <span class='ocrx_word' id='word_1_226' title='bbox 277 3485 661 3562; x_wconf 85' lang='grc' dir='ltr'>ἀναπεῖσαι</span> <span class='ocrx_word' id='word_1_227' title='bbox 697 3480 996 3582; x_wconf 78' lang='grc' dir='ltr'>μηδὲν’</span> <span class='ocrx_word' id='word_1_228' title='bbox 953 3516 1225 3586; x_wconf 86' lang='grc' dir='ltr'>απηχες</span> <span class='ocrx_word' id='word_1_229' title='bbox 1275 3484 1440 3585; x_wconf 87' lang='grc' dir='ltr'>περὶ</span> <span class='ocrx_word' id='word_1_230' title='bbox 1496 3483 1716 3561; x_wconf 81' lang='grc' dir='ltr'>αὑτοῦ</span> <span class='ocrx_word' id='word_1_231' title='bbox 1766 3480 2137 3586; x_wconf 81' lang='grc' dir='ltr'>φρονεῖν”</span> <span class='ocrx_word' id='word_1_232' title='bbox 2089 3514 2192 3560; x_wconf 90' lang='grc' dir='ltr'>ετι</span> <span class='ocrx_word' id='word_1_233' title='bbox 2239 3478 2404 3565; x_wconf 79' lang='grc' dir='ltr'>τοὺς</span> <span class='ocrx_word' id='word_1_234' title='bbox 2452 3480 2672 3581; x_wconf 83' lang='grc' dir='ltr'>ἡγου-</span> 
     </span>
     <span class='ocr_line' id='line_1_28' title="bbox 276 3600 3012 3712; baseline 0 -28"><span class='ocrx_word' id='word_1_235' title='bbox 276 3604 551 3705; x_wconf 80' lang='grc' dir='ltr'>μένους,</span> <span class='ocrx_word' id='word_1_236' title='bbox 590 3604 714 3685; x_wconf 79' lang='grc' dir='ltr'>ἕνα</span> <span class='ocrx_word' id='word_1_237' title='bbox 762 3612 907 3685; x_wconf 79' lang='grc' dir='ltr'>τῶν</span> <span class='ocrx_word' id='word_1_238' title='bbox 947 3604 1537 3712; x_wconf 77' lang='grc' dir='ltr'>ψευδοποιμένων</span> <span class='ocrx_word' id='word_1_239' title='bbox 1577 3603 1921 3710; x_wconf 79' lang='grc' dir='ltr'>ὑπάρχειν</span> <span class='ocrx_word' id='word_1_240' title='bbox 1955 3605 2311 3702; x_wconf 78' lang='grc' dir='ltr'>οἰομένους</span> <span class='ocrx_word' id='word_1_241' title='bbox 2360 3601 2598 3697; x_wconf 81' lang='grc' dir='ltr'>αὑτὸν,</span> <span class='ocrx_word' id='word_1_242' title='bbox 2632 3600 2743 3703; x_wconf 67' lang='grc' dir='ltr'>ἢα</span> <span class='ocrx_word' id='word_1_243' title='bbox 2780 3631 2914 3687; x_wconf 73' lang='grc'>645</span> <span class='ocrx_word' id='word_1_244' title='bbox 2933 3629 3012 3685; x_wconf 81' lang='grc' dir='ltr'><strong>Δ..</strong></span> 
     </span>
     <span class='ocr_line' id='line_1_29' title="bbox 276 3726 2683 3834; baseline -0.002 -24"><span class='ocrx_word' id='word_1_245' title='bbox 276 3733 395 3810; x_wconf 74' lang='grc' dir='ltr'>καὶ</span> <span class='ocrx_word' id='word_1_246' title='bbox 463 3736 610 3810; x_wconf 75' lang='grc' dir='ltr'>τῶν</span> <span class='ocrx_word' id='word_1_247' title='bbox 668 3727 1087 3834; x_wconf 88' lang='grc' dir='ltr'>ἀλλαχόθεν</span> <span class='ocrx_word' id='word_1_248' title='bbox 1142 3730 1681 3822; x_wconf 85' lang='grc' dir='ltr'>ἀναβαινόντων</span> <span class='ocrx_word' id='word_1_249' title='bbox 1740 3736 1838 3813; x_wconf 90' lang='grc' dir='ltr'>εἰς</span> <span class='ocrx_word' id='word_1_250' title='bbox 1901 3727 2033 3827; x_wconf 85' lang='grc' dir='ltr'>τὴν</span> <span class='ocrx_word' id='word_1_251' title='bbox 2091 3733 2235 3807; x_wconf 79' lang='grc' dir='ltr'>τῶν</span> <span class='ocrx_word' id='word_1_252' title='bbox 2291 3726 2683 3830; x_wconf 85' lang='grc' dir='ltr'>προβάτων</span> 
     </span>
     <span class='ocr_line' id='line_1_30' title="bbox 279 3848 2684 3955; baseline -0.002 -22"><span class='ocrx_word' id='word_1_253' title='bbox 279 3852 533 3952; x_wconf 78' lang='grc' dir='ltr'>αὐλὴν,</span> <span class='ocrx_word' id='word_1_254' title='bbox 557 3854 783 3955; x_wconf 84' lang='grc' dir='ltr'>θύραν</span> <span class='ocrx_word' id='word_1_255' title='bbox 819 3852 896 3933; x_wconf 78' lang='grc' dir='ltr'>δὲ</span> <span class='ocrx_word' id='word_1_256' title='bbox 929 3860 1224 3950; x_wconf 82' lang='grc' dir='ltr'>μᾶλλον</span> <span class='ocrx_word' id='word_1_257' title='bbox 1260 3854 1379 3932; x_wconf 83' lang='grc' dir='ltr'>καὶ</span> <span class='ocrx_word' id='word_1_258' title='bbox 1415 3851 1826 3954; x_wconf 85' lang='grc' dir='ltr'>εἰσαγωγέα</span> <span class='ocrx_word' id='word_1_259' title='bbox 1862 3854 1977 3932; x_wconf 80' lang='grc' dir='ltr'>καὶ</span> <span class='ocrx_word' id='word_1_260' title='bbox 2012 3852 2318 3950; x_wconf 89' lang='grc' dir='ltr'>ποιμένα</span> <span class='ocrx_word' id='word_1_261' title='bbox 2354 3848 2684 3955; x_wconf 75' lang='grc' dir='ltr'>Χριστὸν</span> 
     </span>
     <span class='ocr_line' id='line_1_31' title="bbox 279 3972 2680 4085; baseline -0.001 -28"><span class='ocrx_word' id='word_1_262' title='bbox 279 3976 704 4077; x_wconf 86' lang='grc' dir='ltr'>ἐληλυθέναι</span> <span class='ocrx_word' id='word_1_263' title='bbox 760 3976 1003 4079; x_wconf 86' lang='grc' dir='ltr'>γεμὴν,</span> <span class='ocrx_word' id='word_1_264' title='bbox 1060 3977 1195 4081; x_wconf 80' lang='grc' dir='ltr'>οὐχ</span> <span class='ocrx_word' id='word_1_265' title='bbox 1246 3976 1361 4056; x_wconf 74' lang='grc' dir='ltr'>’ἵνα</span> <span class='ocrx_word' id='word_1_266' title='bbox 1413 3972 1644 4077; x_wconf 87' lang='grc' dir='ltr'>μόνην</span> <span class='ocrx_word' id='word_1_267' title='bbox 1696 3975 1903 4073; x_wconf 76' lang='grc' dir='ltr'>ἔχωσι</span> <span class='ocrx_word' id='word_1_268' title='bbox 1960 3973 2119 4085; x_wconf 51' lang='lat' dir='ltr'>{mbr</span> <span class='ocrx_word' id='word_1_269' title='bbox 2167 3974 2261 4054; x_wconf 78' lang='grc' dir='ltr'>τὰ</span> <span class='ocrx_word' id='word_1_270' title='bbox 2313 3974 2680 4078; x_wconf 89' lang='grc' dir='ltr'>πρόβατα,</span> 
     </span>
     <span class='ocr_line' id='line_1_32' title="bbox 174 4095 2687 4208; baseline -0 -24"><span class='ocrx_word' id='word_1_271' title='bbox 174 4125 257 4184; x_wconf 80' lang='grc'>30</span> <span class='ocrx_word' id='word_1_272' title='bbox 281 4102 542 4207; x_wconf 85' lang='grc' dir='ltr'>φησίν·</span> <span class='ocrx_word' id='word_1_273' title='bbox 602 4098 808 4179; x_wconf 85' lang='grc' dir='ltr'>ἀλλά</span> <span class='ocrx_word' id='word_1_274' title='bbox 850 4134 919 4179; x_wconf 89' lang='grc' dir='ltr'>τι</span> <span class='ocrx_word' id='word_1_275' title='bbox 965 4102 1081 4180; x_wconf 81' lang='grc' dir='ltr'>καὶ</span> <span class='ocrx_word' id='word_1_276' title='bbox 1121 4099 1434 4208; x_wconf 70' lang='grc' dir='ltr'>περιττόν·</span> <span class='ocrx_word' id='word_1_277' title='bbox 1494 4100 1680 4202; x_wconf 83' lang='grc' dir='ltr'>πρὸς</span> <span class='ocrx_word' id='word_1_278' title='bbox 1724 4100 1871 4203; x_wconf 82' lang='grc' dir='ltr'>γὰρ</span> <span class='ocrx_word' id='word_1_279' title='bbox 1923 4101 2029 4206; x_wconf 72' lang='grc' dir='ltr'>τῷ</span> <span class='ocrx_word' id='word_1_280' title='bbox 2078 4101 2472 4194; x_wconf 75' lang='grc' dir='ltr'>ἀναβιῶναι</span> <span class='ocrx_word' id='word_1_281' title='bbox 2521 4095 2687 4184; x_wconf 76' lang='grc' dir='ltr'>τοὺς</span> 
     </span>
    </p>
   </div>
   <div class='ocr_carea' id='block_1_5' title="bbox 281 4358 2687 4505">
    <p class='ocr_par' dir='ltr' id='par_1_10' title="bbox 281 4358 2687 4505">
     <span class='ocr_line' id='line_1_33' title="bbox 363 4358 2687 4437; baseline -0.002 -16"><span class='ocrx_word' id='word_1_282' title='bbox 363 4383 445 4422; x_wconf 81' lang='lat'>12.</span> <span class='ocrx_word' id='word_1_283' title='bbox 481 4364 698 4437; x_wconf 65' lang='grc' dir='ltr'>ἀφῖκται</span> <span class='ocrx_word' id='word_1_284' title='bbox 722 4382 771 4420; x_wconf 80' lang='lat' dir='ltr'>a.</span> <span class='ocrx_word' id='word_1_285' title='bbox 987 4377 1068 4435; x_wconf 83' lang='lat'>17.</span> <span class='ocrx_word' id='word_1_286' title='bbox 1106 4366 1136 4418; x_wconf 84' lang='grc' dir='ltr'><strong><em>ὁ</em></strong></span> <span class='ocrx_word' id='word_1_287' title='bbox 1159 4364 1242 4418; x_wconf 74' lang='grc' dir='ltr'>καὶ</span> <span class='ocrx_word' id='word_1_288' title='bbox 1266 4372 1319 4418; x_wconf 85' lang='lat' dir='ltr'>et</span> <span class='ocrx_word' id='word_1_289' title='bbox 1342 4361 1739 4431; x_wconf 74' lang='grc' dir='ltr'>αποστῆσοντες</span> <span class='ocrx_word' id='word_1_290' title='bbox 1764 4360 1830 4415; x_wconf 90' lang='grc' dir='ltr'>Β.</span> <span class='ocrx_word' id='word_1_291' title='bbox 1861 4360 2043 4416; x_wconf 74' lang='lat' dir='ltr'><strong>Holet.</strong></span> <span class='ocrx_word' id='word_1_292' title='bbox 2069 4369 2363 4432; x_wconf 83' lang='lat' dir='ltr'>utrumque</span> <span class='ocrx_word' id='word_1_293' title='bbox 2385 4358 2687 4416; x_wconf 81' lang='lat' dir='ltr'><strong>emendavit</strong></span> 
     </span>
     <span class='ocr_line' id='line_1_34' title="bbox 281 4430 2686 4505; baseline -0.003 -12"><span class='ocrx_word' id='word_1_294' title='bbox 281 4455 311 4493; x_wconf 80' lang='lat' dir='ltr'>e</span> <span class='ocrx_word' id='word_1_295' title='bbox 338 4437 461 4493; x_wconf 70' lang='lat' dir='ltr'><strong>Cat.</strong></span> <span class='ocrx_word' id='word_1_296' title='bbox 484 4447 549 4492; x_wconf 82' lang='lat' dir='ltr'>ut</span> <span class='ocrx_word' id='word_1_297' title='bbox 571 4435 680 4492; x_wconf 82' lang='lat' dir='ltr'><strong>vid.</strong></span> <span class='ocrx_word' id='word_1_298' title='bbox 709 4434 853 4490; x_wconf 79' lang='lat' dir='ltr'>Aub.</span> <span class='ocrx_word' id='word_1_299' title='bbox 1117 4450 1205 4505; x_wconf 82' lang='lat'>27.</span> <span class='ocrx_word' id='word_1_300' title='bbox 1241 4434 1418 4504; x_wconf 79' lang='grc' dir='ltr'>ἀλλαχ</span> <span class='ocrx_word' id='word_1_301' title='bbox 1421 4434 1613 4488; x_wconf 70' lang='lat' dir='ltr'><strong><em>down.</em></strong></span> <span class='ocrx_word' id='word_1_302' title='bbox 1639 4433 1833 4487; x_wconf 70' lang='grc' dir='ltr'>ἄνωθεν</span> <span class='ocrx_word' id='word_1_303' title='bbox 1859 4431 1925 4486; x_wconf 94' lang='grc' dir='ltr'>Β.</span> <span class='ocrx_word' id='word_1_304' title='bbox 1954 4431 2052 4486; x_wconf 77' lang='lat' dir='ltr'>Ht.</span> <span class='ocrx_word' id='word_1_305' title='bbox 2077 4431 2304 4486; x_wconf 70' lang='grc' dir='ltr'>ἄλλοθεν</span> <span class='ocrx_word' id='word_1_306' title='bbox 2327 4449 2356 4486; x_wconf 79' lang='lat' dir='ltr'>e</span> <span class='ocrx_word' id='word_1_307' title='bbox 2383 4432 2501 4486; x_wconf 79' lang='lat' dir='ltr'><strong>Cat.</strong></span> <span class='ocrx_word' id='word_1_308' title='bbox 2530 4430 2686 4485; x_wconf 77' lang='lat' dir='ltr'><strong>Harl.</strong></span> 
     </span>
    </p>
   </div>
   <div class='ocr_carea' id='block_1_6' title="bbox 281 4456 2688 4647">
    <p class='ocr_par' dir='ltr' id='par_1_11' title="bbox 281 4456 2688 4647">
     <span class='ocr_line' id='line_1_35' title="bbox 283 4456 2688 4591; baseline -0.002 -29"><span class='ocrx_word' id='word_1_309' title='bbox 283 4507 432 4562; x_wconf 77' lang='lat' dir='ltr'>Anb.</span> <span class='ocrx_word' id='word_1_310' title='bbox 650 4522 736 4579; x_wconf 81' lang='lat'>29.</span> <span class='ocrx_word' id='word_1_311' title='bbox 773 4502 962 4591; x_wconf 73' lang='grc' dir='ltr'>γεμὴν]</span> <span class='ocrx_word' id='word_1_312' title='bbox 995 4510 1051 4569; x_wconf 62' lang='lat' dir='ltr'>-i-</span> <span class='ocrx_word' id='word_1_313' title='bbox 1080 4508 1226 4587; x_wconf 82' lang='grc' dir='ltr'>λεγει</span> <span class='ocrx_word' id='word_1_314' title='bbox 1250 4522 1298 4558; x_wconf 76' lang='lat' dir='ltr'>a.</span> <span class='ocrx_word' id='word_1_315' title='bbox 1325 4456 1500 4575; x_wconf 71' lang='grc' dir='ltr'>λέγειν</span> <span class='ocrx_word' id='word_1_316' title='bbox 1522 4501 1669 4557; x_wconf 82' lang='lat' dir='ltr'><strong>Aub.</strong></span> <span class='ocrx_word' id='word_1_317' title='bbox 1786 4504 1946 4573; x_wconf 76' lang='grc' dir='ltr'>μόνον</span> <span class='ocrx_word' id='word_1_318' title='bbox 1968 4520 2019 4557; x_wconf 74' lang='lat' dir='ltr'>a.</span> <span class='ocrx_word' id='word_1_319' title='bbox 2134 4502 2266 4571; x_wconf 69' lang='grc' dir='ltr'>ζωὴν</span> <span class='ocrx_word' id='word_1_320' title='bbox 2286 4502 2489 4572; x_wconf 68' lang='grc' dir='ltr'>ἔχωσι</span> <span class='ocrx_word' id='word_1_321' title='bbox 2475 4516 2688 4556; x_wconf 65' lang='lat' dir='ltr'>niverno</span> 
     </span>
     <span class='ocr_line' id='line_1_36' title="bbox 281 4571 2021 4647; baseline -0.003 -14"><span class='ocrx_word' id='word_1_322' title='bbox 281 4577 474 4634; x_wconf 79' lang='lat' dir='ltr'><strong>ordine</strong></span> <span class='ocrx_word' id='word_1_323' title='bbox 497 4594 548 4632; x_wconf 80' lang='lat' dir='ltr'>a.</span> <span class='ocrx_word' id='word_1_324' title='bbox 762 4591 851 4646; x_wconf 84' lang='lat'>30.</span> <span class='ocrx_word' id='word_1_325' title='bbox 886 4597 960 4647; x_wconf 70' lang='grc' dir='ltr'>τῳ</span> <span class='ocrx_word' id='word_1_326' title='bbox 984 4592 1032 4630; x_wconf 79' lang='lat' dir='ltr'><strong>a</strong></span> <span class='ocrx_word' id='word_1_327' title='bbox 1059 4584 1113 4629; x_wconf 87' lang='lat' dir='ltr'>et</span> <span class='ocrx_word' id='word_1_328' title='bbox 1136 4575 1209 4630; x_wconf 74' lang='lat' dir='ltr'>ita</span> <span class='ocrx_word' id='word_1_329' title='bbox 1233 4574 1485 4630; x_wconf 77' lang='lat' dir='ltr'><strong>emendat</strong></span> <span class='ocrx_word' id='word_1_330' title='bbox 1511 4574 1711 4645; x_wconf 73' lang='lat' dir='ltr'>Heyee.</span> <span class='ocrx_word' id='word_1_331' title='bbox 1735 4575 1796 4628; x_wconf 80' lang='grc' dir='ltr'>τὸ</span> <span class='ocrx_word' id='word_1_332' title='bbox 1824 4572 1888 4627; x_wconf 93' lang='grc' dir='ltr'><strong>Β.</strong></span> <span class='ocrx_word' id='word_1_333' title='bbox 1917 4571 2021 4628; x_wconf 88' lang='lat' dir='ltr'>Ed.</span> 
     </span>
    </p>
   </div>
   <div class='ocr_carea' id='block_1_7' title="bbox 1410 4652 1574 4723">
    <p class='ocr_par' dir='ltr' id='par_1_12' title="bbox 1410 4652 1574 4723">
     <span class='ocr_line' id='line_1_37' title="bbox 1410 4652 1574 4723; baseline 0.024 -5"><span class='ocrx_word' id='word_1_334' title='bbox 1410 4652 1574 4723; x_wconf 67' lang='lat' dir='ltr'>rsa</span> 
     </span>
    </p>
   </div>
  </div>
 </body>
</html>
