3238 5158
603 332 737 398 440
1212 336 1291 401 B.
1341 335 1763 401 CYRILLI
1824 334 2410 401 ALEXANDR.
2759 334 2903 398 xiv.
2942 352 3042 396 11.

614 499 805 606 αὐτῷ
860 499 1133 605 τέχνης,
1190 499 1348 601 ἤτοι
1405 502 1699 606 σοφίας,
1756 501 1988 581 ἔτεκεν
2044 504 2084 582 ὀ
2146 501 2425 602 Πατὴρ,
2485 503 2601 580 καὶ
2657 499 2913 601 ἕτερόν
2972 532 3049 577 τι

612 625 782 726 παρ’
849 623 1027 727 ὅπερ
1090 628 1293 705 ἐστὶν
1359 626 1574 710 αὐτὸς
1640 624 2066 725 ἀποκυήσας
2129 627 2401 728 ὁρᾶται.
2510 629 2627 705 καὶ
2700 632 2865 709 πῶς
2949 622 3050 703 ἂν

614 748 1018 853 ἐνδέχοιτο,
1098 756 1253 833 πῶς
1309 748 1387 830 δὲ
1443 753 1573 830 οὐκ
1629 752 1873 850 εὔηθες
1925 756 2302 834 παντελῶς
2354 748 2440 830 τὸ
2498 755 2682 829 νοεῖν
2735 782 2808 828 τι
2870 782 3044 827 τοι-

618 880 876 966 οῦτον;
957 874 1085 952 οὐκ
1140 873 1581 980 ἀπαλλάξας
1640 875 1878 954 τοίνυν
1931 875 2315 977 ὀργανικῆς
2369 909 2447 954 τε
2503 875 2621 954 καὶ
2676 876 3050 971 οἰκετικῆς

621 997 1063 1103 ὑπολήψεως
1115 996 1242 1078 τὸν
1275 997 1479 1095 Yam,
1515 996 1836 1101 γέννημα
1885 997 1961 1078 δὲ
2007 996 2191 1078 κατὰ
2241 995 2587 1099 ἀλήθειαν
2636 998 3048 1098 ὁμολογῶν
3074 1013 3111 1073 5

620 1117 839 1200 αὐτὸν
874 1122 1225 1221 οὐδαμῶς,
1260 1123 1690 1225 ἀρνούμενος
1740 1121 1819 1203 δὲ
1863 1121 1997 1222 τὴν
2033 1124 2344 1227 ἅῤῥητον
2376 1122 2739 1224 γέννησιν,
2776 1118 2924 1219 τὴν
2960 1124 3048 1201 ἐκ

621 1247 748 1343 τῆς
800 1245 1051 1329 οὐσίας
1097 1254 1225 1325 τοῦ
1261 1251 1453 1326 Θεοῦ
1502 1249 1619 1325 καὶ
1662 1247 1955 1351 Πατρός
1993 1253 2204 1354 φημι,
2238 1246 2461 1347 αὐτὴν
2496 1242 2862 1344 ἀδικήσεις
2903 1253 3047 1324 τοῦ

290 1390 431 1447 ’190
443 1386 522 1443 A.
565 1400 601 1441 a
624 1366 950 1454 τεκόντος
983 1367 1117 1469 τὴν
1153 1369 1402 1477 δόξαν·
1479 1373 1608 1451 οὐκ
1644 1370 1748 1451 ε”τι
1786 1371 1931 1474 γὰρ
1966 1372 2171 1451 ἔσται
2208 1370 2446 1473 πατὴρ
2484 1371 2633 1449 κατ’
2675 1366 3047 1467 ἀλήθειαν

625 1495 666 1574 ὃ
708 1492 989 1597 Πατήρ·
1048 1495 1089 1572 ὀ
1123 1492 1267 1598 γὰρ
1308 1492 1410 1595 μὴ
1460 1494 1822 1597 γεννήσας
1875 1496 2066 1581 ὅλως
2116 1496 2206 1603 ἐξ
2247 1497 2519 1592 ἑαυτοῦ,
2557 1494 2748 1576 τίνος
2789 1489 2887 1570 ἀν
2930 1493 3047 1592 εἴη

624 1616 807 1697 κατὰ
849 1617 1079 1722 φύσιν
1114 1619 1405 1722 πατήρ;
1470 1619 1941 1725 ψευδώνυμος
1977 1621 2105 1699 οὖν
2140 1620 2283 1720 ἀρα
2327 1623 2704 1702 παντελῶς
2752 1617 2801 1714 ἡ
2851 1618 3045 1716 ἁγία
3080 1649 3148 1689 10

625 1740 871 1842 Τριὰς,
910 1740 1090 1842 μήτε
1124 1750 1254 1822 τοῦ
1294 1748 1370 1823 II
1374 1741 1584 1845 ατρὸς
1639 1741 1846 1826 ὄντος
1897 1742 2079 1823 κατὰ
2127 1741 2470 1842 ἀλήθειαν
2504 1738 2804 1842 πατρὸς,
2847 1739 3045 1840 μήτε

626 1864 771 1965 μὴν
817 1872 968 1946 υἱοῦ
1024 1864 1209 1946 κατὰ
1262 1867 1493 1973 φύσιν
1542 1875 1672 1948 τοῦ
1706 1872 1908 1950 Υὶοῦ.
1984 1865 2464 1968 ἀκολουθήσει
2517 1864 2593 1945 δὲ
2647 1863 3048 1967 ἀναλόγως

626 1996 729 2097 τῷ
768 1988 1168 2093 θεωρήματι
1207 1993 1326 2070 καὶ
1363 1991 1406 2090 ἡ
1445 1992 1633 2071 κατὰ
1668 1999 1797 2071 τοῦ
1836 1991 2259 2090 Πνεύματος
2298 1989 2698 2097 δυσφημία.

741 2114 1030 2194 Οὐκοῦν
1066 2113 1514 2214 ἠπατήμεθα,
1553 2120 1670 2196 καὶ
1709 2115 2134 2222 διέψευσται
2169 2113 2299 2215 μὲν
2333 2116 2378 2216 ἡ
2422 2115 2692 2197 πίστις’
2745 2116 3038 2218 ψευδο·

625 2243 840 2337 μυθεῖ
883 2237 960 2316 δὲ
1007 2238 1053 2338 ἦ
1107 2240 1279 2341 ἁγία
1328 2238 1603 2347 γραφὴ,
1647 2238 1924 2343 πατέρα
1973 2248 2309 2319 καλοῦσα
2354 2237 2483 2319 τὸν
2520 2234 2734 2317 Θεόν·
2798 2239 2924 2316 καὶ
2980 2242 3043 2317 εἰ
3078 2263 3145 2323 15

628 2360 729 2460 μή
784 2363 944 2441 ε’στι
1000 2361 1186 2443 κατὰ
1243 2364 1471 2469 φύσιν
1508 2360 1698 2448 Θεὸς
1747 2366 1789 2442 ὁ
1830 2362 2028 2462 Υἱὸς,
2067 2367 2163 2447 ὡς
2212 2366 2291 2443 ἐκ
2336 2368 2529 2443 Θεοῦ
2576 2366 2694 2440 καὶ
2733 2358 3043 2464 Harpas-

560 2508 605 2574 b
632 2489 1011 2590 γεννηθεὶς,
1065 2486 1588 2588 πεπλανήμεθα
1644 2487 1774 2587 μὲν
1823 2489 2043 2588 ἡμεῖς,
2087 2483 2693 2587 συμπεπλάνηται
2750 2483 2830 2564 δὲ
2882 2493 3044 2569 τοῖς

632 2614 745 2692 ἐπὶ
802 2615 931 2711 τῆς
982 2616 1118 2714 γῆς
1174 2616 1291 2692 καὶ
1348 2614 1391 2711 ἡ
1449 2613 1599 2692 ἀνω
1653 2610 1869 2696 πόλις
1928 2619 2045 2690 καὶ
2105 2613 2150 2711 ἡ
2210 2618 2357 2690 τῶν
2411 2612 2637 2712 ἁγίων
2693 2609 3043 2711 ἀγγέλων

633 2735 1104 2838 καθαρωτάτη
1140 2735 1451 2836 πληθυς,
1490 2741 1592 2844 τῷ
1644 2735 1827 2815 κατὰ
1878 2736 2108 2843 φύσιν
2144 2740 2309 2842 Θεῷ
2358 2732 2917 2840 συνδοξάζουσά
2961 2768 3042 2813 τε

632 2895 749 2940 και
798 2870 1492 2964 συμπροσκυνοῦσα,
1530 2895 1649 2940 και
1698 2862 1826 2939 οὐκ
1876 2857 2011 2939 οἷδ’
2052 2893 2247 2943 οπως
2300 2858 2798 3011 δοξολογεῖνᾼ’
2754 2892 3033 2938 αναπε·
3068 2888 3134 2930 ²0

630 2986 981 3135 πεισμένη
1036 2983 1391 3093 θεοφόρον
1438 3020 1509 3063 τι
1564 2993 1820 3069 σκεῦος
1877 2987 1995 3065 καὶ
2049 2990 2194 3064 τῶν
2240 2979 2659 3083 ποιημάτων
2707 2980 2804 3077 ἓν,
2852 2981 3045 3061 κατά

633 3144 719 3212 γε
769 3108 902 3210 τὴν
946 3110 1225 3190 ἐκείνων
1270 3111 1712 3213 ἀβελτηρίαν
1759 3111 1966 3216 φημί.
2042 3114 2102 3188 εἶ
2157 3107 2236 3189 δὲ
2285 3106 2628 3201 βούλοιτό
2676 3140 2855 3185 ποτε
2911 3110 3044 3206 τῆς

634 3240 732 3318 εἰς
804 3231 932 3313 τὸν
993 3233 1176 3314 Υἱὸν
1250 3233 1578 3340 σχέσεως
1655 3237 1772 3314 καὶ
1840 3237 1967 3331 τῆς
2038 3230 2457 3331 ἐνοικήσεως
2527 3233 2926 3334 ἀναχωρεῖν
3002 3232 3044 3309 ὁ

637 3357 918 3458 Πατὴρ,
979 3358 1181 3438 οὐδὲν
1239 3359 1493 3438 διοίσει
1560 3358 1753 3462 τάχα
1815 3364 1961 3438 τῶν
2023 3352 2612 3456 διωλισθηκότων
2670 3358 2797 3453 τῆς
2859 3356 3045 3439 ἰδίας

634 3483 880 3585 ἀρχῆς,
936 3480 1115 3560 ’ίδιον
1167 3481 1298 3581 μὲν
1356 3482 1541 3588 ἔχων
1597 3482 1822 3580 οὐδὲν,
1878 3483 2038 3562 οὔτε
2094 3481 2238 3580 μὴν
2292 3483 2367 3559 ἐν
2425 3479 2566 3586 ἰδίᾳ
2628 3477 2851 3585 φύσει
2911 3474 3043 3558 τδν
3073 3508 3138 3567 ²5

575 3636 613 3680 ο
635 3602 1089 3707 γεννήσαντα
1161 3606 1423 3711 φέρων,
1486 3606 1729 3686 πάντα
1803 3605 1881 3685 δὲ
1946 3611 2236 3704 μᾶλλον
2304 3604 2650 3706 ὑπάρχων
2710 3601 2802 3682 τὰ
2871 3605 3043 3684 καθ’

633 3728 839 3827 ἡμᾶς,
896 3730 1012 3807 καὶ
1067 3726 1252 3833 μόνῃ
1308 3735 1397 3832 τῇ
1454 3731 1608 3836 θείᾳ
1665 3729 2122 3833 νευρούμενος
2181 3725 2445 3833 χάριτι,
2505 3724 2708 3806 ἀλλὰ
2762 3728 2882 3804 καὶ
2938 3732 3046 3835 τῷ

632 3855 759 3951 τῆς
817 3848 1134 3952 υἶότητος
1192 3851 1486 3951 ὀνόματι
1541 3855 1706 3950 μεθ’
1754 3854 1957 3952 ἡμῶν
2006 3853 2485 3951 τετιμημένος.
2568 3850 2644 3929 τί
2690 3851 2849 3947 οὖν,
2891 3852 3057 3932 εἶπέ

632 4010 779 4076 μοι,
831 3974 932 4077 μὴ
989 3980 1106 4055 καὶ
1155 3975 1368 4062 αὐτὸς
1423 3973 1568 4056 σῦν
1624 3977 1792 4076 ἡμῖν
1846 3975 1980 4078 τὴν
2034 3976 2295 4056 οἰκείαν
2349 3976 2700 4076 ὁμολογεῖ
2750 3973 3041 4081 φύσιν;

300 4113 545 4178 Bar.iii..3
634 4103 827 4180 διατί
876 4101 952 4182 δὲ
988 4112 1033 4149 “
1057 4103 1316 4200 Ἡμεῖς
1371 4102 1867 4199 ἀπολλύμενοι
1921 4102 2050 4181 τὸν
2093 4106 2336 4197 αἰῶνα,
2376 4103 2494 4179 καὶ
2549 4097 2763 4183 αὐτὸς
2819 4099 3045 4200 καθή-
3075 4127 3145 4187 30

636 4233 679 4271 ‘⁴
716 4258 925 4322 μενος
987 4225 1114 4305 τὸν
1169 4232 1393 4306 αἰῶνα
1423 4227 1491 4324 ;”
1565 4234 1696 4306 τοῦ
1766 4225 1842 4306 δὲ
1901 4224 1990 4324 δὴ
2048 4222 2258 4329 χάριν
2313 4223 2510 4322 ἡμεῖς
2565 4221 2696 4320 μὲν
2751 4222 3044 4321 οἰκέται,

704 4507 757 4562 8.
794 4505 922 4560 κατὰ
948 4505 1013 4559 Ε.
1202 4520 1285 4572 14.
1321 4504 1708 4574 ’ψευδομυθεῖτο
1733 4504 1797 4559 Ε.
1898 4502 2092 4557 Statim
2118 4474 2219 4572 ’γὰρ
2244 4518 2343 4571 pro
2368 4502 2424 4556 δε
2451 4502 2517 4556 Ε.
2889 4524 2953 4558 ον
2976 4502 3045 4558 Ε.

635 4589 722 4648 27.
757 4578 970 4648 χάριτος
994 4576 1060 4632 Ε.
1170 4578 1231 4643 τῇ
1260 4575 1384 4646 (sic)
1411 4593 1510 4646 pro
1533 4578 1605 4646 τῷ
1633 4575 1698 4629 Ε.
1912 4590 2000 4643 3ο.
2039 4573 2129 4629 Ab
2152 4573 2311 4629 αἰῶνα
2333 4572 2402 4627 ad
2425 4573 2585 4628 αἰῶνα
2608 4502 2936 4630 παυθῦἰῑῖἰ.
