3238 5158
196 336 567 420 xv.26,27.
633 336 750 402 IN
810 337 877 405 S.
925 336 1445 403 JOANNEM.
1536 336 1731 403 LIB.
1779 338 1866 403 X.
1955 337 2157 404 CAP.
2205 338 2302 405 ΙΙ.
2479 339 2608 403 607

196 500 462 603 γέγονε
499 501 928 607 δημιουργὸς
964 504 1007 582 ὃ
1026 500 1388 657 Χριστὸς,
1424 501 1473 583 ἃ
1507 509 1626 583 καὶ
1667 503 1800 604 τὴν
1836 501 2213 588 Μωυσέως
2251 503 2608 606 ὑπεραίρει
2631 549 2667 594 0

198 622 436 731 δόξαν
493 629 608 705 καὶ
668 625 939 711 παντὸς
1005 628 1216 730 ἁγίου
1275 625 1781 780 λαμπρότητα·
1858 662 1945 708 το
2000 626 2143 730 γὰρ
2202 626 2425 734 φάναι
2481 623 2611 708 τὸν

203 749 486 852 Κύριον
545 761 588 798 “
610 756 702 830 Εἰ
754 747 849 832 τὰ
903 750 1080 854 ἔργα
1132 750 1234 851 μὴ
1283 752 1590 851 ἐποίησα
1627 754 1704 830 έν
1740 751 1976 836 αὐτοῖς
2010 746 2059 831 ἀ
2097 753 2339 851 μηδεις
2378 750 2610 835 ἄλλος
2699 750 2907 883 {¹3³2

205 876 647 976 “ε’ποίησε,”
705 875 1040 976 τοιαύτην
1099 875 1269 977 ἡμῖν
1323 873 1456 974 τὴν
1493 874 1812 957 διάνοιαν
1854 874 2196 981 εισφέρει.
2277 871 2430 955 εἶτα
2483 872 2612 954 τὸν

122 1024 173 1088 5
207 1004 359 1078 τῶν
414 999 822 1080 ἐλαττόνων
882 999 1239 1104 ὑπηρέτην
1297 1002 1416 1080 καὶ
1472 999 1822 1100 διάκονον,
1886 1002 2074 1107 φημὶ
2130 1000 2207 1080 δὲ
2259 998 2609 1099 Μωυσέα,

202 1130 364 1208 ταῖς
400 1126 586 1204 οὕτω
636 1132 1003 1228 λαμπραῖς
1054 1125 1531 1231 καταστέφεις
1568 1133 1828 1224 τιμαῖς,
1864 1124 1993 1205 τὸν
2031 1123 2108 1204 δὲ
2157 1124 2612 1228 ἀσυγκρίτως

208 1248 575 1355 ὑπερφερῆ
626 1251 743 1329 καὶ
791 1246 989 1329 πολὺ
1033 1254 1180 1329 τῶν
1215 1246 1607 1349 ἀμεινόνων
1650 1247 1982 1353 ἐργάτην,
2019 1247 2384 1333 ἀσυνέτως
2422 1249 2610 1328 οὕτω

205 1371 764 1474 παρωθούμενος
801 1373 929 1453 οὐκ
963 1374 1312 1480 ἐρυθριᾷς,
1352 1373 1578 1454 καίτοι
1616 1380 1764 1458 τοῖς
1801 1373 1920 1454 διὰ
1948 1372 2328 1457 Μωυσέως
2363 1407 2605 1478 χρησ-

205 1494 602 1603 μῳδήμασι
674 1496 760 1577 τὸ
831 1495 1066 1578 πάλαι
1138 1496 1659 1599 διηγγελμένον
1732 1495 2101 1601 ἐπάγοντα
2178 1496 2419 1600 πέρας,
2494 1500 2612 1576 καὶ

85 1659 180 1701 10
208 1623 725 1701 κατακλείοντα
779 1619 1040 1703 λοιπὸν
1094 1627 1192 1706 εἰς
1248 1620 1592 1722 ἀλήθειαν
1629 1619 1762 1722 τὴν
1799 1620 2037 1703 σκιάν.
2117 1623 2299 1723 ὁμοῦ
2353 1655 2601 1724 τοιγα-
2634 1653 2670 1693 a
2713 1641 2841 1695 910
2865 1638 2942 1695 Δ.

205 1754 383 1849 ροῦν
428 1748 468 1825 ὃ
517 1746 783 1850 Κύριος
820 1747 1026 1847 ἡμῶν
1071 1746 1359 1847 Ἰησοῦς
1397 1747 1437 1826 ὁ
1476 1745 1805 1850 Χριστὸς
1853 1746 2435 1845 συνεισκεκόμικε
2480 1746 2613 1846 μὲν

208 1872 613 1974 ἀναγκαίως
662 1873 891 1980 ἑαυτῷ
924 1905 1005 1952 τε
1040 1876 1160 1951 καὶ
1197 1877 1301 1978 τῷ
1342 1874 1581 1974 Πατρὶ
1618 1869 1755 1971 τὴν
1787 1879 1916 1952 τοῦ
1956 1869 2380 1971 Πνεύματος
2417 1870 2607 1972 μνή-

207 2024 381 2096 μην·
460 1995 845 2101 ἀπελέγχει
880 1994 956 2076 δὲ
993 1993 1143 2096 ἅμα
1191 1993 1277 2077 τὸ
1333 1994 1703 2098 εἰρημένον
1754 1993 2042 2096 ἀληθὲς,
2079 1995 2477 2093 τουτέστιν,
2515 1998 2612 2079 ὡς

209 2119 406 2223 εἴπερ
452 2154 561 2205 τις
597 2121 836 2201 ἕλοιτο
873 2118 990 2199 διὰ
1025 2121 1287 2221 μίσους
1331 2118 1517 2225 ἔχειν
1551 2117 1681 2201 τὸν
1718 2118 1923 2219 Υὶὸν,
1963 2117 2611 2221 συναποστυγήσει

89 2271 179 2334 15
211 2242 302 2344 δὴ
349 2242 638 2330 πάντως
686 2247 805 2325 καὶ
853 2244 982 2325 τὸν
1018 2243 1107 2352 ἐξ
1145 2243 1362 2348 οὗπέρ
1430 2246 1593 2324 ἐστι
1632 2243 1946 2349 Πατέρα·
2008 2246 2129 2325 καὶ
2175 2251 2332 2329 πῶς
2367 2241 2412 2345 ἢ
2450 2243 2616 2355 τίνα

209 2366 301 2468 δὴ
336 2369 637 2471 τρόπον,
684 2368 813 2450 θέα
846 2365 1094 2450 πάλιν.

324 2491 513 2573 Ἰδοὺ
571 2491 715 2597 γὰρ
774 2490 927 2573 ἶδοὺ
982 2491 1255 2601 πνεύμα
1316 2492 1432 2588 τ’ἧς
1492 2490 1838 2593 ἀληθείας,
1896 2491 2271 2573 τουτέστιν
2335 2494 2606 2593 ἑαυτοῦ,

208 2614 339 2699 τὸν
396 2617 885 2721 Παράκλητον
941 2617 1190 2717 εἰπὼν,
1250 2616 1450 2726 παραὶ
1504 2621 1612 2699 τοῦ
1659 2618 1925 2727 Πατρὶς
1982 2614 2202 2698 αὐτὸν
2256 2617 2598 2725 ἐκπορεύε-
2634 2637 2677 2702 b

208 2743 396 2822 σθαί
461 2750 717 2848 φησιν.
814 2741 1063 2848 ὥσπερ
1140 2741 1282 2847 γάρ
1346 2745 1548 2824 ἐστιν
1618 2743 1799 2823 ’ίδιον
1858 2749 2159 2841 Πνεῦμα
2229 2750 2360 2822 τοῦ
2427 2747 2610 2822 Υἶοῦ

94 2921 184 2963 20
211 2873 561 2973 φυσικῶς,
597 2869 674 2947 ἐν
709 2868 902 2975 αὐτῷ
938 2902 1014 2947 τε
1054 2866 1379 2972 ὑπάρχον
1416 2869 1537 2946 καὶ
1580 2868 1667 2947 δι’
1703 2868 1920 2948 αὐτοῦ
1952 2864 2229 2970 προϊὸν,
2269 2868 2456 2946 οὕτω
2493 2869 2610 2946 καὶ

211 2998 342 3071 τοῦ
399 2988 715 3095 Πατρός·
790 2989 895 3077 οἷς
950 2991 1026 3073 δὲ
1080 2990 1165 3073 τὸ
1209 2997 1508 3090 Πνεῦμα
1564 2988 1824 3090 κοινὸν,
1875 2989 2155 3077 τούτοις
2210 2988 2315 3091 εἴη
2380 2989 2611 3091 δήπου

209 3113 500 3201 πάντως
555 3113 646 3195 ἂν
697 3118 814 3196 καὶ
868 3115 960 3197 τὰ
1017 3119 1142 3216 τῆς
1198 3117 1449 3200 οὐσίας
1506 3116 1591 3195 οὑ
1649 3115 2104 3219 διωρισμένα.
2180 3113 2281 3215 μὴ
2328 3111 2473 3219 γὰρ
2518 3112 2608 3215 δή

210 3272 394 3323 τινες
442 3239 628 3341 ἡμᾶς
676 3247 822 3321 τῶν
859 3244 1249 3337 δυσσεβεῖν
1283 3240 1634 3321 εἰωθότων
1673 3246 1822 3324 τοῖς
1857 3240 1937 3320 ἐκ
1973 3240 2282 3338 ἀμαθίας
2332 3241 2601 3319 ἀποκο-

208 3363 557 3468 μιζόντων
593 3362 843 3468 λόγοις
880 3369 978 3449 εἶς
1013 3360 1063 3445 ἃ
1105 3363 1207 3466 μὴ
1246 3365 1443 3463 θέμις
1492 3367 1777 3461 ἐννοεῖν,
1815 3367 1913 3448 ὦς
1964 3361 2402 3467 ὑπουργικήν
2447 3397 2611 3443 τινα

96 3524 183 3587 25
209 3489 457 3594 χρείαν
512 3491 962 3593 ἀποπληρῶν
1008 3490 1051 3569 ὃ
1105 3487 1281 3574 Υὶδς
1337 3488 1407 3570 τὶ
1466 3478 1670 3597 παρα
1725 3489 1837 3569 τοῦ
1872 3487 2140 3596 Πατρὶς
2180 3489 2461 3593 Πνεῦμα
2514 3493 2608 3593 τῇ

209 3613 442 3693 κτίσει
475 3617 801 3693 διακονεῖ·
865 3615 983 3695 καὶ
1017 3621 1232 3695 τοῦτο
1267 3609 1411 3716 γὰρ
1449 3611 1815 3695 ἀσυνέτως
1848 3611 2032 3695 τινὲς
2070 3611 2154 3690 οὑ
2190 3609 2610 3691 κατέδεισαν
2635 3643 2672 3687 ο

209 3741 453 3817 εἰπεῖν.
526 3736 890 3818 πιστεύειν
946 3735 1024 3818 δε
1087 3744 1379 3836 μᾶλλον
1443 3735 1869 3827 ἀκόλουθον,
1932 3739 2030 3820 ὡς
2092 3736 2379 3838 ἐπείπερ
2433 3732 2613 3815 ιδιόν

210 3863 415 3942 ἐστιν
477 3863 715 3961 αὑτοῦ,
776 3858 1101 3965 καθάπερ
1164 3861 1415 3961 ἀμέλει
1478 3863 1599 3940 καὶ
1666 3867 1796 3941 τοῦ
1862 3865 2056 3941 Θεοῦ
2119 3862 2236 3939 καὶ
2299 3855 2613 3962 Πατρος,

210 3983 660 4066 ἀποστελλει
712 3992 862 4070 τοῖς
899 3987 1127 4089 ἁγίοις
1173 3986 1391 4065 αὐτοῦ
1437 3991 1792 4084 μαθηταῖς
1845 4017 2031 4087 προς
2079 3983 2474 4086 ἁγιασμόν.
2556 3987 2615 4061 εἰ

98 4148 184 4206 30
211 4107 290 4190 δε
344 4106 435 4209 δὴ
491 4109 857 4214 νομίζουσι
912 4106 1184 4214 τρόπον
1215 4106 1376 4190 τινὰ
1429 4112 1546 4189 καὶ
1601 4106 1816 4211 δριμὺ
1854 4113 2038 4187 νοεῖν
2071 4141 2150 4187 τε
2190 4110 2308 4187 καὶ
2352 4107 2614 4210 λεγειν,

208 4230 540 4313 διάκονον
593 4233 761 4333 ἡμῖν
816 4236 933 4313 καὶ
989 4229 1352 4337 ὑπουργὸν
1401 4234 1536 4312 κάν
1570 4230 1803 4340 τούτῳ
1859 4229 1947 4330 δὴ
1996 4228 2225 4311 πάλιν
2267 4228 2397 4312 τὸν
2433 4228 2615 4310 Υἱὸν

280 4534 333 4584 4.
369 4513 621 4582 πεποίηκε
645 4513 710 4570 Ε.
735 4514 805 4570 ef.
831 4531 996 4588 supra
1018 4527 1122 4589 907
1149 4514 1204 4570 b.
1435 4512 1490 4567 8.
1680 4529 1741 4567 ro
1765 4513 1875 4568 τοῖς
1899 4510 1965 4567 Ε.
2213 4525 2368 4583 17-p.
2388 4508 2509 4580 609,
2531 4523 2616 4562 υ.
2703 4536 2708 4547 ·

208 4586 379 4642 citant
403 4603 457 4657 q.
485 4584 648 4641 Vecci
671 4585 859 4657 Epigr.
885 4603 936 4642 v.
1279 4598 1369 4656 30.
1406 4514 1614 4655 δριμὺῦ
1667 4583 1878 4639 ,invito
1902 4582 2097 4637 Vacca.
