3238 5158
259 331 380 397 xiv.
410 352 510 402 20.
625 340 742 404 IN
800 341 867 408 S.
917 342 1436 410 JOANNEM.
1526 345 1720 410 LIB.
1766 346 1889 411 IX.
1981 347 2184 413 CAP.
2231 346 2286 410 Ι.
2525 344 2656 408 487

259 501 451 606 παρὰ
499 503 629 585 τὸν
662 506 846 586 Υὶὸν
881 505 967 589 τὸ
1006 514 1307 610 Πνεῦμα
1355 511 1593 610 αὑτοῦ,
1630 508 1816 592 κατά
1864 544 1951 613 γε
1997 508 2128 592 τὸν
2170 513 2248 592 ἐν
2283 507 2667 609 ταυτότητι

262 623 503 729 λόγον,
542 634 733 736 φημὶ
770 631 860 731 δὴ
900 638 993 739 τῇ
1029 638 1331 741 φυσικῇ.
2690 639 2729 687 ⁰

365 755 586 835 Οὕτω
643 754 718 836 δὲ
772 757 942 855 ἡμῖν
987 767 1115 839 τοῦ
1169 761 1332 863 περὶ
1387 757 1664 839 τούτων
1710 759 2344 866 προκεχωρηκότος
2395 757 2657 860 λόγου,

265 872 426 982 φέρε
491 878 624 978 τὴν
677 886 824 960 τῶν
878 886 1363 986 προκειμένων
1418 881 1854 987 παραθέντες
1915 881 2253 983 διάνοιαν,
2307 889 2466 967 ταῖς
2531 889 2663 963 τοῦ

201 1010 237 1075 5
269 1004 597 1105 Σωτῆρος
637 1011 912 1111 φωναῖς
948 1004 1174 1107 αὑτὴν
1210 1008 1744 1157 ἐφαρμόσωμεν
1768 1013 1879 1090 Ἐν
1916 1009 2116 1122 ἐκείνῃ
2154 1007 2299 1111 γὰρ
2338 1017 2417 1119 τῇ
2453 1004 2665 1115 ἦμέρᾳ

1850 1133 2413 1167 χχχχχχ

264 1124 597 1227 γνώσεσθέ
640 1130 966 1285 φησιν,’
932 1167 1027 1211 οτι
1065 1128 1203 1235 ἐγω
1249 1134 1309 1214 ἐν
1346 1141 1443 1242 τῷ
1479 1136 1695 1239 Harpe
1751 1168 1873 1214 και
1926 1169 2116 1238 υμεις
2167 1168 2230 1214 εν
2269 1168 2416 1239 εμοι
2461 1128 2667 1234 κάγὼ

26 1350 27 1367 2
263 1249 322 1331 ἓν
368 1255 542 1356 ὑμῖν.
630 1251 774 1355 ἐγω
820 1253 952 1355 μὲν
986 1254 1131 1360 γὰρ
1179 1255 1396 1373 ζῶ,φ
1337 1259 1548 1359 φησὶ,
1585 1251 1727 1358 ζωὴ
1779 1254 1924 1359 γάρ
1974 1262 2114 1357 εἶμι
2163 1254 2348 1337 κατὰ
2397 1253 2661 1362 φύσιν,
2757 1260 2843 1394 ffi-
2853 1275 2959 1312 '⁰¹‘-

26 1446 35 1497 [
264 1379 377 1454 καὶ
470 1411 662 1458 ωντα
716 1378 846 1460 τὸν
896 1382 1204 1481 ἐμαυτοῦ
1257 1380 1535 1486 δέδειχα
1590 1378 1791 1461 ναόν·
1860 1382 2032 1461 ἀλλ’
2073 1415 2249 1461 οταν
2300 1384 2417 1461 καὶ
2474 1382 2671 1480 ὑμεῖς

38 1600 45 1609 ⁶
264 1499 460 1580 αὐτοὶ
497 1501 727 1583 καίτοι
764 1504 1175 1611 φθαρτῆς
1128 1538 1329 1589 οντες
1373 1505 1687 1612 φυσεως,
1725 1504 2080 1608 ζῶντας“
2043 1501 2338 1589 εαυτοὺς
2387 1503 2661 1607 θεωρή-

26 1704 37 1741 r
138 1655 234 1700 10
263 1657 438 1722 σητε
504 1620 669 1707 καθ
720 1626 1109 1730 ὁμοιότητα
1167 1628 1300 1732 τὴν
1347 1628 1531 1731 πρὸς
1589 1629 1704 1727 με’·
1791 1629 1953 1710 τότε
2010 1628 2100 1729 δὴ
2155 1627 2504 1732 γνώσεσθε,
2554 1631 2671 1708 καὶ
2696 1657 2733 1698 a
2777 1645 2913 1700 824
2928 1641 3013 1699 Δ·

261 1746 466 1849 μαλα
515 1752 880 1859 σαφῶς,“’
839 1787 950 1833 οτι
999 1751 1142 1857 ζωὴ
1194 1753 1380 1834 κατὰ
1431 1754 1663 1862 φυσιν
1704 1752 2068 1859 ὑπάρχων,
2108 1751 2503 1859 ὑπάρχοντι
2553 1756 2673 1833 καὶ

264 1873 453 1980 αὐτῷ
527 1874 671 1982 ζωῇ
744 1876 927 1958 κατὰ
993 1879 1225 1985 φυσιν
1288 1884 1392 1988 τῷ
1457 1883 1627 1986 Θεῷ
1699 1881 1817 1959 καὶ
1884 1881 2123 1981 Πατρὶ
2195 1881 2506 1982 συνῆψα
2580 1876 2666 1957 δι’

261 1998 589 2098 ἐμαυτοῦ,
663 2001 1040 2088 κοινωνοὺς
1124 2037 1376 2105 ωσπερ
1457 2007 1575 2084 καὶ
1658 2001 2006 2107 μετόχους
2086 2004 2469 2083 ἀποτελῶν
2541 2005 2671 2149 τῆς

262 2123 681 2228 ἀφθαρσίας
729 2127 968 2209 αὑτοῦ.
1043 2126 1186 2231 ἐγω
1236 2127 1369 2228 μὲν
1402 2125 1547 2231 γὰρ
1598 2132 1929 2234 φυσικῶς
1979 2129 2055 2206 ἐν
2093 2127 2354 2229 Πατρι,
2392 2159 2672 2229 καρπος

136 2271 228 2333 15
263 2246 410 2352 γάρ
442 2255 585 2346 εἶμι
620 2254 749 2349 τῆς
797 2252 1048 2336 οὐσίας
1097 2253 1316 2331 αὑτοῦ
1364 2255 1483 2332 καὶ
1524 2249 1835 2354 γνήσιον
1869 2250 2207 2353 γέννημα,
2245 2248 2670 2356 ἐνυπάρχων

261 2404 343 2451 τε
385 2373 503 2452 καὶ
541 2373 631 2481 ἐξ
662 2376 882 2476 αὐτῆς
913 2374 1254 2482 πεφηνὸς
1289 2373 1430 2479 ζωὴ
1467 2377 1545 2456 ἐκ
1586 2373 1787 2478 ζωῆς,
1825 2380 2015 2481 ὑμεῖς
2052 2372 2128 2456 δὲ
2174 2375 2235 2456 ἐν
2270 2375 2415 2481 ἐμοὶ
2468 2370 2673 2477 κάγῶ

261 2498 324 2577 ἐν
361 2502 533 2604 ὑμῖν,
571 2500 752 2581 καθο
799 2499 1091 2608 πε’φηνα
1139 2499 1272 2602 μὲν
1308 2502 1689 2605 ἅνθρωπος
1726 2497 1889 2603 ἐγὼ,
1928 2533 2305 2585 κοινωνους
2354 2498 2431 2579 δὲ
2480 2499 2672 2584 θείας

260 2621 554 2724 φύσεως
618 2623 960 2733 ἀπεδειξα
1017 2624 1103 2707 τὸ
1161 2631 1464 2717 Πνεῦμα
1521 2622 1605 2705 τὸ
1662 2622 1835 2724 ἐμον
1889 2623 2243 2708 ἐνοικίσας
2310 2625 2493 2723 ὑμῖν.
2594 2625 2671 2705 ἐν
2694 2634 2739 2698 b

261 2745 434 2844 ἡμῖν
469 2748 611 2851 γάρ
660 2751 862 2829 ἐστιν
906 2751 947 2829 5
994 2748 1326 2852 Χριστὸς
1375 2746 1493 2830 διὰ
1538 2756 1670 2829 τοῦ
1720 2745 2166 2846 Πνεύματος,
2203 2745 2672 2897 μετατρέπων

130 2908 233 2953 20
262 2874 364 2952 εἷς
402 2871 819 2976 ἀφθαρσίαν
854 2871 940 2953 τὸ
977 2874 1402 2980 φθείρεσθαι
1435 2870 1779 2980 πεφυκος,
1814 2872 1933 2951 καὶ
1966 2874 2369 2972 μετατιθεὶς
2417 2873 2493 2950 ἐκ
2541 2878 2674 2951 τοῦ

258 2994 788 3095 καταθνήσκειν
835 2998 1021 3101 πρὸς
1075 2995 1160 3078 τὸ
1216 2995 1318 3097 μὴ
1374 2999 1598 3083 οὕτως
1654 2996 1842 3101 ἕχον.
1927 2993 2038 3076 διὸ
2094 2998 2212 3075 καὶ
2267 2996 2308 3074 5
2368 2992 2672 3079 Παῦλός

258 3123 520 3226 φησιν,
560 3119 671 3200 ὅτι
708 3131 752 3170 “
779 3123 820 3202 5
869 3124 1143 3226 ἐγείρας
1188 3123 1483 3222 Ἰησοῦν
1519 3118 1852 3223 Χριστὸν
1901 3121 1980 3200 ἐκ
2036 3125 2302 3221 νεκρῶν
2356 3115 2661 3219 ζωοποι-
2756 3121 2956 3242 ἓξὲξ·ι

253 3253 306 3291 “
345 3242 510 3344 ήσει
575 3250 691 3326 καὶ
756 3245 849 3326 τὰ
911 3244 1141 3347 θνητᾶ
1204 3245 1516 3346 σώματα
1578 3248 1798 3345 ὑμῶν,
1860 3242 1978 3325 διὰ
2040 3251 2170 3324 τοῦ
2231 3245 2672 3328 ἐνοικοῦντος

252 3378 303 3416 “
343 3370 564 3449 αὑτοῦ
606 3368 1024 3470 Πνεύματος
1060 3372 1136 3451 ἐν
1175 3368 1411 3469 ὑμῖν.”
1468 3374 1530 3450 εἰ
1565 3368 1712 3474 γὰρ
1746 3370 1863 3451 καὶ
1897 3367 2230 3472 πρόεισιν
2265 3369 2343 3448 ἐκ
2374 3364 2674 3471 Πατρὶς

115 3531 221 3594 25
250 3489 349 3573 τὸ
392 3498 693 3592 Πνεῦμα
728 3493 813 3574 τὸ
838 3492 1126 3597 Ἀγιον,
1164 3494 1336 3574 ἀλλ’
1377 3493 1658 3599 ἔρχεται
1707 3494 1792 3573 δι’
1832 3497 2039 3585 Υἱοῦ,
2079 3496 2199 3572 καὶ
2247 3489 2430 3573 ἴδιόν
2465 3494 2671 3573 ἐστιν

249 3617 509 3697 αὑτοῦ·
571 3616 813 3698 πάντα
847 3617 993 3723 γὰρ
1031 3620 1116 3699 δι’
1156 3624 1340 3700 Υὶοῦ
1382 3616 1583 3723 παρὰ
1623 3616 1940 3721 Πατρός.
2015 3615 2126 3698 ὅτι
2176 3614 2323 3720 γὰρ
2372 3614 2491 3696 διὰ
2541 3625 2670 3697 τοῦ
2692 3651 2730 3696 ο

251 3741 689 3842 Πνεύματος
727 3748 824 3826 εἷς
860 3741 1044 3846 ζωὴν
1080 3741 1643 3844 ἀνεπλάσθημεν
1678 3740 1811 3843 τὴν
1848 3741 2152 3839 αἰώνιον,
2188 3743 2228 3822 5
2264 3748 2451 3826 θεῖος
2499 3742 2672 3841 ἡμῖν

244 3863 588 3973 μελῳδὸς
642 3867 1222 3970 ἐπιμαρτυρήσει,
1257 3873 1457 3961 βοῶν
1494 3869 1590 3951 ὦς
1640 3865 1825 3970 πρὸς
1872 3864 2001 3946 τὸν
2045 3871 2193 3946 τῶν
2243 3863 2438 3946 ολων
2476 3863 2672 3947 Θεόν

246 3999 303 4037 “
340 3988 812 4096 Ἀνοίξαντος
847 3990 935 4071 δέ
959 4025 1102 4072 σου
1148 3990 1284 4091 τὴν
1320 3996 1523 4097 χεῖρα
1569 3988 1663 4071 τὰ
1711 3989 2105 4090 σύμπαντα
2153 3987 2669 4090 πλησθήσεται
2758 4002 2966 4131 ξέ-ξὲῑί·

243 4112 857 4219 “χρηστότητος·
915 4115 1519 4222 ἀποστρέψαντος
1566 4114 1654 4194 δέ
1692 4147 1836 4194 σου
1882 4110 1966 4193 τὸ
2003 4109 2404 4217 πρόσωπον
2438 4148 2664 4217 ταρα-

240 4248 300 4288 “
340 4237 770 4344 χθήσονται·
829 4242 1237 4325 ἀντανελεῖς
1291 4237 1376 4319 τὸ
1424 4246 1706 4335 πνεῦμα
1755 4238 1991 4318 αὐτῶν
2035 4238 2152 4317 καὶ
2206 4238 2665 4345 ἐκλείψουσι,

26 1834 37 1867 t

332 4460 389 4499 2.
416 4443 480 4514 δὴ
507 4442 650 4499 Catt.
676 4443 735 4499 δὲ
760 4443 865 4500 Ed.
1007 4463 1062 4517 9.
1086 4445 1251 4502 καίτοι
1276 4454 1617 4525 assumptum
1642 4459 1707 4496 ex
1733 4441 1850 4497 En.
2000 4441 2084 4498 16.
2109 4443 2266 4511 αυτ-ἧς
2289 4442 2355 4497 Ε.
2381 4442 2540 4497 αὐτοῦ
2564 4439 2671 4495 Ed.

240 4531 350 4573 22.
394 4518 425 4569 ὁ
448 4525 787 4585 assumptum
813 4533 879 4570 ex
904 4514 973 4572 Ε.
1225 4515 1458 4584 24—fin.
1484 4512 1606 4570 libri
1629 4513 1759 4568 citat
1782 4531 1837 4585 p.
2083 4511 2170 4567 26.
2109 4463 2374 4584 παρὰ]
2411 4521 2462 4577 -ι-
2495 4513 2591 4567 roi>
2613 4527 2671 4582 p.

242 4604 350 4659 ²9·
392 4585 455 4641 δι’
473 4594 815 4657 assumptum
840 4604 906 4641 ex
931 4585 998 4642 Ε.
