3238 5158
153 369 258 413 xv.
290 348 391 414 18.
535 352 643 417 IN
704 355 770 419 S.
817 355 1339 432 JOANNEM2
1425 356 1617 422 LIB.
1664 357 1748 422 X.
1840 358 2043 425 CAP.
2089 355 2182 426 11.
2426 360 2554 427 587

152 514 428 610 σ”μένον
489 525 639 603 τοῖς
702 527 849 600 τῶν
907 523 1314 628 αἰσχίστων
1370 525 1730 627 ἐρασταῖς,
1786 528 1906 604 καὶ
1969 531 2119 609 τοῖς
2179 529 2278 611 εἷς
2335 524 2556 630 ἄκρον

152 636 414 736 ἥκουσι
455 646 843 746 βδελυρίας
877 649 1252 747 κοσμικῆς,
1289 647 1872 752 παρακρούεσθαι
1914 646 2047 748 μὲν
2085 651 2181 733 ὡς
2216 654 2549 756 δυσαχθῆ

152 769 273 842 καὶ
310 763 720 849 ἀλλόκοτον
755 768 884 851 τὸν
920 770 1465 877 σωφρονίζοντα
1514 768 1765 874 λόγον,
1802 771 2239 879 ἐπιφύεσθαι
2289 774 2364 855 δὲ
2403 782 2551 860 τοῖς

151 892 608 991 εἰσηγεῖσθαι
671 892 1169 998 σπουδάῷυσι
1233 893 1327 976 τὰ
1399 903 1545 976 τῶν
1604 893 2049 997 μαθημάτων
2100 896 2369 1000 ἄριστα
2431 903 2551 980 καὶ

68 1031 115 1093 5
151 1010 249 1091 τὰ
303 1014 390 1091 δι’
449 1010 550 1096 ὧν
604 1019 933 1117 ἀμείνους
975 1019 1266 1101 ἔσονται
1320 1019 1367 1122 ἢ
1412 1017 1766 1125 πρότερον
1815 1017 2031 1120 ἦσαν,
2087 1023 2339 1121 μόναις
2394 1032 2547 1109 ταῖς
2570 1060 2607 1106 ο

148 1137 362 1222 ἰδίαις
417 1139 701 1238 ἡδοναῖς
756 1141 843 1224 τὸ
898 1151 1183 1249 κρατεῖν
1217 1143 1755 1249 ἐπιτρέψαντες.
1836 1143 2040 1224 ἀλλὰ
2094 1145 2239 1249 γὰρ
2293 1157 2551 1250 μικροῦ

147 1261 256 1361 με’
299 1296 369 1343 τι
423 1270 569 1344 τῶν
623 1269 1034 1369 ἀναγκαίων
1089 1265 1523 1373 παρελάσαν
1588 1265 1844 1375 ᾤχετο,
1907 1270 2136 1349 καίτοι
2193 1278 2349 1356 ταῖς
2404 1280 2554 1352 τῶν

146 1389 634 1491 προκειμένων
671 1392 1069 1497 θεωρίαις”
1030 1427 1140 1473 οτι
1175 1391 1504 1492 μάλιστα
1539 1393 1819 1495 πρέπον
1852 1425 1932 1472 τε
1968 1398 2085 1474 καὶ
2130 1393 2547 1500 χρεωστού-

153 1544 401 1608 μενον.

55 1676 119 1717 :0
268 1633 593 1719 Ἰουδαῖοι
646 1637 779 1739 μὲν
825 1640 975 1744 γὰρ
1041 1641 1239 1749 μόνῳ
1302 1645 1407 1749 τῷ
1465 1643 1892 1748 Μωυσαικῷ
1953 1641 2553 1745 προσεδρεύοντες

148 1758 545 1861 γράμματι,
600 1767 717 1844 καὶ
768 1773 919 1851 τοῖς
975 1768 1050 1846 ἐν
1103 1765 1309 1873 τύπῳ
1372 1763 1909 1865 τετελεσμένοις
1964 1775 2008 1814 “
2033 1765 2244 1872 μέχρι
2305 1777 2553 1873 καιροῦ

154 1893 202 1930 “
241 1886 727 1988 διορθώσεως”
779 1889 908 1971 τὸν
963 1897 1216 1972 οἰκεῖον
1270 1890 1766 1994 ἐνιδρύσαντες
1828 1898 2016 1989 νοῦν,
2070 1895 2200 1990 τῆς
2257 1893 2553 1996 εὐαγγε-

148 2012 363 2107 λικῆς
409 2013 846 2100 παιδεύσεως
894 2015 1146 2096 οὐδένα
1193 2014 1325 2116 μὲν
1367 2013 1453 2095 τὸ
1500 2012 1849 2117 παράπαν
1881 2017 2248 2097 ἐποιοῦντο
2294 2016 2547 2121 λόγον,

145 2128 322 2217 τοὺς
385 2135 471 2214 δέ
525 2170 610 2241 γε
681 2139 1155 2243 πρεσβευτὰς,
1218 2135 1599 2246 φορτικοὺς
1659 2138 1992 2241 ἡγεῖσθαι
2053 2148 2345 2240 μᾶλλον
2405 2147 2552 2222 τῶν
2576 2164 2621 2230 d

66 2283 110 2346 5
148 2257 450 2363 σφόδρα
505 2263 1065 2362 πολεμιωτάτων
1114 2262 1342 2372 ᾤοντο
1397 2267 1561 2343 δεῖν·
1635 2268 1701 2343 οἶ
1756 2261 1833 2343 δὲ
1876 2262 2018 2363 ,τὴν
2067 2263 2311 2367 ἑτέραν
2359 2300 2554 2364 μετι-

146 2380 353 2466 όντες
404 2383 795 2485 πλάνησιν,
855 2390 974 2468 καὶ
1026 2387 1159 2489 τὴν
1213 2387 1521 2493 ἅῤῥητον
1574 2396 1704 2468 τοῦ
1761 2393 1952 2468 Θεοῦ
2011 2386 2235 2496 δόξαν
2288 2423 2554 2492 περιτι-

146 2503 391 2591 θέντες
441 2513 532 2616 τῇ
587 2513 837 2612 κτίσει,
875 2515 1064 2622 φημὶ
1119 2512 1196 2594 δὲ
1250 2509 1414 2597 τοὺς
1463 2511 1551 2621 ἐξ
1595 2514 1842 2611 ἐθνῶν,
1884 2513 1969 2592 οὐ
2017 2515 2186 2594 λίαν
2227 2513 2555 2615 ἀσμένως

146 2631 288 2713 τὸν
369 2636 995 2740 καταλαμπρύνειν
1068 2636 1322 2722 αὐτοὺς
1406 2636 1640 2717 εἰδότα
1725 2636 2204 2742 παρεδέχοντο
2295 2636 2548 2739 λόγον.

147 2757 602 2857 ἐντετηκότες
670 2759 815 2864 γὰρ
887 2763 1137 2866 ὥσπερ
1199 2768 1351 2846 τοῖς
1409 2762 1730 2865 ἀρχαίοις
1794 2768 2056 2860 κακοῖς,
2124 2761 2559 2869 φιλαιτάτην

56 2919 112 2960 0
146 2882 524 2965 ἐποιοῦντο
559 2883 693 2984 τὴν
727 2886 1061 2986 ἀμαθίαν,
1101 2890 1219 2966 καὶ
1252 2887 1672 2992 συντρόφου
1705 2882 2117 2986 νοσήματος
2153 2888 2559 2991 ἀποφοιτᾶν

142 3001 351 3104 ἦσαν
393 3007 503 3088 ὅτι
557 3006 886 3108 μάλιστα
940 3008 1475 3092 δυσοκνότατοι.
1562 3011 1750 3091 οὕτω
1805 3018 2185 3115 τοιγαροῦν
2230 3014 2358 3110 τῆς
2410 3017 2560 3091 τῶν

144 3130 603 3234 πραγμάτων
656 3133 964 3239 ἐχούσης
1028 3134 1342 3241 φύσεως,
1397 3135 1507 3219 τίς
1572 3131 1664 3214 ἂν
1721 3131 2082 3214 ἐνδοιάσαι
2146 3132 2406 3214 λοιπὸν
2461 3138 2558 3218 ὥς

145 3252 466 3351 ἔμελλον
502 3256 803 3338 ἔσεσθαι
836 3265 966 3339 τοῦ
1003 3261 1340 3361 Σωτῆρος
1373 3261 1442 3337 οἱ
1475 3260 1811 3358 μαθηταὶ,
1847 3261 2198 3360 στυγητοὶ
2245 3255 2376 3356 μὲν
2408 3264 2556 3343 τοῖς
2579 3293 2616 3337 e

140 3380 541 3479 Ἰουδαίοις,
579 3381 1079 3481 διεπτυσμένοι
1129 3379 1205 3460 δὲ
1247 3379 1450 3486 παρὰ
1485 3387 1634 3465 τοῖς
1665 3378 1797 3480 τὴν
1829 3379 2216 3482 Ἑλλήνων
2251 3390 2557 3462 νοσοῦσι

55 3543 100 3607 5
141 3500 551 3604 πλάνησιν·
610 3505 876 3606 ἥκιστα
931 3504 1006 3586 δὲ
1060 3507 1270 3606 ἡδεῖς,
1305 3511 1599 3605 μᾶλλον
1647 3503 1722 3585 δὲ
1778 3505 2356 3610 δυσαχθέστατοι
2409 3513 2558 3592 τοῖς

145 3630 576 3733 φιληδονεῖν
623 3630 1008 3730 ἑλομένοις,
1055 3664 1174 3710 και
1226 3664 1355 3710 τον
1408 3629 1832 3738 ἐξίτηλον’
1795 3665 1872 3710 εν
1919 3636 2224 3739 τρυφαῖς
2276 3664 2559 3731 τετιμη-

142 3746 326 3833 κόσι
359 3751 575 3848 βίον·
555 3816 577 3853 ,
641 3754 812 3834 ἀλλ’
852 3788 1046 3856 ειπερ
1092 3754 1404 3852 εμελλον
1441 3761 1568 3834 τοῦ
1605 3758 1943 3857 Σωτῆρος
1991 3760 2057 3835 οἱ
2105 3758 2438 3856 μαθηται,
2471 3791 2557 3837 το

138 3875 290 3979 μὲν
325 3876 463 3958 ὑπό
512 3912 643 3959 του
692 3883 1070 3978 μισεῖσθαι
1118 3911 1341 3982 τυχον
1375 3884 1520 3958 τῶν
1556 3876 1695 3980 ηδη
1744 3866 2305 3980 κατειλεγμένων
2341 3888 2559 3960 ποιεῖ-

140 4008 337 4082 σθαι
372 4002 736 4106 φορτικὸν,
776 4003 1039 4107 ζηλοῦν
1076 4001 1151 4082 δὲ
1188 4008 1480 4101 μᾶλλον
1519 4003 1931 4105 επείγεσθαι
1977 4006 2095 4082 καὶ
2138 4010 2559 4111 φιλοθηρεῖν

55 4168 103 4212 ο
139 4123 471 4249 ἐκτόπως
509 4161 626 4206 και
661 4126 793 4228 τὴν
829 4161 1030 4229 παρα
1064 4133 1212 4206 τῶν
1247 4160 1336 4206 τα
1373 4134 1669 4208 τοιαῦτα
1706 4124 2115 4206 νοσούντων
2151 4125 2553 4229 ἀγάπησιν,

135 4243 315 4335 πῶς
352 4284 435 4329 ου
467 4257 657 4332 πᾶσι
692 4247 1261 4354 προδηλότατον,
1301 4254 1397 4336 ὦς
1448 4251 1577 4332 οὐκ
1625 4285 1716 4330 αν
1751 4250 2078 4352 ἐγένοντο
2110 4256 2551 4356 περιφανεῖς,

224 4480 281 4519 2.
316 4461 742 4589 παρακρούεσθαι
769 4463 833 4519 Ε.
856 4461 1247 4551 παρακούεσθαι
1272 4461 1378 4519 Ed.
1752 4478 1836 4518 11.
1872 4464 2135 4537 γράμματι
2161 4463 2225 4519 Ε.
2231 4463 2290 4518 F.
2318 4461 2418 4517 Ed.
2445 4479 2559 4585 mg.

129 4534 531 4681 ἓρὲίγωῦιΕά
421 4605 479 4662 F
509 4575 615 4662 ἑά
788 4536 872 4591 18.
907 4533 1258 4606 παρεδέχοντο
1285 4534 1350 4589 Ε.
1375 4531 1755 4606 παραδέχονται
1780 4534 1885 4590 Ed.
2121 4535 2209 4590 28.
2245 4555 2338 4588 του
2364 4532 2429 4587 Ε.
2457 4531 2503 4586 Ε
2547 4570 2561 4586 .

1273 4706 1456 4770 41³2

2642 1761 2778 1814 Eeb.
2801 1763 2855 1813 ix
2867 1800 2882 1816 .

2646 1841 2724 1879 10.
