3238 5158
574 321 704 390 212
970 365 975 374 ·
1070 317 1103 376 ι’
1182 321 1262 387 Β.
1310 319 1737 387 CYRILLI
1795 317 2379 386 ALEXANDR.
2822 327 2983 394 κγ.

576 484 996 594 κατάληψιν
1066 490 1183 569 καὶ
1259 488 1384 568 οὐκ
1468 485 1685 572 ὄντας
1762 487 2030 594 ἀξίους,
2103 490 2198 569 ὡς
2280 483 2472 591 τάχα
2552 517 2659 569 τις
2742 482 2980 565 αὐτοῖς

578 611 930 717 ὠφελείας
983 609 1366 716 ἐλλάμψοι
1418 610 1711 715 τρόπος.
1790 609 2041 691 ἑαυτὸν
2089 610 2176 690 δέ
2222 617 2454 717 φησιν
2497 610 2812 711 ἐναργῶς·
2856 602 2982 685 τῶν

579 734 938 840 προβάτων
974 731 1147 815 εἶναι
1199 734 1330 834 τὴν
1366 733 1585 843 θύραν,
1616 741 1928 838 ’πρᾶγμα
1963 733 2329 815 διδάσκων
2367 729 2973 833 ὁμολογούμενον·

520 887 556 930 Θ
579 856 804 959 μόνης
840 857 985 962 γὰρ
1021 857 1138 939 διὰ
1185 860 1498 942 πίστεως
1547 863 1675 957 τῆς
1723 864 1820 943 εἰς
1868 856 2107 957 αὐτὸν,
2146 863 2242 943 εὶς
2280 855 2675 957 οἰκειότητα
2712 856 2844 955 τὴν
2880 857 2981 937 ὡς

577 978 760 1085 πρὸς
798 979 989 1061 Θεὸν
1022 982 1552 1081 εἶσελαύνομεν,
1592 985 1711 1062 καὶ
1746 981 2018 1086 μάρτυς
2055 982 2268 1067 αὐτὸς
2304 984 2420 1062 ἐπὶ
2464 978 2694 1088 τούτῳ
2740 978 2979 1080 λέγων
3010 995 3054 1065 ’5

241 1091 421 1208 {25¹}
579 1116 625 1152 “
662 1106 920 1189 Οὐδεὶς
955 1106 1232 1213 ἔρχεται
1267 1104 1448 1210 πρὸς
1481 1105 1610 1186 τὸν
1650 1106 1965 1210 Πατέρα,
1992 1112 2052 1187 εἰ
2089 1104 2189 1207 μὴ
2228 1107 2314 1185 δι’
2353 1106 2595 1206 ἐμοῦ.”
2653 1102 2700 1204 ἢ
2737 1105 2978 1183 τοίνυν

576 1227 901 1310 τοιοῦτόν
955 1265 1026 1310 τι
1076 1232 1451 1331 σημαίνειν
1505 1228 1849 1327 βούλεται
1902 1230 1972 1333 ἢ,
2030 1230 2206 1334 ὅπερ
2260 1233 2418 1311 ἐστὶ
2476 1237 2623 1313 τοῖς
2679 1260 2968 1331 προκει·

574 1355 810 1451 μένοις·
849 1353 1266 1457 θεωρήμασι
1300 1354 1911 1458 πρεπωδεὶττερον,
1949 1353 2443 1436 ἀπολευκαίνει
2480 1351 2705 1434 πάλιν
2742 1356 2838 1436 ὡς
2882 1352 2969 1430 δι’

575 1480 794 1560 αὐτοῦ
856 1478 1040 1584 πρὸς
1104 1480 1489 1582 ἡγεμονίαν
1554 1481 1671 1560 καὶ
1747 1477 1832 1560 τὸ
1906 1485 2383 1582 καθηγεῖσθαι
2448 1486 2595 1559 τῶν
2658 1481 2976 1579 λογικῶν

574 1605 923 1704 ποιμνίων
991 1602 1372 1710 ἐρχόμεθα,
1441 1603 1625 1683 κατὰ
1695 1602 1780 1685 τὸ
1852 1604 2218 1708 εἰρημένον
2289 1602 2408 1685 διὰ
2470 1611 2600 1684 τοῦ
2667 1601 2975 1683 Παύλου
3009 1639 3097 1682 ιο

240 1738 485 1807 Eeb-24-
576 1739 622 1775 ‘⁶
658 1730 775 1808 Οὐ
810 1727 953 1832 γὰρ
991 1730 1218 1836 ἑαυτῷ
1252 1762 1361 1812 τις
1396 1724 1757 1826 λαμβάνει
1791 1728 1926 1829 τὴν
1961 1728 2194 1828 τιμὴν,
2232 1727 2404 1809 ἀλλ’
2447 1729 2487 1808 5
2535 1726 2978 1825 καλούμενος

504 1838 529 1860 ’
575 1861 622 1899 “
657 1851 795 1932 ὑπὸ
829 1860 960 1933 τοῦ
996 1852 1252 1933 Θεοῦ.”
1312 1855 1428 1931 καὶ
1465 1860 1642 1953 γοῦν
1677 1854 1904 1938 οὐδεὶς
1935 1852 2189 1934 ἑαυτὸν
2222 1852 2529 1960 ἀνέδειξε
2566 1858 2712 1932 τῶν
2747 1852 2976 1954 ἁγίων

240 1998 380 2054 640
397 1998 478 2054 A.
514 2012 552 2052 a
575 1981 992 2083 προφητῶν,
1031 1978 1201 2055 ἀλλ’
1242 1975 1403 2056 οὐδὲ
1441 1977 1482 2055 5
1529 1977 1867 2081 λαμπρὸς
1915 1981 2033 2058 καὶ
2083 1977 2307 2081 μέγας
2351 1983 2496 2057 τῶν
2532 1975 2974 2057 ἀποστόλων

572 2096 787 2202 χορὸς
833 2098 1086 2180 ἑαυτὸν
1117 2104 1214 2184 εἷς
1263 2107 1476 2181 τοῦτο
1527 2099 1892 2200 κεκληκὼς
1944 2101 2333 2181 ἁλώσεται.
2413 2103 2783 2206 ἀνεδείχθη
2829 2099 2974 2205 γὰρ

572 2220 689 2301 διὰ
760 2221 1129 2323 θελήσεως
1212 2231 1343 2304 τοῦ
1418 2229 1753 2328 Χριστοῦ
1836 2224 2282 2309 καλέσαντος
2362 2230 2461 2311 εἷς
2545 2222 2975 2325 ἀποστολὴν
3007 2247 3089 2321 13

571 2344 828 2432 αὐτοὺς
871 2349 1027 2427 κατ’
1066 2347 1316 2447 ὄνομα,
1352 2352 1469 2428 καὶ
1521 2350 1686 2429 καθ’
1729 2350 1875 2446 ἕνα,
1911 2346 2101 2430 καθά
2149 2357 2382 2456 φησιν
2416 2350 2493 2428 ε’ν
2527 2353 2618 2454 τῇ
2668 2382 2961 2452 προκει·

572 2471 749 2577 μένῃ
803 2474 1173 2582 παροιμίᾳ.
1278 2471 1492 2572 ἴσμεν
1549 2471 1698 2578 γὰρ
1763 2473 1958 2560 ὅπως
2020 2475 2099 2553 ἐν
2156 2472 2557 2582 εὐαγγελίῳ
2618 2474 2724 2582 τῷ
2788 2472 2976 2553 κατὰ

579 2603 961 2679 Ματθαῖον
997 2600 1342 2700 συνετέθη
1378 2599 1511 2699 μὲν
1545 2601 1810 2708 ἐφεξῆς
1843 2599 1937 2681 τὰ
1972 2607 2119 2682 τῶν
2157 2600 2596 2682 ἀποστόλων
2633 2600 2975 2699 ὀνόματα,

232 2721 480 2851 ξζξὸἥὴ·
575 2719 696 2807 εἶτ’
734 2722 939 2809 εὐθὺς
973 2722 1425 2825 ἐπενήνεκται
1461 2728 1589 2823 τῆς
1639 2723 2100 2830 ἀναῤῥήσεως
2138 2727 2178 2804 5
2214 2725 2503 2830 τρόπος·
2568 2737 2611 2774 “
2637 2724 2971 2810 τούτους”

235 2857 287 2905 S.
302 2855 427 2906 Luc.
654 2846 678 2873 '
1045 2860 1088 2897 66
1223 2847 1246 2876 *
1427 2849 1448 2877 '
1643 2851 1681 2881 ’θ
1765 2852 1784 2878 ’
1854 2850 1875 2876 '
2165 2852 2184 2877 t
2437 2849 2458 2875 ⁸
2591 2860 2635 2897 (ς
2724 2850 2754 2883 ιι
2947 2855 2971 2882 x

234 2921 301 2972 vt
324 2935 401 2985 13·
574 2881 720 2953 γαρ
794 2855 984 2954 φησι
1124 2883 1290 2933 τους
1350 2853 1627 2941 δωδεκα
1743 2851 2095 2957 ανεδειξεν
2152 2886 2193 2932 ο
2257 2857 2533 2953 Σωτηρ,
2674 2885 2796 2936 ους
2854 2885 2973 2931 και
3009 2885 3095 2928 20

504 2987 548 3053 b
577 2984 619 3020 ‘⁶
655 2973 1117 3058 ἀποστόλους
1158 2972 1607 3072 ὠνόμασεν.”
1670 2978 2157 3080 άρχοντιῶντα
2205 2984 2584 3079 τοιγαροῦν
2618 2972 2747 3056 τὸν
2783 2973 2967 3056 ἀπό-

571 3108 902 3197 πληκτον
939 3100 1362 3202 Φαρισαῖον,
1400 3101 1519 3178 καὶ
1557 3101 1641 3178 οὐ
1675 3100 1978 3203 μετρίως·
2023 3099 2530 3200 ἐκκεκαυμένον
2568 3101 2757 3203 ὁρῶν
2791 3098 2978 3202 πρὸς
3077 3120 3087 3127 ”

511 3320 521 3331 .
571 3220 656 3300 τὸ
706 3226 835 3321 τῆς
884 3223 1261 3326 ἡγεμονίας
1304 3221 1535 3321 ὄνομά
1583 3258 1661 3302 τε
1706 3226 1824 3303 καὶ
1868 3230 2195 3326 πρᾶγμα,
2234 3221 2553 3304 διδάσκει
2598 3226 2978 3328 χρησίμως

571 3344 826 3424 ἑαυτὸν
878 3346 1055 3426 ὄντα
1118 3349 1237 3427 καὶ
1309 3355 1438 3427 τοῦ
1500 3348 1983 3450 καθηγεῖσθαί
2038 3382 2189 3427 τισι
2246 3346 2567 3455 χορηγὸν
2621 3349 2739 3427 καὶ
2791 3347 2976 3451 πρὸς

570 3475 782 3548 τοῦτο
821 3469 1081 3576 ῥᾳδίως
1135 3470 1560 3575 εἶσκομίζὲιν
1611 3471 1984 3576 ἰσχύοντα.
2062 3469 2219 3576 θύρα
2266 3469 2410 3576 γὰρ
2466 3469 2567 3551 ὧν
2607 3476 2737 3571 τῆς
2786 3477 2977 3575 ἱερᾶς
3008 3514 3096 3571 25

572 3624 649 3670 τε
693 3594 810 3672 καὶ
855 3594 1046 3677 θείας
1090 3595 1337 3694 αὐλῆς,
1378 3593 1774 3701 εἶσδέξεται
1810 3593 1943 3694 μὲν
1979 3593 2108 3675 τὸν
2141 3594 2553 3697 ἐπιτήδειον,
2591 3598 2986 3703 ἀποτειχιεΐ

572 3713 650 3795 δὲ
686 3721 791 3824 τῷ
825 3716 924 3817 μὴ
962 3721 1258 3829 τοιούτῳ
1293 3718 1428 3820 τὴν
1463 3725 1561 3804 εἰς
1595 3719 1680 3799 τὸ
1718 3719 1895 3800 εἴσω
1930 3717 2274 3824 πάροδον.

648 3980 696 4020 1.
732 3963 909 4035 ἀξίους
942 3966 1079 4036 τάχα
1113 3968 1223 4023 τοῖς
1257 3965 1431 4022 αὐτοῖς
1465 3966 1727 4038 ὠφελείας
1762 3964 1996 4038 ε’λάμψει
2029 3934 2224 4036 τρόπος
2260 3966 2329 4022 Β.
2359 3966 2661 4023 emendavit
2693 3985 2725 4023 e
2761 3966 2882 4023 Cat.
2910 3976 2978 4023 ut

569 4033 680 4090 vid.
707 4035 854 4090 Aub.
880 4046 932 4090 et
956 4036 1030 4091 ita
1053 4053 1101 4091 a.
1127 4036 1232 4091 nisi
1255 4036 1400 4108 quod
1427 4037 1496 4094 ὣς
1519 4036 1739 4091 omittit.
2012 4055 2066 4104 4.
2102 4040 2270 4108 μόνως
2292 4056 2341 4093 a.
2627 4051 2678 4109 7.
2711 4061 2764 4093 n
2787 4055 2897 4093 om.
2923 4056 2974 4095 a.

573 4104 768 4160 Statim
791 4105 1145 4177 ἐπισημαίνειν
1167 4125 1215 4163 a.
1469 4125 1552 4174 14.
1587 4105 1880 4179 ἁλώσεται]
1907 4108 2201 4177 εὑρίσκεται
2225 4125 2273 4162 a.
2527 4126 2610 4180 19.
2646 4109 2880 4178 ητενθοῖς
2905 4109 2974 4165 Β.

569 4172 662 4245 εἴτ’
687 4176 838 4235 εὐθὺς
861 4178 1167 4234 emendavit
1191 4176 1374 4233 Holst.
1615 4194 1701 4233 22.
1737 4177 2102 4248 ἐκκεκαυμένον
2129 4178 2194 4233 Β.
2223 4178 2322 4235 Ht.
2348 4179 2559 4234 favente
2582 4188 2636 4235 et
2661 4197 2709 4234 a.
2734 4180 2978 4252 ἐγκεκαυ-

568 4245 724 4315 μένον
744 4247 895 4303 Aub.
1151 4266 1180 4304 2
1224 4288 1237 4302 .
1274 4248 1485 4319 ὀνόματι
1511 4248 1580 4304 Β.
1608 4247 1708 4304 Ht.
1734 4247 1894 4318 ὄνομά
1917 4271 1974 4303 τε
1998 4248 2302 4305 emendavit
2325 4268 2355 4305 e
2382 4250 2502 4305 Cat.
2527 4259 2589 4305 ut
2612 4250 2835 4306 adnotat
2858 4250 2978 4322 ipse

568 4317 717 4376 Aub.
824 4322 1040 4392 πρᾶγμα
1064 4320 1146 4375 καὶ
1170 4266 1332 4446 aare
1355 4338 1403 4375 a.
1613 4335 1700 4386 24.
1736 4319 1821 4374 καὶ
1844 4319 1995 4391 prius
2019 4338 2128 4377 om.
2152 4337 2202 4376 a.
2407 4336 2494 4393 25.
2531 4323 2623 4392 τῆς
2646 4323 2788 4392 ἱερᾶς
2810 4344 2867 4378 τε
2891 4322 2977 4381 καὶ

568 4387 736 4461 θείας]
763 4392 854 4460 τῆς
877 4390 1170 4463 ἔπεράστου
1192 4412 1256 4446 κα
1301 4392 1439 4463 ἱερᾶς
1462 4407 1511 4445 a.
1539 4388 1659 4446 Cat.
1687 4390 1840 4447 Harl.
