3238 5158
208 356 466 424 xime.
596 357 712 423 IN
773 359 839 422 s.
888 323 1402 427 JOA‘NNEM.
1495 362 1687 429 ΜΒ.
1736 364 1817 428 x.
1910 363 2117 429 cAP.
2162 364 2221 428 1.
2479 365 2602 428 521

211 517 591 626 συμφανὲς
656 523 745 602 δι’
804 524 1022 606 αὐτοῦ
1092 534 1223 607 τοῦ
1283 527 1732 632 πράγματος,
1797 533 1894 613 ὡς
1965 528 2250 632 ἐπείπερ
2313 530 2410 612 εἷς
2474 525 2607 627 τὴν

210 646 396 724 ἰδίαν
454 647 656 730 αὖθις
717 654 1305 753 παλινδρομῆσαι
1370 650 1594 760 δόξαν
1647 651 1828 753 μετά
1888 658 1962 733 Π
1965 650 2179 756 ατρὸς
2238 652 2569 754 ἠπείγετο
2575 713 2598 750 ,

207 767 481 873 χαίρειν
535 770 653 851 ἐπὶ
706 771 938 880 τούτῳ
992 780 1140 859 τοῖς
1204 775 1423 855 αὐτὸν
1476 777 1820 879 ἀγαπῶσι
1884 773 2330 873 διεκελεύετο,
2386 774 2596 883 ἀξιοῖ·-

207 925 493 993 γαστον
550 892 768 975 αὐτὸν
827 896 1065 981 αὐτοῖς
1125 898 1656 1001 παρακλήσεως
1718 901 1835 979 καὶ
1895 907 2151 981 τοῦτον
2213 896 2396 998 μετά
2457 890 2604 979 τῶν

139 1034 181 1096 5
209 1015 466 1096 ἄλλων
510 1017 897 1120 ἐπινοήσας
948 1019 1077 1100 τὸν
1120 1022 1435 1127 τρόπον;

320 1138 572 1221 Ἀλλά
617 1140 930 1246 παρήσω
979 1143 1110 1245 μὲν
1153 1155 1367 1226 τοῦτο
1417 1149 1589 1245 νυνὶ,
1634 1149 1753 1226 καὶ
1804 1152 1960 1230 ταῖς
2014 1146 2278 1226 ἐκείνου
2333 1153 2592 1253 φρενο-

208 1266 593 1360 βλαβείαις
655 1268 741 1346 οὐ
801 1267 1036 1354 πολὺς
1098 1269 1533 1371 ἐγκείσομαι·
1612 1270 1799 1376 φημὶ
1866 1267 1942 1350 δὲ
2007 1271 2153 1349 δεῖν
2209 1270 2315 1349 ἐπ’
2378 1271 2607 1348 ἐκεῖνα

208 1395 504 1487 μᾶλλον
539 1392 800 1472 ἐλθεῖν·
861 1391 1060 1500 ᾠήθη
1095 1392 1241 1497 γὰρ
1288 1395 1468 1478 ἴσως
1515 1398 1608 1499 τῇ
1649 1397 1777 1493 τῆς
1821 1391 2153 1493 θεότητος
2204 1389 2426 1497 φύσει
2470 1389 2604 1490 τὴν

209 1511 453 1617 σάρκα
488 1515 1026 1621 συγκρίνοντας,
1064 1517 1408 1618 ἀνόνητον
1443 1521 1699 1623 κομιδῇ
1733 1522 2097 1598 ποιεῖσθαι
2138 1516 2273 1617 τὴν
2308 1517 2595 1622 ἀντεξέ-

98 1664 186 1704 10
212 1667 452 1734 τασιν,
509 1637 628 1719 ὅτε
690 1646 1127 1722 κεκενῶσθαι
1190 1641 1499 1742 λε’γομεν
1558 1638 1687 1721 τὸν
1742 1639 1944 1740 Yth»,
2002 1639 2242 1741 ἐπειδὴ
2306 1640 2602 1743 γέγονεν

212 1757 613 1863 ἄνθρακι-ος·
674 1764 818 1870 ἔχει
856 1763 931 1844 δὲ
969 1765 1104 1871 οὐχ
1138 1767 1347 1865 οὕτω,
1384 1764 1650 1862 πόθεν;
1700 1768 2042 1845 οἶκετικοῦ
2074 1763 2151 1844 δὲ
2186 1762 2447 1867 μέτρου
2482 1766 2600 1843 καὶ
2622 1792 2659 1834 a
2701 1779 2838 1836 848
2855 1779 2938 1837 Δ.

212 1887 746 1989 δονλοπρεποῦς
783 1887 1187 1996 ἀξιώματος
1222 1887 1355 1988 τὴν
1392 1888 1586 1970 θείαν
1624 1887 1958 1990 λέγοντες
1992 1886 2236 1994 δόξαν,
2275 1888 2601 1987 ἠλαττῶ-

206 2007 398 2088 σθαί
440 2013 680 2115 φαμεν
727 2020 856 2092 τοῦ
893 2010 1185 2116 Πατρὸς
1235 2012 1363 2094 τὸν
1395 2010 1597 2109 Υὶὸν,
1636 2009 1816 2092 καθὸ
1865 2009 2154 2114 γέγονεν
2191 2011 2595 2114 ἅνθρωπος,

207 2131 803 2233 ἀποκαταστῆναι
837 2132 1068 2238 γεμὴν
1102 2142 1199 2221 εἷς
1234 2136 1320 2217 τὸ
1357 2133 1532 2216 εἶναι
1564 2133 1793 2217 πάλιν
1827 2135 1903 2215 ἐν
1939 2134 2081 2243 ἴσῳ
2125 2140 2227 2241 τῷ
2279 2133 2602 2241 φύσαντι

90 2285 119 2325 ¹
135 2281 177 2342 5
205 2254 391 2353 μετὰ
445 2256 579 2356 τὴν
624 2260 943 2341 ἐντεῦθεν
982 2262 1407 2362 ἀποδημίαν,
1464 2262 1548 2340 οὐ
1605 2257 1855 2359 καινὴν
1908 2257 1955 2360 ἢ
2013 2259 2389 2359 ἐπίκτητον
2441 2256 2604 2337 οὐδὲ

207 2377 398 2478 ἀήθη
436 2377 662 2487 δόξαν
696 2384 1210 2491 ἠμφιεσμένον,
1241 2385 1413 2464 ἀλλ’
1453 2388 1529 2464 ἐν
1562 2384 1789 2490 ἐκείνῃ
1831 2379 2185 2487 γεγονότα
2230 2379 2485 2479 πάλιν,
2528 2381 2605 2462 ἐν

205 2499 393 2607 ᾗπερ
448 2502 539 2606 ἦν
581 2506 658 2586 ἐν
701 2508 891 2614 ἀρχῇ
943 2505 1127 2608 μετὰ
1172 2515 1301 2589 τοῦ
1340 2507 1657 2613 Πατρός.
1740 2509 1858 2588 καὶ
1905 2513 2084 2610 γοῦν
2128 2507 2169 2586 ὁ
2218 2505 2606 2589 θεσπέσιος

206 2627 379 2725 ἡμῖν
414 2631 920 2734 μυσταγωγὸς,
959 2635 1148 2739 φημὶ
1192 2632 1267 2713 δὲ
1303 2631 1431 2712 τὸν
1469 2636 1794 2728 Παῦλον,
1832 2628 1965 2729 τὴν
1998 2633 2421 2734 πρέπουσαν
2456 2635 2606 2712 τοῖς

206 2751 1103 2862 ἀνθρώποιςῖταπείνωσιν
1161 2753 1388 2836 οὐκέτι
1439 2757 1817 2860 περιτιθεὶς
1864 2754 2058 2860 αὐτῷ
2110 2751 2294 2852 μετὰ
2345 2750 2479 2851 τὴν
2525 2754 2604 2832 ἐκ
2626 2763 2671 2829 b
2730 2759 2738 2778 '

83 2910 177 2950 20
210 2881 480 2977 νεκρῶν
534 2881 936 2976 ἀναβίωσιν
990 2884 1110 2961 καὶ
1169 2879 1302 2981 τὴν
1356 2882 1616 2961 ἄνοδον
1675 2877 1807 2978 τὴν
1861 2882 1958 2961 εἷς
2022 2875 2380 2980 οὐρανοὺς,
2439 2878 2596 2956 ἐπι-

205 2997 510 3079 στέλλει
557 3000 792 3103 λέγων
830 3013 872 3051 “
896 3008 988 3084 Ei
1035 3002 1180 3108 γὰρ
1228 3005 1348 3083 καὶ
1395 3002 1804 3106 ἐγνώκαμεν
1840 2998 2023 3081 κατὰ
2072 2998 2316 3103 σάρκα
2351 3005 2599 3104 Χρισ-
2693 3005 2856 3121 {035¹-

207 3131 252 3169 ‘⁴
290 3119 437 3221 τὸν,
473 3123 674 3204 ἀλλά
726 3135 853 3207 νῦν
890 3126 1117 3207 οὐκέτι
1168 3127 1681 3229 γινώσκομεν”’
1741 3128 1904 3228 περὶ
1951 3122 2026 3203 δὲ
2075 3124 2329 3203 ἑαυτοῦ
2379 3121 2606 3204 πάλιν

200 3255 249 3293 “
288 3251 591 3332 Παῦλος
645 3248 1064 3336 ἀπόστολος
1117 3251 1366 3352 Ἰησοῦ
1421 3256 1773 3354 Χριστοῦ,
1831 3249 1959 3328 οὐκ
2024 3247 2145 3328 ἀπ’
2204 3247 2607 3350 ἀνθρώπων
2693 3267 2806 3319 Gal.
2823 3269 2856 3319 i.
2880 3282 2924 3319 1.

200 3380 247 3418 “
285 3370 447 3452 οὐδὲ
502 3374 588 3453 δι’
627 3374 1029 3479 ἀνθρώπου,
1074 3373 1278 3454 ἀλλὰ
1332 3372 1449 3454 διὰ
1483 3375 1733 3474 Ἰησοῦ
1782 3372 2174 3476 Χριστοῦ.”
2252 3372 2480 3452 καίτοι
2534 3373 2613 3452 τί

71 3533 106 3574 2
119 3527 161 3588 5
198 3495 471 3597 δήποτε
520 3496 749 3578 πάλιν
784 3497 1003 3578 αὐτὸν
1033 3496 1215 3602 πρὸς
1265 3499 1453 3598 ἡμᾶς
1501 3496 1899 3604 ἀφίξεσθαι
1947 3493 2186 3597 λέγων
2218 3529 2594 3602 μετασχη-

192 3628 599 3721 ματιοῦντα
633 3632 676 3670 “
701 3620 788 3703 τὸ
824 3627 1044 3723 σῶμα
1079 3626 1209 3723 τῆς
1240 3609 1737 3706 ταπεινώσεως
1784 3621 1987 3721 ἡμῶν
2023 3618 2466 3727 σύμμορφον
2500 3627 2604 3728 τῷ
2691 3613 2826 3731 ἵξῃ·
2851 3614 2924 3666 ffi·

193 3756 248 3795 ‘⁶
287 3746 576 3846 σώματι
612 3749 739 3845 τῆς
776 3743 995 3854 δόξης
1031 3747 1306 3845 αὐτοῦ,”
1348 3752 1476 3826 νῦν
1510 3745 1905 3853 ε’ξαρνεΐται
1954 3744 2194 3847 λέγων
2231 3753 2275 3792 “
2305 3744 2433 3824 οὐκ
2475 3745 2599 3826 ἀπ’

191 3879 247 3918 “
282 3868 902 3978 ἀνθρώπων,ξούδὲ
940 3871 1027 3951 δι’
1067 3869 1511 3974 ἀνθρώπου,”
1537 3869 1766 3950 καίτοι
1799 3867 2471 3973 προκεχειρισμένος
2505 3873 2603 3953 εἷς
2625 3904 2662 3947 ο

186 3991 632 4094 ἀποστολὴν
692 3993 810 4075 διὰ
871 3995 1122 4095 Ἰησοῦ
1184 3999 1569 4099 Χριστοῦς
1654 3993 1730 4074 τί
1787 3989 1864 4072 δὲ
1927 3989 2119 4074 ὅλως
2189 3988 2410 4071 αὐτὸν
2472 3991 2601 4072 οὐκ

63 4152 154 4210 30
184 4118 456 4200 εἰδέναι
509 4117 696 4199 κατὰ
746 4117 992 4224 σάρκα
1046 4118 1323 4226 φησίν;
1392 4114 1502 4223 ἆρ’
1551 4118 1698 4215 οὖν,
1753 4115 1914 4197 εἶπέ
1950 4149 2094 4216 μοι,
2151 4113 2279 4196 τὸν
2333 4113 2600 4219 ἀγορά-

181 4276 442 4327 σαντα
495 4240 714 4325 αὐτὸν
768 4241 1134 4344 δεσπότην
1187 4238 1604 4347 ἠρνήσατο;
1663 4237 1766 4340 μὴ
1815 4237 2117 4344 γε’νοιτο,
2155 4246 2415 4344 φρονεῖ
2453 4239 2600 4345 γὰρ

2693 4122 2723 4188 3
2744 4109 2794 4159 8.
2815 4109 2927 4160 Pet.

2691 4192 2742 4226 ιι.
2775 4188 2816 4224 1.

268 4406 326 4455 4.
361 4388 520 4443 αὑτὸν
542 4386 610 4443 Ε.
634 4388 788 4447 αὐτὸς
812 4386 917 4443 Ed.
1166 4386 1219 4441 6.
1256 4384 1478 4456 παρήσω
1500 4385 1596 4456 μὲν
1621 4384 1687 4440 Ε.
1711 4382 2017 4456 παρήσομεν
2038 4381 2142 4440 Ed.
2333 4452 2348 4473 ‚
2372 4400 2428 4456 9.
2465 4405 2601 4507 0·υέ-

184 4460 465 4530 κρίνοντος
490 4457 555 4513 Ε.
773 4475 858 4527 14.
894 4459 1312 4527 ἀποκαταστῆναι
1337 4457 1403 4512 Ε.
1426 4455 1858 4542 ἀποκαταστῆσαι
1883 4454 1987 4510 Ed.
2200 4466 2283 4525 17.
2319 4476 2375 4509 εν
2396 4470 2505 4508 om.
2584 4491 2600 4508 .

192 4532 289 4622 Ῑξ.
326 4528 807 4654 ἧμὲιὸὓεωωρωῐξι
833 4528 989 4654 ἷκΓΕ.
1278 4543 1362 4598 25.
1400 4548 1853 4599 μετασχηματιονν
1877 4526 1943 4582 Ε.
2227 4541 2316 4595 31.
2353 4523 2508 4579 αὐτὸν
2533 4521 2598 4577 Ε.

184 4599 431 4735 Ἥ.
464 4639 540 4734 ί..
599 4601 817 4672 ‘'W‘'
906 4616 1048 4671 ¹⁸⁰⁰·
1353 4688 1391 4752 3
1424 4687 1463 4730 x
