3238 5158
613 338 698 398 52
1221 335 1299 399 Β.
1348 331 1775 398 CYRILLI
1835 330 2416 396 ALEXANDR..
2754 326 2886 391 viii.
2920 345 3025 411 29.

615 505 841 579 ποιεῖν
906 503 982 578 ἐν
1046 498 1323 582 τούτοις
1402 499 1930 602 διισχυρίσατο,
1996 498 2167 576 ἀλλ’
2236 497 2523 597 ἐπείπερ
2596 492 3033 595 ἶσογνώμων

620 623 780 701 ἐστὶ
828 629 946 701 καὶ
996 623 1480 721 συνεθελητὴς
1531 625 1639 701 ἀεὶ
1690 627 1792 729 τῷ
1842 618 2276 723 γεννήσαντι
2326 620 2508 722 πρὸς
2558 625 2705 698 πᾶν
2758 619 3031 710 ὁτιοῦν,

623 750 742 826 καὶ
811 744 1015 826 οὐδὲν
1079 745 1491 847 μελετήσας
1557 744 1740 824 κατὰ
1803 747 2027 844 μόνας
2099 741 2353 848 ὥσπερ
2417 742 2532 824 καῖ
2601 740 3039 847 διῃρημένως

624 871 994 949 ἐπιτελεῖν.
1106 872 1223 949 καὶ
1299 872 1382 949 οὗ
1458 869 1691 970 δήπου
1756 879 2133 968 νομιοῦμεν
2199 874 2296 954 εὶς
2361 867 2701 949 ἐκτύπους
2764 865 3040 947 ἐννοίας

567 1021 604 1064 c
625 995 1297 1077 κατολισθαίνοντες
1347 993 1851 1098 προαιρετικήν
1897 1030 2057 1074 τινα
2110 998 2227 1075 καὶ
2279 991 2562 1094 ἑκτικὴν
2609 987 2870 1093 ἀρετὴν
2917 990 3032 1067 ἐν·
3066 1018 3097 1078 5

627 1118 1040 1198 δείκνυσθαι
1078 1116 1206 1198 τὸν
1241 1117 1422 1199 Υὶὸν
1458 1121 1533 1199 ἐν
1569 1120 1868 1217 τούτοις,
1908 1119 2201 1228 φύσεως
2238 1117 2314 1198 δὲ
2353 1125 2646 1217 μᾶλλον
2683 1113 3041 1217 ἀτρέπτου

628 1239 929 1344 καρπὸν,
979 1243 1107 1322 οὐκ
1162 1241 1511 1350 ἀξιούσης·
1568 1242 1655 1323 τὸ
1712 1244 2098 1346 θεοπρεπὲς
2153 1247 2229 1324 ἐν
2273 1250 2376 1351 τῷ
2433 1278 2503 1322 τι
2557 1238 3043 1338 βουλεύεσθαι

632 1370 836 1468 δρᾶν.
916 1369 1032 1447 ἐπὶ
1085 1365 1220 1467 μὲν
1272 1367 1419 1471 γὰρ
1474 1375 1621 1448 τῶν
1676 1367 2093 1468 κτισμάτων
2149 1365 2273 1449 ἅτε
2329 1368 2417 1468 δὴ
2474 1370 2591 1446 καὶ
2646 1363 3045 1468 τρέπεσθαι

632 1490 1043 1590 δυναμένων
1097 1496 1210 1573 ἐπὶ
1270 1491 1362 1572 τὰ
1419 1492 1655 1597 χείρω,
1714 1495 1828 1572 καὶ
1883 1500 2324 1591 μεταβολαῖς
2382 1492 2688 1573 ὑπείκειν
2742 1494 2900 1570 ταῖς
2965 1486 3051 1592 ἐξ

631 1614 1018 1714 ἀμεινόνων
1056 1620 1169 1695 ἐπὶ
1208 1615 1299 1695 τά
1347 1619 1708 1720 αἰσχίονα,
1747 1616 2021 1721 καρπὸς
2071 1616 2161 1698 ἂν
2198 1618 2304 1719 εἴη
2356 1621 2744 1710 θεοσεβοῦς
2795 1647 2870 1692 τε
2930 1614 3046 1690 καὶ
3075 1646 3133 1686 10

634 1738 1028 1845 φιλαρέτου
1066 1739 1356 1839 γνώμης
1400 1738 1484 1819 τὸ
1535 1742 1837 1842 ἀγαθόν.
1921 1745 2033 1821 ἐπὶ
2090 1741 2174 1821 δέ
2217 1776 2301 1843 γε
2357 1744 2484 1840 τῆς
2537 1740 2726 1822 θείας
2780 1736 2903 1814 καὶ
2957 1732 3049 1812 τὰ

634 1860 873 1941 πάντα
939 1866 1438 1963 ὑπερκειμένης
1503 1865 1755 1948 οὐσίας
1815 1867 1952 1972 οὐχ
2011 1869 2256 1950 οὕτως.
2364 1863 2832 1944 ἀλλοιώσεως
2901 1856 3047 1960 γὰρ

566 1997 611 2061 d
636 1989 755 2065 καὶ
829 1991 1099 2086 τροπῆς
1175 1988 1470 2089 ἁπάσης
1544 1989 2003 2095 ἐξῃρημένης,
2067 2025 2185 2070 και
2248 1990 2473 2070 τόπον
2540 1990 2668 2068 οὐκ
2731 1982 3045 2091 ἐχούσης

637 2109 909 2208 οὐδενα,
946 2146 1220 2215 καρπος
1266 2110 1472 2192 ἔσται
1519 2112 1780 2192 λοιπον
1818 2115 2069 2198 οὐσίας
2121 2114 2663 2216 ἀπαραποιήτου
2712 2145 2795 2190 το
2847 2111 3038 2209 ἀγα-

637 2231 788 2331 θον,
827 2269 1080 2338 ωσπερ
1119 2236 1244 2315 ουν
1282 2235 1529 2334 ἀμελει
1566 2238 1685 2315 καὶ
1722 2240 1796 2316 ἐν
1833 2273 2006 2340 πυρι
2056 2238 2141 2318 τὸ
2190 2236 2550 2339 θερμὸν,
2516 2275 2558 2339 η
2610 2241 2685 2318 ἐν
2719 2233 2911 2342 χιόνι
2964 2267 3046 2312 το
3074 2266 3129 2325 15

635 2358 951 2464 ψυχρόν·
1012 2362 1095 2438 οὐ
1134 2359 1277 2462 γὰρ
1313 2363 1389 2440 ε’ν
1426 2360 1724 2461 θελήσει
1768 2359 1854 2441 τὸ
1901 2371 2048 2466 πῦρ
2096 2362 2228 2462 τὴν
2265 2363 2447 2442 ἰδίαν
2484 2361 2837 2464 ἐνέργειαν
2876 2357 3047 2462 ἕχον

640 2482 912 2586 ὁρᾶται,
972 2482 1292 2591 φυσικὴν
1347 2484 1422 2564 δὲ
1487 2492 1780 2584 μᾶλλον
1830 2490 1947 2566 καὶ
2012 2486 2348 2588 οὐσιώδη,
2407 2488 2660 2592 ἑτέρως
2721 2485 2911 2590 ἔχειν
2969 2484 3049 2561 οὐ

641 2608 1052 2706 δυνάμενον,
1093 2615 1151 2689 εἰ
1187 2607 1287 2710 μὴ
1325 2611 1467 2713 ἄρα
1502 2618 1730 2691 ποιεῖν
1762 2620 1908 2697 τοῖς
1947 2622 2073 2693 τοῦ
2117 2614 2590 2715 πεποιηκότος
2642 2605 3050 2709 ε’κβιάζηται

642 2731 1013 2831 νεύμασιν.
1096 2734 1351 2815 οὐκοῦν
1407 2737 1489 2814 οὐ
1556 2735 1883 2839 καθάπερ
1953 2737 2170 2836 ἡμεῖς,
2229 2739 2400 2817 ἀλλ’
2461 2736 2621 2816 οὐδὲ
2683 2734 2928 2838 ἕτερόν
2984 2766 3051 2810 τι
3137 2835 3145 2843 .

642 2864 789 2937 τῶν
827 2865 1141 2961 λογικῶν
1178 2859 1617 2958 κτισμάτων,
1655 2862 1733 2938 ἐκ
1775 2859 2256 2964 προαιρέσεως
2306 2866 2434 2961 τῆς
2479 2859 2839 2968 ἐξαιρέτου
2899 2861 3051 2936 δια·
3078 2892 3137 2932 20

582 3015 618 3059 e
644 2983 1117 3086 κρατούμενος
1171 2990 1267 3068 εἷς
1319 2982 1402 3064 τὸ
1457 2988 1635 3086 δρᾶν
1669 2987 2079 3087 ἐπείγεσθαι
2124 2984 2207 3065 τὸ
2251 2983 2565 3089 ἀρέσκον
2601 3020 2667 3064 τι
2708 2990 2879 3092 Θεῷ
2939 2985 3052 3062 καὶ

646 3110 885 3210 Πατρὶ
949 3106 1043 3186 τὰ
1105 3108 1399 3187 τοιαῦτά
1463 3114 1697 3215 φησιν
1754 3111 1793 3186 ὁ
1861 3108 2307 3211 Μονογενὴς,
2366 3112 2534 3191 ἀλλ’
2597 3114 2692 3194 ὡς
2759 3108 3054 3214 φύσεως

647 3232 826 3315 ἰδίας
879 3237 1173 3331 θεσμοῖς
1225 3236 1666 3330 ἀκολουθῶν,
1706 3235 1822 3312 καὶ
1874 3232 2077 3313 οὐδὲν
2114 3234 2355 3338 ἕτερον
2390 3235 2589 3319 εἰδὼς
2641 3240 2941 3342 φρονεῖν
2978 3265 3053 3312 τε

648 3357 766 3434 καὶ
815 3352 1174 3457 πράττειν,
1215 3361 1274 3434 εἰ
1322 3356 1422 3456 μὴ
1474 3355 1566 3435 τὰ
1613 3360 1688 3436 ἐν
1727 3356 2023 3458 θελήσει
2079 3367 2207 3438 τοῦ
2262 3360 2748 3462 γεννήσαντος
2803 3358 3050 3437 αὐτόν.

647 3486 801 3563 πῶς
837 3478 981 3583 γὰρ
1019 3476 1111 3557 ἂν
1148 3478 1337 3564 ὅλως
1373 3482 1417 3581 ἡ
1456 3479 1838 3579 ὁμοούσιός
1876 3517 1951 3562 τε
2000 3485 2116 3563 καὶ
2168 3485 2299 3580 μία
2349 3484 2598 3584 θεότης
2649 3488 2827 3582 αὕτη
2880 3479 3050 3561 καθ’
3081 3519 3142 3575 25

650 3607 904 3704 ἑαυτῆς
965 3601 1386 3709 διχονοήσαι
1458 3605 1689 3702 ποτε’;
1783 3604 1825 3706 ἢ
1894 3613 2050 3691 πῶς
2118 3603 2207 3687 ἂν
2267 3606 2353 3686 τὸ
2414 3608 2514 3707 μὴ
2580 3610 2759 3713 αὐτῇ
2826 3608 3053 3713 φίλον

652 3728 1065 3833 ἐργάσαιτο,
1093 3727 1281 3813 τινὸς
1320 3729 1542 3827 αὐτὴν
1571 3730 1685 3835 ἐφ’
1726 3730 1963 3835 ἕτερόν
1997 3766 2067 3810 τι
2101 3733 2583 3835 παρατρέπειν
2621 3732 3046 3837 ἰσχύον-τως

653 3860 712 3934 εἱ
763 3853 905 3958 γὰρ
956 3852 1358 3961 ὑφέστηκεν
1397 3857 1539 3961 ἰδίᾳ
1594 3858 1713 3934 καὶ
1769 3853 1935 3934 καθ’
1974 3853 2226 3936 ἑαυτὸν
2265 3858 2304 3935 ὃ
2357 3855 2543 3941 Θεὸς
2594 3859 2711 3936 καὶ
2758 3854 3050 3958 Πατὴρ,

723 4108 775 4162 3.
812 4090 1126 4161 διῃρημένους
1148 4108 1196 4145 3.
1223 4089 1367 4145 Aub.
1394 4107 1423 4144 e
1450 4090 1568 4145 Cat.
1597 4090 1750 4147 Harl.
1778 4091 2080 4162 διῃρημένος
2105 4091 2170 4146 Β.
2201 4091 2383 4147 Holst.
2483 4092 2675 4148 Statim
2700 4092 2955 4147 ἐπιτελεῖν
2982 4091 3051 4145 Β.

655 4162 755 4216 Ht.
800 4164 1043 4226 ἐπιτελεῖ,
1080 4163 1344 4216 clausulas
1389 4179 1487 4231 pro
1531 4180 1678 4216 more
1719 4173 2093 4250 transpontem,
2130 4164 2627 4234 aliquantulumque
2666 4164 2858 4217 iterum
2901 4180 3050 4217 com-

691 4251 860 4286 onens
885 4233 1131 4297 Niketas,
1157 4232 1302 4286 unde
1327 4233 1471 4286 Aub.
1824 4247 1872 4305 7.
1910 4233 2201 4298 βούλεσθαι
2232 4235 2292 4287 B.
2300 4253 2347 4288 a.
2378 4236 2474 4290 Ht.
2499 4234 2850 4298 βουλεύεσθαι
2874 4251 2903 4287 e
2930 4233 3048 4288 Cat.

716 4305 811 4357 arl.
839 4303 982 4358 Aub.
1059 4273 1247 4357 Statim
1274 4325 1323 4357 τι
1347 4304 1649 4374 transponit
1672 4322 1720 4358 a.
1917 4305 1968 4359 8.
2005 4304 2288 4372 τρέπεσθαι
2317 4306 2362 4358 Β
2369 4323 2433 4360 3.
2464 4306 2561 4360 Ht.
2589 4305 2877 4390 τραπέσθαι
2902 4304 3049 4357 Aub.

658 4375 742 4429 18.
778 4376 916 4428 ποιεῖ
943 4373 1007 4427 Β.
1032 4377 1199 4428 ποιεῖν
1221 4373 1521 4428 emendavit
1551 4376 1649 4429 Ht.
1676 4384 1931 4429 neutrum
1954 4375 2116 4430 habet
2140 4394 2188 4430 3.
2544 4394 2630 4430 21.
2668 4378 2727 4430 τὸ
2752 4375 2977 4445 ἀρέσκον
3002 4395 3051 4428 τι

652 4444 813 4499 edidi.
838 4446 898 4499 τὸ
930 4444 1204 4532 ἀρέσκοντι
1233 4445 1397 4519 Β.τῷ
1431 4445 1706 4515 ἀρέσκοντι
1735 4446 1831 4500 Ht.
1860 4449 1921 4499 τὸ
1949 4446 2172 4516 ἀρέσκον
2196 4466 2225 4501 e
2251 4447 2370 4502 Cat.
2403 4447 2552 4502 Harl.
2578 4446 2880 4501 emendavit
2905 4445 3050 4499 Aub.

654 4515 740 4570 26.
779 4515 1105 4587 διχονοῆσειέ
1126 4534 1176 4571 3.
1431 4531 1553 4598 27.
1571 4538 1633 4570 το
1661 4517 1726 4570 Β.
1752 4538 1802 4571 τι
1825 4517 2125 4572 emendavit
2149 4519 2297 4574 Aub.
2395 4519 2587 4573 Statim
2610 4519 2957 4589 παρατρέπειν
2985 4515 3052 4569 Β.

653 4588 797 4642 Aub.
824 4605 854 4642 e
880 4587 998 4642 Cat.
1027 4587 1179 4642 Harl.
1205 4594 1270 4643 ut
1294 4587 1553 4643 adnotat
1539 4604 1671 4657 ipse.
1696 4589 2042 4659 παρατρέχειν
2068 4588 2170 4643 Ht.
