3238 5158
629 321 755 382 716
1236 323 1311 385 B.
1361 321 1786 386 CYRILLI
1848 322 2425 387 ALEXANDR.
2603 319 2764 384 xvii.
2799 318 2898 397 16,
2929 334 3023 399 17.

289 486 464 600 ἓξὲξ.
486 553 517 601 6
627 486 1065 587 φαινώμεθα,
1104 490 1230 567 οὐκ
1275 490 1689 589 ἀρνούμενοι
1726 489 1858 587 τὴν
1894 492 1969 567 ἐν
2005 488 2258 599 κόσμῳ
2298 489 2594 590 γένεσιν·
2664 491 2753 569 ἐκ
2788 497 3027 589 πηλοῦ

558 626 597 690 d
628 608 767 712 γὰρ
821 617 889 690 οἱ
942 611 1203 695 πάντες
1266 616 1382 691 καὶ
1437 615 1513 693 ἐκ
1578 618 1711 716 γῆς
1778 615 2262 717 διηρτίσμεθα,
2320 613 2503 694 κατὰ
2555 649 2641 695 το
2708 649 3026 716 γεγραμ-

623 735 861 833 με’νον·
932 741 1022 840 τῇ
1077 733 1159 815 δὲ
1211 742 1356 816 τῶν
1393 737 1627 839 ἔργων
1660 738 2014 838 ποιότητι,
2056 743 2185 838 τῆς
2239 746 2385 819 τῶν
2420 741 2497 818 ἐν
2533 738 2799 848 κόσμῳ
2856 737 3029 843 ζωῆς

623 859 1281 961 παραλλάττοντες.
1380 871 1933 965 περιπατοῦντες
2005 862 2150 968 γὰρ
2220 866 2336 945 ἐπὶ
2406 867 2541 966 γῆς
2603 867 2682 945 ἐν
2754 866 3031 970 οὐρανῶ

624 982 1119 1064 πολιτεύονται
1154 989 1282 1084 τῆς
1320 988 1395 1066 ἐν
1431 990 1739 1094 Χριστῷ
1774 989 2242 1094 συμμορφίας
2277 994 2344 1068 οἱ
2380 989 2710 1144 ἐρασταί.
3053 1015 3084 1073 5

736 1109 1178 1206 Σημειωτέον
1224 1108 1299 1190 δὲ
1346 1108 1593 1207 πάλιν,
1632 1143 1743 1190 οτι
1786 1109 1874 1211 δὴ
1918 1109 2217 1218 σφόδρα
2261 1112 2638 1218 χρησίμως
2698 1111 2925 1217 ἅγιον
2956 1114 3029 1192 ἐν

621 1229 897 1316 τούτοις
943 1234 1300 1314 ἀποκαλεῖ
1335 1232 1463 1314 τὸν
1501 1233 1816 1338 Πατέρα,
1862 1238 2242 1388 μρνονουχὶ
2285 1240 2402 1317 καὶ
2453 1234 3028 1336 ὑπομιμνήσκων

622 1355 858 1453 αὐτὸν,
899 1391 1008 1436 οτι
1042 1391 1182 1461 περ
1216 1353 1417 1460 ἅγιος
1459 1356 1559 1437 ὧν
1601 1366 1750 1444 τοῖς
1799 1359 2026 1459 ἁγίοις
2062 1358 2422 1466 ἐφήδεται.
2493 1358 2705 1465 ἅγιον
2753 1362 2836 1442 δὲ
2886 1368 3030 1444 πᾶν

623 1480 799 1585 ὅπερ
873 1478 960 1560 ἂν
1021 1481 1350 1588 φαίνοιτο
1409 1486 1538 1582 τῆς
1605 1485 1682 1562 ἐν
1740 1483 1997 1591 κόσμῳ
2069 1488 2361 1584 κηλῖδος
2424 1486 3028 1591 ἀπηλλαγμένον,

622 1605 799 1708 ὅπερ
871 1608 1031 1685 ε’στὶ
1101 1612 1429 1712 φυσικῶς
1501 1604 1633 1706 μὲν
1698 1609 1773 1687 ἒν
1829 1612 2137 1717 Χριστῷ
2208 1611 2372 1690 καθ’
2438 1611 2842 1713 ὁμοιότητα
2903 1618 3028 1691 τοῦ
3059 1643 3122 1683 10

622 1729 935 1832 Πατρὸς,
997 1727 1410 1831 εἰσποιητὸν
1483 1729 1559 1811 δὲ
1636 1735 1755 1811 καὶ
1821 1732 2341 1836 εἶσκεκριμένον
2411 1736 2489 1814 ἐν
2560 1743 2716 1819 τοῖς
2798 1736 3028 1837 ἁγίοις

619 1860 989 1954 μαθηταῖς,
1026 1854 1145 1934 διά
1198 1888 1275 1934 τε
1325 1863 1454 1934 τοῦ
1506 1854 1690 1935 κατὰ
1735 1855 1948 1962 χάριν
1990 1859 2360 1960 ἀγιασμοῦ
2404 1862 2521 1938 καὶ
2572 1864 2708 1960 τῆς
2764 1864 2847 1940 ἐν
2891 1862 3030 1969 βίῳ

621 1974 1097 2080 φαιδρότητος
1138 1980 1255 2058 καὶ
1303 1979 1688 2064 ἐπιεικείας·
1764 1981 2159 2062 πλάττοιτο
2208 1981 2352 2087 γὰρ
2402 1979 2491 2063 ἂν
2540 1981 2731 2088 πρὸς
2793 1983 3028 2066 εἰκόνα

619 2134 726 2185 τις
763 2101 949 2180 οὕτω
983 2101 1116 2199 τὴν
1153 2100 1350 2182 θείαν
1386 2106 1502 2184 καὶ
1541 2100 2043 2207 ύπερκόσμιον.

1585 2310 1608 2349 1
1618 2333 1633 2348 .
1669 2294 1960 2365 ἀρνούμεθα
1987 2296 2051 2351 Ε.
