3238 5158
229 306 357 370 xiv.
384 307 485 373 28.
617 308 735 373 IN
796 310 862 375 s,
912 266 1422 375 ιοᾹΝΝΕΜ.
1516 309 1706 372 LIB.
1755 309 1838 374 x,
1929 307 2134 372 CAP.
2183 305 2240 371 1.
2498 301 2625 365 523

231 467 364 568 τὴν
406 473 482 552 ἐν
532 472 809 557 τούτοις
853 474 1301 581 πλεονεξίαν,
1337 473 1495 573 ἤτοι
1549 472 1684 573 τὴν
1728 470 2156 569 ἐλάττωσιν,
2193 471 2322 549 οὑκ
2371 470 2446 547 ἐν
2483 466 2628 574 ὅρῳ

229 595 552 693 κειμένην
605 599 710 705 τῷ
762 600 892 698 τῆς
945 599 1197 682 οὐσίας
1257 596 1673 701 εὑρήσομεν.
1756 592 1803 696 ἢ
1864 593 2010 699 γὰρ
2075 593 2163 673 ἂν
2217 591 2369 673 κατ’
2428 588 2628 670 οὐδὲν

228 717 584 818 ἀλλήλων
631 720 950 824 διήνεγκε
1003 719 1096 801 τὰ
1150 728 1246 806 εἰς
1301 719 1694 824 σύγκρισιν
1738 718 2218 815 ἀναβαίνοντα
2266 713 2399 815 τὴν
2444 711 2629 817 πρὸς

229 838 554 941 ἄλληλα.
632 845 849 944 μείων
903 844 1049 950 γὰρ
1104 847 1480 950 ἅνθρωπος
1536 844 1919 947 ἀνθρώπου
1974 840 2217 947 τυχὸν,
2264 839 2488 943 ἤγουν
2542 837 2629 919 τὸ

165 987 203 1048 5
227 963 461 1067 μεῖζον
506 965 711 1072 ἔχων,
759 968 1074 1073 καθάπερ
1129 972 1310 1049 εἰσὶν
1365 968 1752 1071 ἅνθρωποι,
1794 972 1950 1050 πῶς
2003 962 2094 1045 ἂν
2150 963 2340 1049 ὅλως
2395 970 2629 1043 νοοῖτο

229 1088 349 1166 καὶ
385 1087 670 1191 λέγοιτο
700 1123 722 1188 ;
787 1093 1061 1191 οὐκοῦν,
1099 1094 1175 1172 ἐν
1208 1091 1350 1199 ἴσῳ
1386 1089 1516 1190 μὲν
1551 1087 1788 1196 μέτρῳ
1837 1094 2025 1169 πᾶσι
2072 1094 2220 1172 τοῖς
2271 1085 2627 1186 ὁμοειδέσι

227 1207 323 1289 τὰ
371 1212 674 1316 φυσικά·
755 1214 1069 1322 διάφορα
1125 1215 1202 1296 δὲ
1255 1212 1349 1294 τὰ
1402 1211 1653 1293 ἐνόντα
1708 1211 2055 1320 φαίνεται,
2100 1215 2217 1292 καὶ
2265 1209 2450 1291 κατὰ
2497 1209 2625 1291 τὸν

228 1342 358 1414 τοῦ
420 1336 972 1437 συμβεβηκότος
1033 1336 1295 1444 ἔξωθεν
1357 1337 1722 1438 ἐγκείμενα
1784 1331 2042 1437 λόγονω
2139 1336 2392 1414 οὐκοῦν
2444 1335 2623 1414 ἐπει-
2646 1366 2683 1410 ο

232 1456 455 1563 δήπερ
509 1460 693 1542 κατὰ
744 1461 877 1562 τὴν
931 1460 1192 1541 ἐκείνου
1244 1458 1627 1564 πρότασιν,
1677 1458 1835 1558 ἤτοι
1891 1457 2167 1566 φωνήν·
2238 1457 2627 1564 ἀνθέξομαι

134 1616 212 1657 10
235 1581 378 1683 γὰρ
431 1585 669 1684 αὐτῆς·
739 1586 927 1684 μόνα
983 1619 1074 1665 τα
1123 1585 1430 1688 ὁμογενῆ
1480 1582 1614 1683 τὴν
1660 1581 1842 1685 πρὸς
1891 1583 2191 1681 ἄλληλα
2239 1581 2628 1684 σύγκρισιν

236 1704 650 1810 οἰκειότερον
721 1709 1133 1817 ἐπιδέξεται,
1213 1708 1657 1811 ὁμολογείτω
1726 1714 2035 1811 πρῶτον,
2112 1711 2210 1792 ὡς
2283 1707 2626 1809 ὁμογενής

233 1829 434 1909 ἐστιν
487 1831 528 1909 5
583 1830 756 1917 Υἱὸς
809 1840 912 1942 τῷ
969 1835 1230 1938 Πατρί,
1285 1832 1675 1929 τουτέστιν,
1735 1830 2138 1929 ὁμοοὺσιος·
2236 1831 2422 1910 οὕτω
2480 1830 2626 1932 γὰρ

231 1951 515 2053 νοήσεις
558 1954 644 2036 τὸ
687 1955 1041 2059 ὁμογενὲς,
1080 1958 1463 2061 ἄνθρωπον
1495 1953 1641 2059 γὰρ
1695 1954 2053 2063 ἀνθρώπῳ
2107 1955 2628 2057 συγκρίνεσθαι

228 2080 374 2156 δεῖν
447 2080 888 2180 ἐδοκίμασεν,
962 2078 1164 2161 ἀλλὰ
1234 2083 1354 2161 καὶ
1424 2079 1650 2160 ἵππον
1721 2078 1942 2188 ἵππω·
2043 2080 2157 2158 καὶ
2233 2076 2628 2158 διδασκέτω

131 2227 202 2287 15
229 2202 490 2284 λοιπὸν
543 2203 677 2305 τὴν
730 2206 962 2286 αἰτίαν
1019 2206 1102 2285 δι’
1152 2202 1243 2305 ἣν
1297 2205 1339 2283 ὁ
1394 2209 1498 2311 τῷ
1552 2209 1720 2310 Θεῷ
1771 2206 1890 2283 καὶ
1948 2205 2187 2306 Πατρὶ
2241 2199 2625 2306 συγκρινό-

227 2358 440 2423 μενος
473 2325 670 2425 Υἰὸς,
706 2332 803 2412 ὡς
838 2328 1185 2431 ὁμογενὴς
1239 2329 1454 2436 αὐτῷ,
1490 2326 1623 2427 τὴν
1661 2325 1843 2407 κατά
1891 2361 1960 2407 τι
2010 2335 2187 2428 γοῦν
2222 2324 2625 2407 ἐλάττωσιν

230 2448 390 2553 ἔχει,
423 2459 567 2532 ποῦ
622 2451 700 2571 δὲ
748 2450 834 2532 τὸ
882 2460 1080 2608 μεῖον
1117 2451 1532 2556 εὑρήσομεν,
1569 2450 1685 2530 ὅτε
1734 2457 1884 2536 τοῖς
1935 2451 2354 2603 ὁμογενέσιν
2388 2447 2485 2533 εἷς
2536 2450 2624 2528 ἂν
2648 2463 2692 2527 d

231 2572 572 2676 ἀρμόττοι
636 2581 765 2676 τῆς
830 2577 1079 2662 οὐσίας
1150 2575 1359 2680 ὅρος·
1341 2637 1362 2674 ‚
1443 2573 1754 2675 ἑκάστης
1818 2573 1961 2678 γὰρ
2025 2571 2294 2670 οὐσίας,
2359 2574 2399 2650 ὁ
2462 2575 2625 2675 περὶ

232 2696 447 2797 αὐτῆς
502 2698 746 2801 λόγος,
803 2702 885 2780 οὑ
940 2699 1206 2785 τέλειος
1261 2734 1391 2797 μεν
1445 2734 1520 2778 εν
1575 2732 1792 2795 τισιν,
1842 2695 2101 2797 ἀτελὴς
2157 2695 2232 2776 δὲ
2286 2699 2363 2776 ἐν
2416 2695 2624 2803 ἑτέρῳ

128 2852 207 2892 20
234 2819 580 2925 φαίνεται,
640 2826 808 2905 ἀλλ’
867 2822 966 2910 εις
1025 2827 1140 2904 καὶ
1202 2823 1364 2908 ’ίσος
1427 2824 1543 2903 ἐπὶ
1607 2820 1899 2903 πάντων
1959 2822 2310 2927 φαίνεται.
2397 2820 2625 2902 αἰτίας

233 2942 461 3044 γεμὴν
505 2945 742 3052 ἑτέρας
798 2948 983 3054 ἔχειν
1028 2945 1266 3055 φαμὲν
1312 2953 1457 3025 τῶν
1502 2944 2079 3045 συμβεβηκότων
2124 2943 2522 3024 ἕκαστον”
2466 2978 2624 3043 ητοι

227 3069 828 3173 προσγεγονότων
865 3069 1032 3152 καθ’
1071 3073 1511 3170 ὁνδηποτοῦν
1546 3068 1840 3173 τρόπον.
1923 3067 2096 3148 αὑτὸ
2144 3066 2220 3149 δὲ
2266 3066 2354 3167 δὴ
2398 3066 2625 3148 πάλιν

231 3190 409 3294 ὑπὲρ
446 3197 845 3299 σαφηνείας
879 3201 1025 3275 τῶν
1061 3194 1443 3298 εἰρημένων
1479 3191 1564 3273 τὸ
1601 3192 1690 3299 ἐξ
1735 3196 1961 3297 ἀρχῆς
2004 3192 2336 3297 παροίσω
2376 3190 2617 3295 παρά-

227 3318 505 3416 δειγμα.
583 3317 959 3420 ανθρωπος
1013 3353 1142 3418 μεν
1196 3315 1583 3421 ἀνθρώπου
1638 3316 1890 3396 διοίσει
1951 3350 2082 3416 μεν
2137 3315 2326 3400 ολως
2386 3315 2682 3415 οὐδεν,θ

120 3466 200 3528 25
227 3437 542 3544 καθάπερ
602 3445 786 3522 εἰσὶν
839 3441 1206 3546 ἅνθρωποι
1269 3437 1510 3546 τυχόν·
1586 3440 1758 3519 ἀλλ’
1820 3442 1859 3519 ὁ
1914 3439 2042 3539 μέν
2095 3473 2203 3523 τις
2256 3439 2457 3520 ἐστὶν
2510 3440 2625 3519 εὑ-

226 3562 476 3663 σεβὴς,
516 3566 558 3644 ὁ
608 3564 685 3645 δὲ
736 3563 1098 3664 κακόνους,
1130 3566 1253 3645 καὶ
1306 3566 1346 3644 ὁ
1398 3564 1530 3663 μὲν
1579 3563 1890 3663 ἀσθενὴς
1946 3566 2063 3644 καὶ
2116 3564 2626 3663 λελωβημένος

225 3684 311 3765 τὸ
374 3694 614 3788 σῶμα,
681 3695 877 3774 σῶος
952 3686 1030 3768 δὲ
1099 3690 1219 3768 καὶ
1292 3689 1653 3791 εὔρωστος
1716 3687 1972 3791 ἕτερος,
2037 3689 2155 3768 καὶ
2219 3687 2259 3766 ὁ
2323 3687 2455 3786 μέν
2517 3722 2625 3772 τις

224 3808 616 3909 βάσκανος,
674 3814 714 3890 ὁ
770 3812 847 3892 δὲ
900 3812 1194 3915 ἀγαθός·
1269 3813 1437 3892 ἀλλ’
1497 3810 1674 3892 ὅταν
1725 3845 1834 3896 τις
1886 3810 2159 3891 τούτων
2212 3810 2343 3895 τὰς
2396 3814 2625 3896 αἰτίας

227 3933 539 4036 ἀκριβῶς
578 3934 1177 4036 κατασκέπτηται,
1214 3933 1343 4015 τὸν
1378 3933 1510 4034 μὲν
1545 3939 1675 4033 τῆς
1727 3933 1953 4019 αἰτίας
2002 3933 2172 4038 ὅρον
2208 3937 2336 4015 οὑκ
2387 3935 2615 4015 αἰτιά-

118 4088 200 4146 30
225 4089 455 4155 σεται,
489 4057 755 4138 πάθεσι
804 4058 881 4140 δὲ
925 4065 1219 4158 μᾶλλον
1255 4066 1692 4159 σωματικοῖς
1727 4055 1953 4160 ἤγουν
1987 4063 2322 4165 ψυχικοῖς
2371 4061 2615 4139 ἀνατί-

225 4188 401 4282 θησι
436 4180 566 4267 τὰς
601 4184 855 4268 αἰτίας.
936 4181 1089 4267 ἑνὸς
1124 4190 1504 4286 τοιγαροῦν
1540 4181 1920 4281 νοουμένου
1968 4214 2046 4260 τε
2092 4184 2208 4262 καὶ
2255 4180 2460 4267 ὄντος
2508 4185 2631 4263 ἐπί

293 4470 347 4526 6.
381 4470 479 4539 μὲν
502 4480 841 4541 assumptum
867 4488 931 4525 ex
958 4470 1024 4525 E.
1254 4482 1372 4561 17.
1409 4468 1578 4542 μεῖον]
1607 4471 1824 4539 σημεῖον
1848 4467 1913 4523 Ε.
2199 4467 2557 4591 &cisspdrroc
2557 4466 2622 4521 Ε.

221 4543 450 4613 ὑπάρχοι
475 4540 578 4596 Ed.
762 4559 848 4614 29.
885 4539 1073 4611 αἰτίας]
1100 4563 1188 4612 γρ.
1214 4541 1397 4597 οὗσιας
1419 4549 1557 4595 recte
1584 4540 1669 4610 (ut
1696 4539 1832 4608 vid.)
1859 4537 1960 4595 Ed.
1989 4555 2100 4610 mg.
2126 4538 2289 4595 αἰτίας
2350 4537 2470 4592 abet
2499 4538 2539 4590 F

1331 4641 1512 4707 3x2
