3238 5158
234 338 323 404 ix.
349 361 456 429 33.
618 342 735 409 IN
796 345 864 409 S.
911 345 1422 412 JOANNEM.
1512 346 1707 412 LIB.
1739 347 1863 414 VI.
1950 348 2157 413 cAP.
2204 346 2262 412 Ι.
2514 346 2640 410 193

382 510 856 614 Συναγορεύει
935 521 1316 616 τοιγαροῦν
1388 520 1491 621 τῷ
1577 519 1862 617 Σωτῆρι
1935 519 2244 621 Χριστῷ
2325 514 2442 592 καὶ
2523 508 2642 590 διὰ

234 633 513 713 τούτων
559 636 600 713 5
651 638 1270 739 τεθεραπευμένος.
1349 637 1583 734 βλέπε
1638 637 1715 718 δὲ
1765 637 1959 722 ὅπως
2010 638 2287 743 εὐφυῶς
2334 634 2461 716 τὸν
2510 638 2641 733 τῆς

235 757 681 858 συνηγορίας
733 758 1099 867 ἐξυφαίνει
1154 759 1404 863 λόγον.
1485 760 1574 862 ἦν
1615 761 1747 861 μὲν
1791 761 1933 866 γὰρ
1989 760 2210 845 ὅντως
2266 760 2636 861 ἐλευθέρας
2661 801 2698 845 e

233 887 617 965 παντελῶς
666 884 1093 987 ’παῤῥησίας
1153 891 1391 983 εἰπεῖν,
1458 885 1567 967 ὅτι
1642 890 1758 966 καὶ
1826 885 2200 969 Μωυσέως
2266 885 2384 964 καὶ
2446 916 2628 984 προ-

169 1024 206 1084 5
238 1009 496 1110 φητῶν
532 1006 839 1104 ἀμείνων
874 1042 952 1086 τε
992 1012 1109 1088 καὶ
1155 1009 1717 1117 διαφανέστερός
1760 1013 1962 1091 ἐστιν
2000 1011 2040 1088 5
2077 1006 2426 1112 Χριστὸς,
2462 1004 2633 1085 ἀλλ’

232 1127 329 1228 ἦν
367 1130 493 1209 οὐκ
530 1130 816 1215 ἀπεικὸς
853 1133 1113 1213 ἐννοεῖν
1148 1134 1502 1219 ἀλύοντας
1552 1137 1667 1215 ἐπὶ
1717 1135 1948 1241 τούτῳ
1994 1132 2159 1217 τοὺς
2197 1131 2636 1235 Φαρισαίους

232 1250 323 1332 τὸ
361 1252 494 1351 μὲν
526 1254 1088 1357 ἐπαγωνίζεσθαι
1125 1265 1271 1342 τοῖς
1309 1260 1536 1361 ἁγίοις
1573 1262 1671 1344 ὡς
1711 1258 2164 1359 ὑβρισμένοις
2207 1262 2631 1359 προσποιεῖ-

232 1383 417 1458 σθαι
451 1379 898 1483 πανούργως,
935 1380 1356 1487 εὑαφόρμως
1395 1381 1470 1463 δὲ
1504 1383 1642 1483 ἤδη
1681 1389 1798 1462 καὶ
1833 1381 2157 1485 κολάζειν
2193 1383 2636 1486 ἐπιχειρῆσαι

235 1499 368 1581 τὸν
432 1502 837 1606 ἄνθρωπον,
901 1505 1017 1584 ἵνα
1082 1503 1185 1605 μὴ
1255 1506 1395 1609 ζῶν
1458 1511 1575 1586 καὶ
1640 1508 1993 1610 ὁρώμενος
2060 1502 2445 1604 ὑπόμνημα
2508 1507 2635 1602 τῆς

125 1655 205 1697 10
234 1632 570 1730 Χριστοῦ
624 1632 952 1734 φαίνοιτο
1001 1629 1240 1737 δόξης,
1287 1634 1403 1712 καὶ
1454 1628 1659 1710 εἰκὼν
1704 1627 1952 1735 ὥσπερ
2003 1665 2109 1714 τις
2160 1633 2287 1729 τῆς
2335 1625 2635 1725 ἐνούσης

232 1753 431 1859 αὐτῷ
505 1758 941 1856 θεοπρεποῦς
1013 1754 1373 1861 ἐξουσίας*
1459 1754 1577 1835 διὰ
1647 1764 1859 1835 τοῦτο
1931 1756 2050 1834 καὶ
2119 1752 2252 1854 τὴν
2315 1754 2635 1832 ἐντεῦθεν
2658 1782 2697 1823 ο.
2739 1769 2869 1826 627
2887 1768 2974 1827 Δ.

236 1876 634 1956 ὑπεκνεύων
694 1876 939 1981 ὀργὴν,
999 1881 1116 1958 καὶ
1182 1886 1336 1964 ταῖς
1399 1880 1681 1960 ἐκείνων
1740 1879 2175 1986 μιαιφονίαις
2233 1873 2637 1957 ἀποκλείων

232 1998 370 2098 τὴν
404 2005 503 2084 εἶς
536 1999 622 2080 τὸ
656 2001 918 2104 πρόσω
962 2002 1309 2104 πάροδον,
1352 2007 1466 2085 ἐπὶ
1517 2003 1603 2084 τὸ
1654 2002 1970 2084 καθόλου
2018 2004 2135 2083 καὶ
2184 1997 2638 2102 ἀσημότερον

232 2125 675 2227 παρατρέπει
746 2135 876 2206 τοῦ
950 2126 1178 2230 λόγου
1250 2126 1379 2207 τὸν
1440 2127 1745 2225 σκοπὸν,
1805 2133 1936 2208 Ἐκ
2011 2129 2124 2207 τοῦ
2197 2122 2426 2209 αιῖὦνος
2497 2121 2636 2203 ὑπὸ

125 2271 205 2331 15
235 2246 536 2348 μηδενὸς
610 2245 696 2330 τὸ
768 2249 1114 2354 παράπαν
1189 2256 1625 2354 γεγενῆσθαι
1698 2250 1936 2355 λέγων
2009 2249 2186 2353 ὅπερ
2262 2247 2636 2351 εἴργασται

233 2371 561 2476 Χριστὸς
636 2372 745 2454 ἐπ’
818 2376 1038 2483 αὐτῷ.
1153 2385 1365 2456 τοῦτο
1439 2373 1514 2455 δὲ
1582 2375 1673 2477 ἦν
1745 2375 1984 2478 ἕτερον
2058 2371 2635 2456 ὑποδεικνύοντος

234 2495 461 2596 οὐδὲν,
507 2495 553 2601 ἢ
611 2497 723 2578 ὅτι
775 2499 1030 2604 μείζων
1080 2500 1417 2582 ἁπάντων
1467 2504 1583 2582 καὶ
1640 2497 2129 2608 ἐπιδοξότερος
2185 2500 2226 2578 5
2275 2495 2630 2600 Χριστὸς,

235 2623 276 2701 5
325 2622 659 2724 τοιαύτην
706 2626 1010 2704 ἐνοῦσαν
1058 2627 1251 2733 αὐτῷ
1302 2624 1437 2725 τήν
1484 2661 1561 2707 τε
1621 2626 1920 2724 δύναμιν
1962 2629 2080 2704 καὶ
2134 2621 2473 2730 ἐξουσίαν
2518 2620 2637 2701 διὰ

232 2747 683 2846 πραγμάτων
757 2747 1161 2847 ἐπιδεικνὺς,
1235 2749 1326 2849 ἢν
1396 2748 1804 2856 πεφόρηκεν
1879 2749 2102 2832 οὐδεὶς
2186 2752 2332 2826 τῶν
2405 2744 2633 2845 ἁγίων

123 2903 206 2944 20
230 2869 550 2951 πώποτε.
631 2873 1068 2979 καταστέφει
1115 2882 1497 2976 τοιγαροῦν
1540 2873 1670 2954 τὸν
1716 2879 1967 2953 οἰκεῖον
2013 2871 2256 2975 ἰατρὸν
2307 2873 2396 2974 τῇ
2449 2868 2632 2949 κατὰ
2653 2887 2696 2951 b

228 2991 524 3075 πάντων
574 2999 912 3102 ὑπεροχῇ,
951 2998 1204 3092 λαβὼν
1250 3004 1346 3082 εἷς
1397 2998 1765 3105 ἀπόδειξιν
1816 2994 1900 3076 τὸ
1950 3004 2097 3080 τοῖς
2145 2994 2403 3097 ἑτέροις
2451 2991 2624 3093 ἀνή-

232 3118 449 3200 νυτόν
483 3154 561 3199 τε
599 3124 714 3201 καὶ
749 3122 1285 3226 ἀνεπιχείρητον
1321 3128 1582 3221 θαῦμα,
1610 3130 1823 3203 τοῦτο
1861 3119 1935 3201 δὲ
1970 3117 2061 3219 ἦν
2098 3120 2142 3220 ἡ
2181 3117 2634 3224 τυφλότητος

228 3242 621 3344 ἀνατροπῆ.

371 3460 440 3527 Εἰ
495 3462 583 3539 μή
641 3458 720 3529 ἦν
774 3460 965 3531 οὗτος
1019 3465 1198 3555 παρὰ
1254 3465 1450 3547 Θεοῦ,
1504 3467 1622 3530 οὐκ
1676 3465 1962 3531 ἠδύνατο
2015 3459 2226 3529 ποιεῖν
2281 3461 2491 3527 οὐδέν.
2657 3477 2732 3533 33

126 3642 199 3703 ²5
340 3634 938 3742 Ὀξυωπέστερος
1004 3642 1098 3722 εἷς
1166 3638 1509 3739 ἀλήθειαν
1566 3644 1714 3717 τῶν
1773 3637 1889 3717 διὰ
1953 3638 2175 3737 νόμου
2237 3639 2621 3716 πεπαιδευ-

224 3760 461 3859 μένων
506 3762 546 3839 5
596 3759 758 3863 ἅρτι
807 3760 1129 3858 βλέπων,
1175 3767 1294 3841 καὶ
1349 3768 1476 3861 τῆς
1532 3762 1834 3867 ἀρχαίας
1888 3761 2342 3869 τυφλότητος
2396 3794 2630 3860 παρα-

226 3882 458 3991 δόξως
533 3885 1124 3987 ἀπηλλαγμένος·
1214 3884 1365 3966 ἰδοῦ
1438 3884 1584 3990 γὰρ
1660 3886 1813 3967 ἰδοῦ
1883 3893 2193 3970 πολλοῖς
2257 3886 2446 3986 ἄγαν
2512 3887 2626 3963 καὶ
2652 3922 2687 3965 ο

228 4172 278 4227 Β
307 4100 1043 4243 ’ῂεῖενςὲὓέηέἑτζέιὴ
1107 4118 1169 4230 ⁵6,
1197 4104 1343 4231 ἐπι
1365 4105 1541 4230 Ἡ
1559 4116 1623 4232 ἳξ
1651 4105 1760 4161 ffi-
1780 4104 2266 4243 ²⁸⁸¹¹¹¹²⁹⁸³t1²2¹¹b12
2315 4105 2431 4230 Ηὲ·
2468 4101 2632 4241 ‘³²22‘

224 4213 531 4298 erl-:endavit
555 4261 584 4298 ο
684 4254 725 4300 t.
757 4244 908 4300 Harl.
926 4194 1096 4301 ⁴gub.e
1157 4194 1489 4318 ἓῆςΓ-Ι-Ἦτόῦ
1516 4196 1633 4303 Ed..
1735 4263 1818 4303 10.
1853 4195 2094 4319 φα9ίνοΐό
2124 4198 2240 4301 ἔτει.
2264 4197 2633 4316 ᾧάνοιτξόηῦειέ

229 4313 388 4369 Harl.
413 4314 632 4385 φέροιτο
657 4316 711 4383 (ο
735 4316 940 4371 scribae
966 4317 1264 4387 sphalmata
1282 4320 1326 4387 ?)
1351 4318 1498 4373 Aub.
1839 4334 1920 4372 12.
1957 4318 2245 4373 ἀποκλείων
2268 4336 2297 4372 e
2324 4316 2443 4370 Cat.
2473 4314 2628 4369 Harl.

223 4384 530 4439 emendavit
552 4385 700 4440 Aub.
725 4386 1002 4441 ἀποκαλῶν
1030 4387 1094 4442 Β.
1125 4387 1222 4443 Ht.
1403 4406 1486 4459 13.
1524 4389 1877 4457 εὐσημότερον
1900 4406 1950 4445 a.
2139 4403 2221 4458 15.
2260 4386 2532 4459 εἴργασται
2563 4386 2627 4440 Β.

226 4455 329 4510 Ht.
356 4455 641 4526 εἰργάσατο
666 4473 695 4510 ο
721 4456 840 4512 Cat.
869 4466 930 4511 ut
954 4457 1062 4513 vid.
1090 4459 1236 4514 Aub.
1456 4475 1539 4532 17.
1577 4460 1729 4513 οὐδὲν
1751 4460 2043 4530 assumpsit
2066 4477 2096 4513 e
2122 4458 2240 4513 Cat.
2270 4469 2330 4513 ut
2355 4458 2462 4512 vid.
2483 4456 2628 4511 Aah.

227 4526 316 4580 18.
356 4528 387 4579 ὁ
410 4544 519 4580 om.
544 4543 594 4581 a.
694 4526 889 4582 Statim
913 4527 1172 4598 τοσαύτην
1195 4548 1242 4584 a.
1524 4547 1607 4602 19.
1645 4551 1710 4584 πε
1759 4532 1943 4599 όρηκεν
1965 4548 2012 4584 a.
2039 4530 2356 4600 ἐπεφόρεκεν
2382 4528 2448 4584 Β.
2475 4528 2629 4598 ε’μπε-

220 4598 457 4667 φόρηκεν
484 4596 582 4652 Ht.
610 4596 713 4653 Ed.
928 4615 1015 4656 22.
1053 4600 1223 4670 θαῦμα
1246 4610 1587 4671 assumptum
1614 4619 1679 4656 ex
1758 4618 1824 4656 αι.
1931 4597 1990 4671 ἦ]
2024 4606 2082 4665 -Ι-
2110 4602 2202 4669 τῆς
2225 4618 2272 4655 a.

314 4698 458 4744 voL.
490 4699 564 4744 11.
1404 4704 1439 4748 C
1470 4707 1503 4748 C
