3238 5158
628 254 759 317 436
1235 257 1312 322 Β.
1360 257 1785 322 CYRILLI
1845 255 2422 322 ALEXANDR.
2775 249 2924 315 xiv.
2966 266 3079 312 11.

632 419 864 519 μαίνει
902 417 977 499 δὲ
1016 421 1124 501 ὅτι
1160 426 1291 522 τῆς
1336 423 1609 503 ἀνωθεν
1650 423 1876 522 οὔσης
1927 426 2044 503 καὶ
2095 425 2223 521 τῆς
2274 427 2422 504 τοῖς
2474 417 2675 502 ὅλοις
2724 417 3073 518 ἐποχου-

633 543 850 643 μένης
884 545 1136 630 οὐσίας
1171 546 1416 653 ἐξέφυ.
1483 552 1642 631 πῶς
1678 547 1804 626 οὖν
1841 542 2120 645 ἀληθὴς
2154 544 2620 652 ἀναφαίνεται
2660 536 2974 635 λοιπὸν,
3017 543 3084 617 εἰ

635 667 839 746 κοινὰ
890 666 1073 769 πρὸς
1130 669 1263 770 τὴν
1316 671 1561 775 ἑτέραν
1616 670 1761 776 ἔχει
1826 671 2067 749 κτίσιν
2122 668 2216 748 τὰ
2279 666 2644 768 σωμάτων
2700 663 2878 761 ἴδια,
2947 665 3088 742 καὶ

637 793 817 890 ὁμοῦ
869 799 1012 876 τοῖς
1061 793 1149 899 ἐξ
1198 794 1327 874 οὐκ
1364 793 1606 885 ,ὄντων
1647 800 1747 878 εἷς
1794 792 1877 873 τὸ
1930 790 2107 873 εἶναι
2154 799 2657 896 παρενεχθεῖσι
2706 788 3076 892 περιεχό·

636 915 848 1015 μενός
918 918 1121 997 ἐστιν
1183 916 1320 999 ὑπὸ
1385 927 1521 999 τοῦ
1584 916 1938 1020 Πατρός;
2024 917 2221 1021 εἴπερ
2284 915 2487 997 οὐδὲν
2551 915 2598 994 ἕ
2633 951 2693 993 ω
2759 918 3080 991 κεῖσθαι
3107 924 3142 984 5

303 1051 343 1107 7
350 1050 434 1106 87
454 1048 532 1104 Δ·
579 1063 617 1103 8
640 1039 974 1138 δώσομεν
1017 1043 1256 1122 αὐτοῦ.
1338 1045 1456 1123 καὶ
1508 1044 1549 1122 ὃ
1599 1041 1733 1141 μὲν
1776 1039 2167 1125 θεσπέσιος
2221 1037 2569 1147 μελῳδὸς,
2606 1040 2856 1136 ἀληθῆ
2915 1069 3082 1115 που

638 1160 927 1248 πάντως
1009 1167 1128 1244 καὶ
1198 1167 1650 1270 κεκρυμμένα
1718 1166 2085 1269 μυστήρια
2159 1171 2415 1245 λαλῶν
2487 1166 2563 1243 ἐν
2638 1156 3072 1261 Πνεύματι,

641 1286 925 1374 οὐδενὸς
998 1288 1129 1389 μὲν
1191 1297 1571 1375 παντελῶς
1644 1288 2286 1389 ἀπολιμπάνεσθαι
2350 1285 2577 1368 τόπου
2651 1286 2849 1389 φησὶ
2932 1281 3079 1362 τὸν

640 1407 842 1510 Υἱόν,
898 1411 983 1493 τὸ
1040 1413 1434 1514 ἀσώματόν
1489 1449 1565 1493 τε
1627 1418 1744 1495 καὶ
1799 1414 2303 1518 ἀπεριόριστον
2358 1413 2552 1517 αὐτῷ
2613 1408 2732 1488 διὰ
2793 1406 3080 1487 τούτου

638 1545 1244 1640 προσμαρτυρῶν,
1315 1542 1430 1618 καὶ
1503 1539 1613 1618 ὅτι
1686 1537 1788 1638 μὴ
1861 1538 2064 1648 τόπῳ
2131 1534 2591 1640 περιληπτὸς,
2658 1535 2754 1616 ὡς
2829 1532 3069 1615 Θεός·
3105 1563 3168 1603 10

303 1638 535 1755 Ξὲιῇᾒ,
564 1732 587 1747 l
643 1669 686 1707 ‘⁶
725 1665 887 1740 Ποῦ
942 1659 1086 1764 γὰρ
1138 1669 1485 1765 πορευθῶ,
1543 1665 1797 1769 φησὶν,
1852 1661 1997 1742 ἀπὸ
2059 1670 2188 1742 τοῦ
2251 1657 2649 1760 πνεύματός
2708 1690 2878 1753 σου,
2947 1658 3074 1735 καὶ

309 1781 455 1834 ⁷'¹⁰·
666 1794 687 1830 ‘
723 1781 868 1864 ἀπὸ
925 1792 1053 1863 τοῦ
1102 1787 1503 1888 προσώπου
1558 1820 1703 1866 σου
1757 1794 1900 1867 ποῦ
1957 1785 2216 1893 φύγοις
2283 1783 2406 1865 ε’ἀν
2459 1786 2712 1875 ἀναβῶ
2767 1787 2871 1862 εἷς
2934 1779 3076 1859 τὸν

644 1917 689 1954 “
725 1906 1051 2009 οὐρανὸν,
1088 1906 1190 1988 σὺ
1240 1912 1385 1989 ἐκεῖ
1429 1906 1509 2007 εἷ,
1545 1909 1669 1990 ε’ἀν
1714 1916 2010 2005 καταβῶ
2059 1915 2155 1994 εἷς
2203 1906 2331 1989 τὸν
2369 1905 2570 2014 ᾅδην,
2606 1902 2847 2007 πάρει·
2935 1902 3071 1982 ε’ἀν

642 2029 1075 2125 “ἀναλοὶβω
1125 2029 1255 2116 τὰς
1303 2031 1664 2135 πτέρυγάς
1710 2068 1850 2131 μου
1899 2034 2051 2113 κατ’
2091 2031 2354 2137 ορθρον
2402 2035 2520 2112 καὶ
2566 2034 2901 2133 πορευθῶ
2965 2033 3070 2111 εἰς
3209 2114 3210 2121 ¹

575 2162 620 2226 b
647 2165 691 2202 ‘⁶
729 2151 912 2233 τὰ*
864 2189 1144 2258 εσχατα
1193 2160 1321 2256 τῆς
1372 2154 1786 2256 θαλάσσης,
1825 2161 1941 2237 καὶ
1996 2156 2138 2261 γὰρ
2195 2160 2341 2237 ἐκεῖ
2388 2157 2432 2256 ἡ
2483 2158 2634 2263 χείρ
2683 2187 2827 2231 σου
2878 2153 3061 2251 ὁδη-
3095 2188 3152 2247 15

648 2276 941 2378 “γήσει
991 2314 1103 2378 με,
1150 2281 1266 2359 καὶ
1319 2281 1601 2386 καθέξει
1651 2316 1741 2381 με
1788 2282 1835 2381 ἡ
1886 2282 2088 2388 δεξιά
2133 2283 2315 2363 σου.’
2319 2275 2922 2385 ’ῥιψοκινδύνως
2985 2274 3062 2354 δὲ

646 2402 862 2498 ουτοι,
899 2437 1014 2482 και
1058 2412 1214 2488 ταῖς
1267 2412 1397 2484 τοῦ
1454 2411 1526 2484 Π
1532 2439 1873 2506 νευματος
1924 2413 2196 2511 φωναῖς
2239 2405 2373 2505 τὴν
2421 2406 2690 2484 ἑαυτῶν
2738 2400 3057 2507 ἀντεξά-
3209 2394 3210 2412 ’

646 2558 898 2627 γοντες
953 2526 1269 2629 γνώμην,
1309 2530 1591 2637 ὁρισμῷ
1646 2532 1762 2609 καὶ
1816 2536 2298 2637 περιγραφαῖς
2355 2527 2873 2624 ὑποβάλλουσι
2931 2523 3060 2604 τὸν

650 2655 1057 2752 Μονογενῆ,
1117 2654 1345 2731 καίτοι
1407 2651 1773 2753 λογισμὸν
1833 2654 2244 2759 ὀφείλοντες
2307 2656 2422 2734 ἐπὶ
2492 2650 2719 2758 τούτῳ
2792 2655 3059 2742 λαβεῖν

648 2773 1038 2875 ἀναγκαῖόν
1074 2810 1150 2854 τε
1186 2777 1303 2855 καὶ
1341 2774 1724 2880 χρήσιμον.
1789 2782 1847 2855 εἶ
1883 2775 2028 2879 γὰρ
2064 2777 2492 2880 πεπλήρωκε
2527 2774 2657 2873 μὲν
2691 2774 3056 2875 οὐρανοὺς,
3083 2808 3142 2846 20

651 2900 769 2977 καὶ
819 2896 911 2976 τὰ
960 2898 1236 3004 ἔσχατα
1286 2903 1415 2998 τῆς
1466 2904 1619 3001 γῆς,
1658 2901 2012 2998 τουτέστι,
2048 2900 2141 2980 τὰ
2186 2907 2283 2986 εἰς
2331 2900 2460 2981 τὸν
2498 2900 2703 3007 ᾅδην·
2763 2905 2927 2982 πῶς
2979 2902 3056 2979 οὐ

654 3021 949 3128 σφόδρα
1032 3024 1651 3126 παραλογώτατον
1717 3021 1803 3104 τὸ
1880 3029 2220 3129 περιοχῆς
2298 3023 2527 3123 ὄνομα
2605 3022 3058 3126 προσάπτειν

596 3180 632 3225 ο
656 3147 869 3254 αὐτῷ,
904 3146 1082 3247 μηδὲ
1118 3149 1338 3228 ε’κεῖνο
1384 3147 1925 3250 λογισαμένους,
1964 3148 2075 3228 ὅτι
2124 3154 2185 3227 εἰ
2234 3146 2318 3229 τὸ
2365 3146 2768 3252 πρόσωπον
2804 3148 3052 3244 αὐτοῦ,

654 3272 1001 3369 τουτέστι,
1058 3271 1143 3350 τὸ
1203 3277 1526 3371 Πνεῦμα·
1607 3271 2010 3373 πρόσωπον
2064 3271 2211 3375 γὰρ
2274 3281 2401 3353 τοῦ
2459 3278 2641 3352 Υἱοῦ
2705 3278 2921 3351 καλεῖ
2975 3270 3055 3350 τὸ

657 3398 977 3490 Πνεῦμα·
1059 3393 1151 3474 τὰ
1224 3395 1463 3475 πάντα
1534 3402 1823 3495 πληροῖ,
1887 3402 2042 3480 πῶς
2103 3394 2196 3474 ἂν
2260 3393 2471 3480 αὐτὸς
2535 3394 2709 3475 εἴσω
2779 3395 3055 3494 γένοιτο
3082 3429 3145 3490 25

652 3522 1007 3623 περιοχῆς,
1069 3515 1204 3596 κᾶν
1263 3519 1444 3623 λέγῃ
1508 3518 1618 3597 ὅτι
1676 3522 2016 3623 περιοχῆς
2080 3527 2211 3599 τοῦ
2268 3524 2462 3599 Θεοῦ
2527 3520 2645 3599 καὶ
2709 3516 3047 3622 Πατρός;

657 3643 827 3722 ἀλλ’
898 3641 1098 3721 οὐδὲν
1171 3640 1388 3740 ἦττον
1461 3643 1696 3743 ὑβριεῖ
1760 3631 2223 3751 περιγράψας
2292 3642 2378 3723 τὸ
2449 3643 2868 3740 ἀσώματον,
2943 3646 3054 3721 καὶ

658 3764 891 3871 μέτρῳ
926 3765 1299 3866 περιτιθεὶς
1333 3761 1417 3842 τὸ
1454 3765 1580 3844 οὐκ
1618 3761 1702 3846 ὂν
1740 3768 2323 3869 πεπερασμένως.
2388 3764 2474 3848 τὸ
2511 3768 2657 3870 γὰρ
2693 3766 3055 3848 οὖσιωδῶς

660 3885 876 3967 αὐτὸν
942 3886 1401 3990 περιέχεσθαι
1463 3887 1702 3990 λέγειν
1767 3889 1906 3970 ὑπὸ
1970 3898 2101 3970 τοῦ
2165 3897 2357 3972 Θεοῦ
2422 3892 2537 3970 καὶ
2604 3887 2929 3992 Πατρὸς,
2993 3891 3062 3969 τί

661 4008 899 4113 ’ἔτερόν
953 4013 1112 4089 ἐστι
1168 4013 1456 4111 δηλοῦν,
1514 4009 1559 4112 ἢ
1616 4010 1725 4091 ὅτι
1783 4015 2336 4116 πεπερασμένην
2385 4015 2528 4119 ἔχει
2582 4011 2714 4113 τὴν
2769 4014 3051 4110 οὐσίαν,
3078 4051 3137 4109 30

660 4133 910 4238 ῶσπερ
947 4136 1073 4214 οῦν
1109 4132 1361 4235 ἀμέλει
1398 4138 1515 4215 καὶ
1552 4135 1629 4215 ἓν
1664 4135 1975 4217 ἕκαστον
2008 4145 2153 4218 τῶν
2187 4140 2355 4242 παρ’
2382 4139 2600 4218 αὐτοῦ
2635 4137 3053 4239 γεγονότων,

738 4367 785 4403 1.
822 4353 984 4418 οὔσης
1007 4358 1342 4420 assumptum
1370 4369 1432 4404 ex
1464 4350 1529 4405 E.
1952 4369 2035 4424 13.
2074 4352 2178 4407 ἐκεῖ
2199 4349 2252 4407 εἷ
2271 4351 2375 4407 hoc
2399 4350 2588 4406 ordine
2612 4350 2679 4406 E.
2707 4351 2884 4420 (vat.)
2911 4353 3014 4409 cf(
3001 4370 3052 4406 m

659 4421 733 4475 xii
764 4418 959 4491 Proph.
985 4437 1092 4502 343
1116 4438 1164 4485 a,
1190 4431 1377 4476 eontra
1401 4422 1672 4492 Anthrop.
1696 4423 1803 4491 389
1828 4440 1875 4476 a.
2212 4440 2406 4494 20—-p,
2424 4439 2547 4494 437,
2573 4423 2607 4477 8
2632 4422 2763 4477 citat
2788 4441 2841 4493 p.
2827 4462 2860 4488 .,
2889 4422 3052 4478 20-26

661 4491 871 4547 Vaccus
898 4491 1083 4562 Epigr.
1108 4491 1181 4547 iv.
1468 4509 1553 4559 24.
1594 4496 1828 4547 καλεῖται
1853 4492 2081 4548 νοοουε.
