3238 5158
612 305 746 369 416
1193 305 1287 374 B.
1335 305 1755 374 CYRILLI
1813 305 2402 372 ALEXANDR.
2807 304 2949 372 xiv.
2979 319 3040 387 7.

613 467 776 567 ἤτοι
810 473 939 571 τῆς
973 470 1260 575 ἡμέρας,
1298 475 1466 554 καθ’
1505 473 1732 577 ἥνπερ
1780 473 2024 557 αὐτοῖς
2070 469 2239 558 τοὺς
2282 474 2447 573 περὶ
2496 477 2643 552 τῶν
2678 471 3039 551 τοιούτων

280 618 408 677 ’173
430 618 513 677 A.
556 632 592 674 a
616 594 918 674 ἐποιεῖτο
972 595 1268 698 λόγους·
1335 632 1421 677 το
1476 596 1562 678 δέ
1605 595 1899 705 Ἀπαίρτι
1955 600 2211 703 φησὶν,
2268 595 2870 703 ἀντιπαρεξάγων
2928 601 3040 702 τῷ

617 718 890 826 ἀρχαίῳ
964 723 1081 799 καὶ
1152 718 1443 829 πρώτῳ,
1514 721 1645 802 τὸν
1716 724 2077 827 ἀρτιφανῆ
2157 723 2280 801 καὶ
2359 719 2516 800 νέον
2586 724 2716 820 τῆς
2800 720 3038 800 αὐτοῦ

614 843 1018 945 παρουσίας
1082 877 1352 949 καιρον,
1408 847 1572 925 καθ’
1635 880 1720 925 ον
1773 844 2241 947 λαμπροτέρα
2302 878 2554 947 γεγονε
2620 850 2769 927 τοῖς
2835 842 3038 923 κατὰ

614 970 867 1046 πᾶσαν
903 965 1036 1067 τὴν
1072 966 1483 1069 οἰκουμένην
1518 969 1564 1070 ἦ
1607 972 1772 1072 περὶ
1809 965 2099 1070 Πατρὸς
2147 975 2421 1072 γνῶσις
2469 964 2588 1049 διὰ
2634 975 2765 1048 τοῦ
2803 971 3024 1048 Υἱοῦ.
3067 982 3114 1043 5

282 1190 368 1240 Ps.
619 1088 737 1169 διὰ
770 1088 914 1195 γάρ
956 1126 1069 1172 τοι
1122 1100 1335 1173 τοῦτο
1383 1096 1503 1173 καὶ
1550 1095 1628 1174 ἐν
1661 1095 1911 1200 βίβλῳ
1953 1097 2286 1200 ψαλμῶν
2322 1095 2419 1176 ὡς
2452 1126 2633 1196 προς
2672 1089 2867 1171 Θεὸν
2908 1094 3035 1171 καὶ

279 1255 520 1307 cmviii.
621 1214 918 1318 Πατέρα
976 1216 1209 1323 φησίν
1263 1228 1307 1265 “
1338 1218 1922 1318 Έθαυμαστώθη
1981 1217 2027 1317 ἡ
2087 1216 2358 1320 γνῶσίς
2419 1250 2566 1296 σου
2625 1215 2717 1323 ἐξ
2774 1218 3032 1315 ἐμοῦ.”

281 1321 332 1373 ⁶
588 1338 1007 1443 ἑωρακότες
1059 1340 1204 1445 γὰρ
1257 1349 1407 1426 τοῖς
1462 1338 1641 1445 ὑπὲρ
1695 1340 1924 1445 λόγον
1966 1340 2660 1443 θαυματουργήμασι
2712 1341 3028 1444 διαπρέ-

617 1498 850 1546 ποντα
900 1463 1028 1545 τὸν
1063 1463 1266 1564 Υἱον,
1302 1470 1419 1546 καὶ
1461 1464 1644 1564 μετὰ
1688 1470 2125 1568 θεοπρεποῦς
2158 1464 2492 1573 ἐξουσίας
2528 1471 3035 1568 κατορθοῦντα

617 1589 879 1695 ῥᾳδίως
936 1588 1112 1692 ὅπερ
1166 1588 1257 1670 ἂν
1308 1590 1688 1687 βούλοιτο,
1740 1589 2283 1688 τεθαυμάκαμεν
2338 1592 2655 1670 ἐντεῦθεν
2704 1588 2841 1689 τὴν
2889 1597 3033 1670 τοῦ
3067 1622 3158 1664 10

621 1712 914 1815 Πατρὸς
971 1721 1269 1818 γνῶσιν,
1326 1715 1461 1819 οὐχ
1517 1710 1765 1817 ἑτέρως
1828 1713 2145 1820 ἔχουσαν
2202 1715 2602 1819 ἐννοοῦντες
2664 1712 2916 1813 αὐτὴν,
2979 1712 3030 1815 ἢ

548 1845 592 1909 b
617 1832 869 1940 ὥσπερ
925 1839 1127 1919 ἐστὶν
1181 1838 1227 1938 ἡ
1282 1845 1411 1918 τοῦ
1469 1836 1560 1944 ἐξ
1618 1838 1838 1917 αὐτοῦ
1894 1837 2382 1941 προελθόντος
2436 1842 2644 1919 Υἱοῦ.
2720 1839 3030 1946 Ἀπαίρτι

615 1962 856 2041 τοίνυν
898 1962 1260 2064 γινώσκετε
1298 1964 1492 2043 αὐτὶν
1540 1972 1660 2043 καὶ
1711 1958 2054 2067 ἑωράκατε
2101 1961 2316 2043 αὐτόν.
2418 1961 2831 2065 ἐγνώκαμεν
2870 1961 3028 2067 γὰρ

615 2085 694 2165 ἐν
728 2072 910 2192 Υὶῷ,
961 2083 1285 2189 καθάπερ
1342 2084 1531 2192 ἔφην
1573 2085 1853 2189 ἀρτίως,
1896 2088 2004 2169 τίς
2058 2087 2098 2165 ὁ
2154 2083 2430 2190 Πατὴρ,
2482 2087 2600 2166 καὶ
2653 2087 2739 2165 οὐ
2791 2084 3028 2186 μόνον

614 2209 1137 2312 ἐπεγνώκαμεν,
1174 2208 1375 2290 ἀλλὰ
1423 2213 1539 2291 καὶ
1588 2209 2060 2310 ἐθεασάμεθα,
2095 2209 2253 2311 ἤτοι
2289 2205 2724 2314 ἑωράκαμεν.
2802 2210 2848 2311 ἡ
2883 2209 3027 2307 μὲν
3062 2246 3141 2307 15

613 2331 759 2436 γὰρ
815 2340 1088 2436 γνῶσις
1142 2333 1277 2435 τὴν
1322 2334 1439 2415 διὰ
1492 2340 1640 2414 τῶν
1686 2337 1975 2415 ἐννοιῶν
2022 2334 2325 2437 θεωρίαν
2372 2332 2829 2435 ῦποδηλοῖ,
2787 2370 2878 2435 ην
2927 2372 3025 2416 αν

616 2491 725 2542 τις
763 2455 983 2551 λάβοι
1021 2459 1243 2565 τυχὸν
1277 2492 1441 2563 περι
1477 2462 1605 2556 τῆς
1642 2458 1833 2544 θείας
1878 2493 1956 2539 τε
2003 2461 2121 2539 καὶ
2168 2457 2480 2563 ἀρῥήτου
2529 2457 2847 2564 φύσεως,
2886 2464 3024 2559 τῆς

612 2585 733 2663 ἐπὶ
786 2584 1064 2668 πάντας
1119 2588 1306 2691 φημὶ
1360 2587 1477 2664 καὶ
1532 2583 1652 2664 διὰ
1704 2583 1997 2666 πάντων
2042 2588 2158 2665 καὶ
2212 2586 2289 2663 ἐν
2333 2591 2549 2665 πᾶσι.
2646 2619 2733 2664 το
2788 2583 3026 2687 γεμὴν

619 2711 809 2805 ἰδεῖν,
847 2706 979 2808 τὴν
1016 2707 1135 2788 διὰ
1183 2716 1329 2789 τῶν
1364 2707 2056 2813 τερατουργημοῖτων
2094 2709 2602 2812 πληροφορίαν
2648 2710 3019 2809 σημαίνει.

559 2861 595 2904 0
621 2832 704 2911 οὐ
741 2866 885 2934 γαρ
922 2831 1146 2930 μόνον
1171 2831 1581 2935 ἐγνώκαμεν
1609 2832 1721 2914 ὅτι
1758 2831 1899 2935 ζωὴ
1936 2868 2119 2914 κατα
2156 2830 2453 2940 φύσιν’
2416 2867 2617 2914 εστιν
2653 2835 2694 2913 ὁ
2726 2833 3019 2936 Πατήρ·
3053 2869 3132 2914 ςο

618 2954 781 3036 οὐδὲ
837 2958 913 3037 ἐν
957 2962 1219 3064 ψιλαῖς
1269 2959 1388 3037 καὶ
1440 2956 1693 3055 μόναις
1735 2958 2033 3044 ἐννοίαις
2086 2955 2217 3058 τὴν
2255 2964 2385 3038 τοῦ
2431 2955 2862 3060 πράγματος
2909 2957 3018 3038 εἴ·

617 3084 833 3180 δησιν
904 3084 985 3162 ἐν
1053 3082 1331 3167 ἑαυτοῖς
1400 3079 1842 3189 ἐσχήκαμεν
1937 3084 2014 3163 ἐν
2078 3087 2237 3189 Υὶῶ
2315 3079 2772 3183 ζωοποιοῦντι
2851 3080 3026 3166 τοῦς

618 3203 927 3307 νεκροὺς,
964 3209 1081 3286 καὶ
1116 3211 1214 3291 εἰς
1249 3206 1335 3287 τὸ
1373 3202 1549 3285 εἶναι
1584 3204 1815 3289 πάλιν
1849 3160 2341 3308 ἀνακομίζῦντι
2388 3205 2555 3291 τοῦς
2597 3211 3015 3313 κατεφθαρ-

615 3328 899 3427 μένους·
956 3331 1041 3412 οὐ
1088 3329 1313 3430 μόνον
1356 3329 1790 3432 ἐγνώκαμεν,
1835 3330 1944 3411 ὅτι
1990 3329 2133 3435 ζωὴ
2182 3328 2365 3411 κατὰ
2416 3328 2647 3439 φύσιν
2690 3331 2851 3410 ἐστὶ
2897 3337 3022 3412 καὶ

617 3452 727 3534 ὅτι
760 3460 1015 3535 πᾶσαν
1051 3452 1191 3536 ὑπὸ
1224 3453 1453 3538 πόδας
1491 3455 1635 3561 ἔχει
1670 3453 1803 3556 τὴν
1839 3455 2078 3536 κτίσιν
2116 3457 2157 3536 ὁ
2195 3455 2386 3539 Θεὸς
2422 3457 2542 3535 καὶ
2579 3452 2862 3558 Πατὴρ,
2899 3459 3022 3536 καὶ
3051 3486 3123 3546 ²5

616 3582 763 3656 τῶν
824 3579 994 3679 παρ’
1063 3579 1283 3658 αὐτοῦ
1356 3578 1763 3680 γεγονότων
1826 3576 2356 3687 κατεξουσιάζει
2427 3585 2853 3675 βασιλικῶς,
2919 3582 3021 3664 ὡς

276 3696 475 3826 ξνῗὲξ·
617 3711 662 3752 “
695 3698 938 3782 πάντα
990 3699 1083 3782 τὰ
1136 3701 1316 3804 ἔργα
1365 3700 1704 3782 σείεσθαί
1749 3737 1826 3783 τε
1882 3705 1968 3783 δι’
2009 3701 2227 3783 αὐτὸν
2276 3705 2394 3782 καὶ
2448 3702 2789 3805 τρέμειν,”
2830 3700 3022 3783 κατὰ

615 3826 701 3907 τὸ
766 3822 1292 3929 γεγραμμένον·
1380 3823 1552 3904 ἀλλ’
1601 3824 1879 3927 εἴδομεν
1932 3826 2107 3907 ὄντα
2160 3834 2486 3908 τοιοῦτον
2533 3830 2650 3907 καὶ
2704 3829 2782 3907 ἐν
2820 3831 3016 3935 Υἱῷ,

545 3967 591 4032 d
618 3952 736 4033 ὅτε
773 3949 1102 4055 θαλάττῃ
1137 3952 1255 4030 καὶ
1291 3947 1695 4047 πνεύμασιν
1730 3951 2093 4051 ἐπιτιμῶν,
2126 3950 2309 4051 μετὰ
2354 3954 2649 4052 πολλῆς
2696 3950 2838 4060 ἔφη
2887 3953 3025 4052 τῆς

277 4072 510 4205 {fg-¹⁰·
610 4077 953 4185 ἐξουσίας
988 4085 1035 4124 “
1062 4074 1337 4174 Σιώπα,
1371 4073 1827 4181 πεφίμωσο.”
3047 4108 3123 4168 3ο

692 4367 740 4406 1.
787 4351 880 4420 τῆς
918 4348 1110 4475 ἡμέρας
1148 4352 1261 4420 ἤτοι
1298 4349 1386 4419 τῆς
1377 4347 1519 4476 5-1-
1559 4348 1716 4419 αὐτῆς
1759 4356 1824 4404 ut
1859 4347 2073 4404 videtur
2092 4346 2249 4487 2E.]c
2265 4349 2401 4440 ὥρας
2446 4346 2660 4402 inverso
2708 4345 2897 4402 ordine
2944 4346 3015 4402 E.

619 4439 703 4478 11.
741 4421 1013 4493 ἔχουσαΕ
1464 4421 1697 4510 εασάμεθ
1695 4443 1729 4474 α
1754 4419 1821 4475 Ε.
2126 4437 2178 4487 4.
2217 4419 2319 4489 ζωὴ
2344 4418 2471 4473 κατὰ
2494 4416 2662 4490 φύσιν
2685 4418 2801 4473 ἐστὶ
2825 4418 2909 4473 καὶ
2932 4416 3014 4473 ὅτι

605 4500 952 4549 accesserunt
977 4510 1043 4547 ex
1068 4490 1134 4546 Ε.
1340 4436 1471 4561 527.
1510 4490 1577 4546 δι’
1600 4509 1710 4546 om.
1737 4490 1802 4546 E.
1828 4489 1897 4546 cf.
1922 4490 2086 4546 Thes.
2092 4435 2216 4560 2147
2243 4509 2289 4555 e,
2273 4503 2527 4634 ‚3300-
2446 4489 2500 4544 b.
2527 4488 2623 4546 sed
2647 4490 2730 4545 καὶ
2753 4490 2924 4546 πάντα
2945 4489 3014 4544 τὰ

611 4565 741 4638 ἔργα
765 4562 828 4619 δι’
854 4563 1013 4635 αὐτὴν
1034 4561 1229 4619 σείεται
1253 4562 1337 4619 καὶ
1358 4565 1534 4633 τρέμει
1557 4562 1686 4618 citat
1708 4580 1758 4618 a.
1944 4563 2058 4618 ·.28
2096 4563 2158 4617 τὸ
2181 4579 2292 4618 om.
