3238 5158
211 347 339 414 xiv.
371 352 430 415 8.
783 353 899 419 IN
959 355 1025 420 S.
1075 354 1589 421 JOANNEM.
1684 354 1877 419 LIB.
1927 354 2046 419 IX.
2486 350 2618 415 41⁷

324 515 622 618 Ἐπειδὴ
645 520 914 606 ,τοίνυν
948 521 1252 619 ἔμελλεν
1289 521 1490 624 ἐρεῖν,
1532 518 1644 600 ὅτι
1693 521 1779 599 οὐ
1825 519 2048 618 μόνον
2083 516 2438 619 ἐγνώκατε
2490 511 2618 593 τὸν

212 641 530 745 Πατέρα,
587 643 761 722 ἀλλ’
820 641 931 723 ὅτι
993 650 1112 725 καὶ
1182 644 1547 752 ἑωράκατε,
1603 643 1962 751 προτάξαι
2019 645 2165 723 δεῖν
2225 644 2616 742 ἀναγκαῖον

210 761 412 870 ᾠήθη
462 764 547 846 τό
585 766 901 876 Ἀποίρτι,
941 771 1057 847 καὶ
1111 767 1227 848 διὰ
1277 770 1493 849 ποιάν
1531 769 1810 864 aiv-lam
1875 770 1915 847 ὀ
1952 765 2084 866 μὲν
2119 765 2267 869 γὰρ
2315 763 2533 864 νόμος
2575 763 2616 842 ὃ

211 887 329 967 διὰ
391 891 770 975 Μωυσέως
832 892 1294 1000 προσεφώνει
1358 899 1506 976 τοῖς
1573 898 1744 976 υἱοῖς
1799 889 2112 996 Ἰσραήλ
2167 900 2212 937 “
2246 888 2515 993 Κύριος
2575 889 2615 967 ὁ

135 1028 183 1090 5
212 1021 257 1058 “
295 1011 480 1098 Θεός
545 1049 690 1096 σου
754 1015 994 1120 κύριος
1058 1016 1155 1100 εἷς
1213 1016 1430 1114 ἐστι,”
1490 1019 1608 1096 καὶ
1663 1015 1792 1096 τὸν
1844 1013 1979 1116 μὲν
2029 1018 2193 1119 περὶ
2247 1022 2376 1094 τοῦ
2431 1017 2616 1093 Υἱοῦ

210 1134 444 1239 λόγον
507 1140 592 1218 οὐ
653 1142 1018 1245 παρετίθει
1078 1147 1225 1225 τοῖς
1289 1140 1543 1239 ποίλαι,
1608 1139 1832 1240 μόνης
1901 1136 1979 1220 δὲ
2039 1144 2168 1240 τῆς
2230 1136 2619 1221 πολυθεΐας

210 1261 483 1367 ἐξελὼν
531 1263 806 1362 αὐτοὺς,
844 1271 941 1349 εἷς
996 1263 1131 1364 τὴν
1174 1274 1304 1346 τοῦ
1360 1264 1515 1349 ἑνὸς
1569 1262 1807 1344 ἐκάλει
1861 1262 2385 1368 προσκύνησιν·
2444 1263 2484 1341 ὁ
2541 1260 2619 1341 δὲ
2645 1300 2681 1343 e

215 1385 484 1490 Κύριος
517 1388 720 1488 ἡμῶν
754 1390 1041 1490 Ἰησοῦς
1089 1390 1130 1468 ὃ
1167 1388 1515 1491 Χριστὸς,
1553 1388 1672 1469 ὅτε
1720 1389 2015 1492 γέγονεν
2050 1388 2458 1491 ἄνθρωπος,
2502 1382 2620 1467 διὰ

209 1518 522 1591 πολλῶν
558 1513 875 1612 σημείων
911 1517 1029 1593 καὶ
1070 1511 1575 1616 ἐνεργημάτων
1609 1511 2000 1615 ἐγνώρισεν
2034 1514 2203 1613 ἡμῖν
2241 1513 2326 1592 δι’
2364 1514 2620 1591 ἑαυτοῦ

91 1661 188 1702 10
216 1633 347 1713 τὸν
393 1637 705 1738 Πατέρα,
755 1639 872 1717 καὶ
926 1636 1059 1737 τὴν
1113 1639 1191 1716 ἐν
1239 1643 1327 1742 τῇ
1386 1638 1562 1744 ἁγίᾳ
1609 1636 1871 1738 Τριάδι
1926 1639 2314 1737 νοουμένην
2366 1669 2446 1716 τε
2500 1638 2622 1715 καὶ

218 1759 666 1865 ὑφεστῶσαν
699 1764 989 1861 ἀληθῶς
1026 1763 1199 1860 μίαν
1236 1761 1458 1867 ἔδειξε
1495 1760 1834 1860 θεότητος
1868 1760 2122 1868 φύσιν.
2202 1767 2444 1845 καλῶς
2495 1761 2620 1840 οὖν

214 1882 362 1986 ἄρα
415 1884 501 1965 τό
552 1887 839 1993 ’An-Apu
895 1889 1106 1991 φησὶ,
1163 1884 1280 1964 διὰ
1334 1886 1418 1965 τὸ
1474 1882 1724 1969 ἀτελὲς
1777 1887 1855 1964 ἐν
1907 1884 2179 1987 γνώσει
2233 1892 2378 1965 τῶν
2435 1883 2620 1965 κατὰ

213 2007 439 2109 νόμον
474 2014 591 2090 καὶ
635 2017 780 2091 τῶν
812 2014 966 2091 κατ’
1006 2013 1307 2097 ἐκείνους
1354 2008 1949 2111 πολιτευομένων.
2030 2010 2468 2110 σημειωτέον
2504 2007 2612 2107 δὲ,

213 2132 326 2213 ὅτι
362 2132 615 2215 ἑαυτὸν
651 2138 812 2215 ἀντὶ
847 2143 975 2216 τοῦ
1014 2132 1306 2240 Πατρὸς
1354 2136 1719 2240 ἆωρᾶσθαι
1769 2137 2036 2236 λέγων,
2077 2135 2207 2214 οὐκ
2242 2135 2620 2239 ἀνατρέπει

86 2277 183 2340 ¹5
212 2256 298 2339 τὸ
339 2258 682 2365 ὑπάρχειν
716 2264 1010 2360 ἀληθῶς
1043 2294 1120 2340 τε
1156 2263 1272 2340 καὶ
1318 2257 1843 2345 ἰδιοσυστάτως
1890 2258 2019 2339 τὸν
2055 2258 2145 2366 ἐξ
2189 2259 2408 2360 οὗπέρ
2457 2261 2616 2340 ἐστι
2642 2299 2678 2339 a
2729 2284 2860 2342 774
2876 2284 2957 2339 A.

215 2384 512 2484 Πατέρα
548 2388 666 2464 καὶ
705 2382 915 2465 Θεόν·
974 2385 1144 2463 ἀλλ’
1184 2384 1344 2464 οὐδὲ
1382 2382 1638 2464 ἑαυτὸν
1674 2379 1857 2463 εἷναί
1891 2388 2083 2491 φησι
2118 2381 2246 2463 τὸν
2286 2385 2612 2487 Πατέρα,

212 2505 397 2588 ὅσον
432 2508 602 2609 ἧκεν
638 2512 855 2590 εἰπεῖν
893 2513 990 2592 εἷς
1025 2508 1428 2613 προσώπου
1465 2507 1815 2609 δήλωσιν·
1877 2506 2047 2587 ἀλλ’
2088 2509 2371 2610 ἐπείπερ
2419 2509 2619 2589 ἐστὶν

214 2631 598 2731 ὁμοούσιος
648 2638 752 2741 τῷ
810 2637 881 2712 Π
888 2635 1069 2737 ατρὶ,
1116 2632 1489 2737 ἑωρᾶσθαί
1538 2640 1772 2738 φησιν
1824 2634 1899 2712 ἐν
1949 2634 2141 2740 αὐτῷ
2193 2632 2321 2712 τὸν
2371 2630 2619 2733 γεννή-

215 2789 477 2854 σαντα,
542 2756 792 2861 ὥσπερ
854 2755 944 2837 ἂν
1009 2763 1068 2836 εἰ
1136 2759 1254 2838 καὶ
1317 2757 1704 2859 ἀνθρώπου
1767 2756 1960 2839 τινὸς
2034 2754 2180 2841 υἱὸς
2243 2751 2377 2856 τὴν
2440 2758 2620 2837 ἰδίου

95 2909 190 2951 20
215 2878 490 2983 πατρὸς
528 2881 879 2981 ἐθελήσας
914 2887 1420 2980 κατασημᾶναι
1456 2880 1709 2988 φύσιν,
1745 2880 1997 2961 ἑαυτὸν
2032 2880 2382 2987 ἐπιδείξας
2420 2881 2617 2983 λέγει

216 3008 324 3111 τῷ
372 3013 584 3084 τοῦτο
636 3011 889 3102 μαθεῖν
931 3004 1255 3086 ἐθέλοντι
1302 3005 1524 3110 τυχόν
1560 3003 1716 3086 Τὸν
1753 3002 1925 3103 ἐμὸν
1960 3007 2035 3085 ἐν
2082 3006 2232 3105 ἐμοὶ
2281 3003 2619 3084 τεθέασαι

215 3126 515 3233 πατέρα.
595 3128 783 3214 Θεὸς
830 3130 906 3210 δὲ
953 3129 1182 3210 πάλιν
1215 3127 1348 3229 τὴν
1384 3137 1515 3210 τοῦ
1548 3130 2130 3235 παραδείγματος
2167 3131 2619 3232 ὖπεραλεῖται

215 3251 542 3353 δύναμιν.

2707 885 2863 936 Dent.
2876 886 2945 935 vi.

316 3496 499 3572 ΛέΓει
554 3495 735 3583 αὐτῷ
787 3496 1115 3564 Φίλιππος
1172 3498 1381 3587 Κύριε,
1428 3491 1643 3567 δεῖξον
1698 3491 1849 3574 ἡμῖν
1904 3500 2016 3565 τὸν
2069 3499 2350 3587 Πατέρα,
2406 3499 2514 3563 καί
2643 3507 2678 3563 8

97 3644 187 3705 25
1221 3618 1408 3713 ἀρκεῖ
1460 3618 1633 3700 ἡμῖν.
2371 3679 2375 3683 ,
2640 3600 2685 3665 b

334 3786 761 3891 Φιλομαθὴς
831 3787 965 3888 μὲν
1036 3790 1077 3868 ὁ
1151 3788 1541 3887 Φίλιππος,
1614 3786 1817 3888 πλὴν
1891 3788 1974 3867 οὖ
2049 3786 2218 3867 λίαν
2280 3785 2450 3895 ὀξὺς
2523 3791 2622 3870 εἶς·

215 3910 521 3993 σύνεσιν
582 3912 716 4013 τὴν
778 3920 936 3997 ταῖς
1006 3912 1368 3997 θεοπτίαις
1441 3912 2068 4016 πρεπωδεοτέραν.
2173 3913 2257 3991 οὐ
2321 3910 2466 4014 γὰρ
2530 3910 2621 3991 ἂν

217 4035 420 4144 ᾠήθη
467 4037 645 4119 ποτὲ
692 4045 839 4121 τοῖς
894 4045 1022 4118 τοῦ
1070 4035 1412 4137 σώματος
1459 4040 1870 4144 ὀφθαλμοῖς
1916 4034 2049 4135 τὴν
2084 4036 2280 4115 θείαν
2315 4041 2620 4139 ἰσχῦσαι

217 4158 812 4242 καταθεάσασθαι
863 4159 1113 4269 φύσιν,
1151 4162 1381 4241 καίτοι
1429 4163 1815 4265 διαρῤήδην
1859 4160 2200 4261 λέγοντος
2249 4166 2378 4238 τοῦ
2426 4164 2619 4239 Θεοῦ

102 4304 190 4361 30
218 4297 265 4334 “
304 4288 563 4371 Οὐδεὶς
599 4285 861 4392 ὄψεται
894 4284 980 4366 τὸ
1017 4282 1419 4390 πρόσωπόν
1452 4319 1593 4386 μου
1634 4288 1748 4365 καὶ
1787 4282 2139 4387 ζήσεται.”
2201 4288 2259 4363 εἶ
2306 4280 2451 4386 γὰρ
2499 4286 2615 4363 καὶ
2706 4284 2880 4398 {335

2713 4429 2789 4464 20·

292 4540 347 4613 3.
384 4523 445 4577 οὗ
510 4541 568 4578 ro
592 4525 622 4577 ὁ
647 4524 740 4578 alt.
761 4522 830 4579 E.
1043 4536 1096 4594 5.
1130 4522 1250 4593 περὶ
1305 4521 1446 4612 παρὰ
1471 4521 1537 4576 Ε.
1752 4521 1805 4576 8.
1842 4517 1955 4592 ὅτε]
1983 4519 2063 4574 ὅτι
2090 4519 2156 4574 Ε.
2377 4534 2458 4584 14.
2497 4517 2619 4572 ἅνα-

219 4616 430 4665 τρεπειν
505 4634 519 4647 .
737 4610 824 4650 21.
860 4599 963 4649 τῶν
985 4598 1139 4649 τοῦτο
1266 4595 1342 4647 εῖν
1364 4591 1610 4647 εθέλοντα
1639 4590 1703 4645 Ε.
1917 4607 2004 4646 22.
2040 4592 2345 4662 πράγματος
2368 4588 2434 4642 Ε.

308 4696 454 4742 von.
488 4697 562 4741 11.
1380 4695 1418 4761 3
1451 4695 1495 4737 n
