3238 5158
163 361 269 402 xv.
299 358 400 404 20.
524 339 641 403 IN
701 340 767 404 S.
817 339 1332 406 JOANNEM.
1424 340 1616 406 LIB.
1666 341 1748 406 X.
1840 342 2053 409 CAP.
2101 343 2196 409 ΙΙ.
2439 345 2568 409 593

160 508 424 609 φιλεῖν,
459 504 671 608 ἔργον
707 504 797 585 ἂν
838 505 1117 607 γε’νοιτο
1152 507 1465 590 διανοίας
1499 505 2017 612 πτωχευούσης
2052 512 2157 615 τῷ
2192 507 2564 608 πνεύματι,
2654 537 2903 591 snauh.

158 626 343 708 κατὰ
415 628 502 709 τὸ
577 630 1093 733 γεγραμμένον,
1169 632 1286 710 καὶ
1359 631 1624 741 μετρίῳ
1700 636 1958 737 κομιδῇ
2032 632 2565 735 κεκοσμημένης
2655 620 2704 653 v.
2724 620 2771 669 3'

158 751 591 857 φρονήματι.
673 753 927 857 φύεται
976 752 1118 857 γάρ
1168 789 1324 839 πως
1374 758 1493 834 καὶ
1545 755 1865 858 καθάπερ
1920 757 1998 836 ἐκ
2046 757 2240 861 ῥίζης
2283 758 2566 862 ἀνίσχει

157 880 405 975 καλῆς,
447 879 522 956 ἐν
557 876 789 985 τούτῳ
843 875 932 978 δὴ
987 877 1344 977 μάλιστα,
1385 877 1470 959 τὸ
1520 878 1984 983 μακρόθυμόν
2020 915 2098 961 τε
2146 885 2267 961 καὶ
2312 880 2556 988 ἀνεξί-

93 1025 128 1086 5
157 1033 401 1080 κακον.
488 998 575 1080 τὸ
628 998 705 1080 δὲ
747 999 1130 1109 ἀφορήτως
1174 1002 1359 1108 ἔχειν
1396 1009 1491 1087 εἰς
1536 1002 1803 1106 λόγους
1857 1003 2021 1089 τοῦς
2064 1005 2556 1108 παροτρύνον-

156 1158 306 1224 τας,
363 1130 462 1209 εἷς
515 1132 663 1205 πᾶν
717 1122 762 1225 ἢ
815 1128 935 1207 καὶ
990 1128 1228 1207 ὁτιοῦν
1282 1127 1564 1227 ἀτιμίας
1622 1111 1810 1213 εἶδος
1862 1133 1990 1228 τῆς
2054 1127 2254 1232 παρά
2309 1162 2560 1227 τινων,
2583 1168 2619 1213 e

152 1246 450 1356 ἔνδειξιν
505 1246 597 1328 ἀν
651 1246 801 1354 ἔχοι
853 1254 1068 1355 σαφῆ
1131 1260 1498 1353 λογισμοῦ
1558 1251 2047 1356 φιλοκόμπου,
2110 1254 2229 1332 καὶ
2293 1256 2421 1352 τῆς
2481 1254 2559 1334 ἐν

153 1369 412 1480 κόσμῳ
468 1374 895 1482 φιλοδοξίας
948 1375 1034 1454 οὐ
1089 1376 1258 1455 λίαν
1302 1378 1876 1477 ἀπηλλαγμένου
1925 1375 2407 1482 φρονήματος.
2483 1376 2563 1458 τί

152 1494 297 1598 γὰρ
353 1494 444 1576 ἂν
494 1498 732 1605 δράσῃ
785 1496 1029 1604 τυχὸν,
1067 1496 1112 1599 ἢ
1151 1500 1229 1579 τί
1257 1500 1460 1601 ὕβρις
1516 1500 1829 1605 ἀδικήσῃ
1887 1499 2015 1580 τὸν
2069 1505 2196 1599 τῆς
2248 1500 2558 1607 ἀτυφίας

73 1657 129 1697 ιο
154 1620 513 1722 ἐραστήν,
574 1630 680 1731 τῷ
730 1622 805 1703 δὲ
853 1619 956 1724 μὴ
1003 1621 1222 1730 δόξης
1270 1623 1616 1732 ἐφιεμένῳ
1663 1628 2033 1724 κοσμικῆς,
2069 1630 2225 1707 πῶς
2262 1622 2558 1727 ἀνιαρὸν

152 1744 362 1824 ἔσται
395 1745 482 1826 τὸ
519 1750 1007 1850 λοιδορεῖσθαι
1043 1746 1226 1851 πρός
1262 1780 1500 1844 τινος-ς

264 1868 515 1976 Δόξης
568 1872 697 1951 οὖν
751 1871 892 1974 ἄρα
948 1875 1256 1971 ταυτησὶ
1310 1875 1439 1971 τῆς
1491 1870 1929 1971 εἶκαιοτάτης
1989 1873 2177 1979 φημὶ
2242 1874 2359 1950 καὶ
2425 1874 2554 1970 τῆς

151 1993 230 2070 ἐν
291 1992 548 2104 κόσμῳ
612 1994 1079 2096 τετιμημένης
1143 1995 1292 2076 ἀνω
1351 1994 1723 2096 βεβηκότα
1783 1994 1913 2076 τὸν
1975 2003 2163 2094 νοῦν,
2228 1996 2346 2075 καὶ
2405 2000 2556 2075 τῶν

148 2119 492 2199 τοιούτων
547 2119 1113 2223 ὑπεριπτάμενον
1156 2118 1362 2225 ἔχειν,
1412 2119 1699 2205 εἰκότως
1753 2119 2254 2199 διακελεύεται·
2335 2153 2549 2222 προε-
2573 2158 2610 2199 a
2647 2146 2790 2202 900
2808 2143 2894 2202 Α.

86 2268 122 2323 5
146 2250 385 2323 πινοεῖ
427 2243 502 2323 δὲ
545 2242 794 2348 ὥσπερ
832 2244 1228 2345 ἀναγκαίαν
1272 2241 1694 2349 ἀσφάλειαν
1729 2242 1911 2347 πρὸς
1957 2242 2043 2324 τὸ
2095 2247 2243 2324 δεῖν
2276 2243 2551 2326 ἐθέλειν

145 2368 220 2445 ἐν
256 2366 537 2453 τούτοις
590 2370 923 2470 ὁρᾶσθαι,
961 2372 1078 2448 καὶ
1116 2368 1438 2471 καθάπερ
1484 2369 1717 2448 αἰκίαν
1754 2367 1888 2467 τὴν
1925 2373 2021 2453 εἷς
2064 2377 2276 2449 τοῦτο
2320 2404 2551 2451 κατω-

148 2496 417 2572 θοῦντα
450 2494 697 2595 τίθησι
733 2492 1121 2597 λογισμὸν,
1146 2491 1320 2598 ὅπερ
1359 2492 1700 2596 ἐλέγομεν
1735 2491 1824 2600 ἐξ
1855 2495 2102 2598 ἀρχῆς,
2125 2492 2210 2572 τὸ
2248 2493 2549 2576 κατόπιν

149 2615 321 2697 ἱέναι
364 2622 492 2717 τῆς
541 2626 669 2698 τοῦ
712 2618 982 2723 Κυρίου
1026 2620 1252 2717 τιμῆς,
1296 2612 1560 2719 ἥδιστα
1596 2614 1673 2695 δὲ
1717 2617 1887 2695 λίαν
1921 2618 2360 2718 προσίεσθαι
2402 2626 2551 2698 πᾶν

149 2739 327 2843 ὅπερ
365 2738 457 2820 ἀν
492 2741 583 2821 ἴοι
621 2740 805 2821 κατὰ
843 2742 1108 2847 καιρὸν,
1137 2741 1288 2821 ἔστ’
1320 2740 1409 2820 ἂν
1446 2742 1684 2824 αὐτοῖς
1720 2740 1805 2820 τὸ
1844 2741 2231 2839 εὐδοκιμεῖν
2261 2739 2550 2849 ὑπάρχῃ

82 2905 120 2945 ο
147 2864 264 2944 διὰ
303 2863 519 2965 Θεὸν,
558 2867 641 2946 οὐ
676 2874 830 2950 ταῖς
879 2867 1187 2964 ἀτιμίαις
1244 2864 1748 2962 ὑπτιουμένους
1787 2867 1885 2949 ὡς
1935 2862 2146 2944 ὅκνον
2181 2866 2548 2972 ἀνωφελῆ,

148 2988 309 3069 οὐδὲ
368 2988 508 3070 ὑπό
562 3023 694 3070 του
747 2988 969 3095 τυχὸν
1016 2989 1300 3092 ἐπείπερ
1355 2985 2014 3092 διαλελοιδόρηνται
2067 2993 2358 3090 πικρῶς,
2413 2986 2550 3089 τὴν

146 3116 221 3194 ἐν
267 3120 374 3222 τῷ
430 3111 793 3195 διδάσκειν
846 3113 1261 3219 παῤῥησίαν
1310 3110 1929 3215 ἀνασειράζοντας,
1966 3115 2084 3191 καὶ
2136 3118 2285 3192 τῶν
2340 3112 2549 3193 θείων

143 3236 619 3335 ἐνταλμάτων
674 3238 1291 3343 ὀλιγωρήσαντας,
1330 3237 1759 3342 ἀντέχεσθαι
1816 3233 1893 3316 δὲ
1947 3241 2239 3332 μᾶλλον
2284 3241 2413 3336 τῆς
2450 3241 2613 3321 eis-J>

149 3361 518 3470 ἀδελφοὺς
570 3361 877 3464 ἀγάπης,
932 3366 1052 3443 καὶ
1103 3360 1222 3441 διὰ
1264 3360 1534 3445 παντὸς
1583 3360 1998 3462 ἐπείγεσθαι
2055 3356 2325 3462 τρόπου
2380 3356 2546 3445 τοῦς

80 3522 113 3581 5
143 3486 660 3585 πλανωμένους
697 3490 1028 3595 ὠφελεῖν.

252 3613 698 3696 Ἀναπείσας
736 3611 974 3691 τοίνυν
1009 3604 1148 3691 ὑπὸ
1189 3607 1420 3693 πόδας
1454 3610 1581 3707 τῆς
1626 3602 2073 3711 προσκαίρου
2119 3604 2338 3714 δόξης
2375 3607 2534 3715 φεί-

140 3739 400 3816 δεσθαι
436 3738 563 3835 τῆς
601 3738 972 3837 κοσμικῆς,
1011 3732 1251 3836 ἕτερόν
1298 3767 1368 3814 τι
1415 3728 2138 3834 προσεπαγωνίζεται,
2177 3731 2542 3836 χρήσιμόν

138 3888 215 3939 τε
268 3862 391 3940 καὶ
433 3861 842 3960 ἀναγκαῖον.
923 3866 972 3939 εἰ
1022 3857 1161 3967 γὰρ
1205 3855 1333 3964 ἐμέ
1370 3863 1601 3961 φησιν
1637 3850 1931 3962 ἐδίωξαν,
1989 3865 2109 3936 καὶ
2152 3861 2341 3962 ὑμεῖς
2377 3853 2533 3937 διώ-

138 3984 356 4092 ξυνα-ι.
453 3986 570 4063 καὶ
624 3986 948 4085 συγγενῆ
1002 3980 1134 4082 μὲν
1187 3988 1335 4065 τοῖς
1388 3981 1699 4084 πρώτως
1753 3979 1896 4084 ἔχει
1962 3981 2079 4059 καὶ
2135 3988 2350 4059 τοῦτο
2405 3978 2540 4081 τὴν

81 4134 111 4177 0
140 4107 466 4212 θεωρίαν.
555 4112 953 4206 τληπαθεῖν
988 4106 1049 4186 δ’
1089 4106 1214 4185 οὖν
1244 4103 1435 4203 ὅμως
1471 4101 1856 4199 ἀναπείθει,
1892 4103 2010 4181 καὶ
2047 4108 2195 4182 τῶν
2232 4101 2535 4184 ἔσεσθαι

136 4234 214 4311 ἐν
249 4234 422 4331 ἡμῖν
456 4229 1100 4334 προσδοκηθέντων
1144 4233 1643 4331 διαλογισμῶν
1685 4232 2105 4329 προαναιρεῖ
2147 4222 2278 4325 τὴν
2315 4225 2533 4305 ἀσθέ-
2558 4255 2595 4299 0

208 4455 263 4505 4.
303 4437 362 4491 ἐν
383 4435 550 4508 τούτῳ
574 4436 638 4504 δὴ
664 4436 729 4492 Ε.
753 4435 810 4490 ἐκ
832 4434 1018 4490 τούτου
1041 4436 1096 4490 δέ
1124 4434 1229 4489 Ed.
1386 4433 1435 4488 6.
1478 4436 1582 4489 πᾶν
1606 4433 1736 4488 E.F.
1763 4432 1867 4487 Ed.
1895 4451 2006 4503 mg.
2029 4433 2234 4487 πάντων
2257 4429 2359 4485 Ed.
2435 4431 2535 4488 Le-

136 4506 384 4577 gendum
411 4507 496 4579 (ut
519 4506 654 4576 vid.)
679 4505 710 4573 ἦ
737 4506 820 4560 καὶ
844 4506 916 4562 εἷς
938 4509 1057 4561 πᾶν.
1206 4521 1290 4576 13.
1313 4503 1667 4573 ἀναβεβηκότα
1694 4503 1759 4557 Ε.
1852 4503 2044 4557 Statim
2071 4509 2173 4557 τῶν
2195 4505 2315 4556 νοῦν
2337 4502 2420 4554 καὶ
2444 4504 2536 4554 τὸν

136 4578 310 4655 Aah„
336 4576 482 4632 unde
505 4579 597 4632 τὸν
619 4581 739 4632 νοῦν
762 4577 845 4631 καὶ
867 4578 959 4631 τὸν
979 4574 1226 4631 emendat
1252 4575 1456 4644 Migne.
1627 4574 1710 4627 16.
1746 4571 2095 4642 κατορθοῦντα]
2123 4570 2406 4639 κατορθοῦν
2429 4569 2497 4623 Ε.

225 4677 376 4723 νοι.
402 4671 482 4720 11.
1289 4677 1335 4737 4
1364 4674 1406 4718 ο
