3238 5158
644 342 797 405 600·
1060 393 1067 398 .
1204 395 1209 398 .
1246 340 1334 405 B.
1379 341 1807 407 cYRILLI
1868 311 2445 408 ALEXANDR.
2827 363 2942 405 n.
2975 360 3068 403 ιι.

598 583 615 592 -
644 507 763 585 καὶ
819 504 1022 587 οὐδὲν
1054 506 1512 608 ἠγνοηκότων
1546 512 1693 587 τῶν
1730 506 1876 587 ὅσα
1929 507 2429 589 διεκελεύσατο
2474 512 2778 615 φρονεῖν
2813 539 2900 585 τε
2955 507 3070 585 καὶ

585 671 621 716 e
648 635 846 731 δρᾶν,
908 629 1157 737 ἐκδέξῃ
1229 636 1537 712 τοιῶσδε
1623 634 1778 729 Τῆς
1862 629 1995 731 μὲν
2070 630 2409 735 ὑμετέρας
2480 632 2612 711 οὐκ
2684 629 3068 736 ἀνέξονται

646 756 1142 852 διδασκαλίας,
1205 757 1457 862 φησὶν,
1510 753 1893 835 ἐποίσουσι
1950 753 2029 835 δὲ
2079 754 2524 858 πειρασμούς
2582 789 2667 836 τε
2723 759 2853 835 καὶ
2912 759 3068 834 διω-

643 877 894 980 γμοὺς,
930 882 1049 958 καὶ
1085 886 1233 968 πᾶν
1271 876 1453 965 εἶδος
1482 882 1648 979 ὑμῖν
1683 878 2117 980 ἐννοήσουσι
2154 880 2506 983 θορύβων,
2545 882 2670 958 καὶ
2703 885 2818 963 εἰς
2851 887 3068 978 μῖσος

645 1003 976 1081 ἅδικον’
939 1037 1018 1083 εκ
1069 1004 1356 1107 πικρίας
1411 1002 2058 1103 ἀνακαυθήσονται,
2108 1004 2626 1103 πλημμέλημα
2681 1039 2830 1102 μεν
2865 1002 3110 1091 mnes

644 1127 926 1230 ἔχοντες
980 1127 1218 1225 εἰπεῖν,
1274 1129 1747 1230 ἐγκαλοῦντες
1799 1125 1876 1207 δε
1927 1127 2159 1228 μόνην
2214 1127 2507 1229 ἀγάπην
2559 1124 2704 1227 τὴν
2759 1133 2866 1212 εἷς
2920 1129 3058 1227 ἐμέ.

645 1251 1283 1357 κατασοφιζόμενοι
1330 1253 1417 1333 δὲ
1472 1248 1727 1356 ὥσπερ
1773 1256 1900 1352 τῆς
1955 1255 2225 1333 ἑαυτῶν
2279 1251 2623 1334 ἀπονοίας
2675 1250 2827 1351 τὴν
2869 1254 3060 1351 ὁμό-

596 1431 603 1438 -
644 1409 849 1477 τητα,
924 1380 1041 1456 καὶ
1112 1409 1199 1456 το
1272 1378 1352 1457 ἐκ
1424 1379 1552 1476 τῆς
1635 1377 2067 1476 ἡδυπαθείας
2138 1372 2398 1482 αἶσχος
2468 1377 3060 1479 ἀποτριβόμενοι,

649 1501 982 1580 Μωυσεά
1036 1499 1124 1600 δὴ
1158 1497 1449 1584 πάντως
1501 1507 2049 1603 προβαλοῦνται
2098 1503 2217 1580 καὶ
2252 1498 2346 1580 τὰ
2385 1500 2801 1598 Μωυσέως,
2838 1535 3062 1580 συνα-

647 1623 925 1726 σπίζειν
960 1621 1036 1704 δὲ
1069 1622 1318 1728 ὥσπερ
1355 1632 1505 1710 τοῖς
1545 1624 1904 1732 πατρῴοις
1950 1626 2489 1728 ὑποκρινοῦνται
2536 1621 2814 1722 νόμοις·
2895 1626 3058 1705 ἀλλ’
3083 1663 3136 1704 ιο

653 1757 705 1830 εἰ
749 1746 907 1848 μὲν.
926 1746 1021 1855 μῆ
1056 1746 1292 1829 ἐλθὼν
1340 1753 1468 1848 τῆς
1506 1747 1625 1829 διὰ
1671 1748 2050 1834 Μωυσέως
2085 1751 2381 1848 ἐντολῆς
2418 1748 2502 1827 οὗ
2535 1748 2949 1856 παρέδειξα
2980 1748 3066 1829 τὰ

311 1899 447 1955 905
466 1898 544 1954 A.
591 1912 628 1953 a
649 1873 1015 1970 βελτίονα,
1048 1878 1108 1953 εἰ
1151 1870 1250 1972 μὴ
1301 1871 1420 1953 διὰ
1471 1880 1780 1954 πολλῶν
1813 1871 2436 1978 πεπληροφόρηκα
2487 1869 2770 1974 λόγων,
2823 1877 2934 1957 ὥς
2965 1873 3064 1974 εἴη

648 1995 780 2095 μὲν
815 1996 955 2097 ἤδη
1005 1995 1246 2100 καιρὸς
1294 1996 1386 2077 τὰ
1428 1999 1505 2077 ἐν
1539 1997 1745 2106 τύπῳ
1786 1997 2202 2101 παρελάσαι
2241 1995 2519 2093 λοιπὸν,
2556 1999 2676 2076 καὶ
2717 1994 2838 2075 ὅτι
2877 2031 3062 2101 σχη-

649 2120 898 2220 μάτων
955 2119 1089 2220 μὲν
1124 2118 1290 2207 ἅλις
1341 2123 1458 2204 καὶ
1512 2129 1747 2221 σκιᾶς,
1806 2119 1959 2223 ὥρα
2013 2119 2091 2202 δὲ
2146 2119 2369 2220 αὐτὴν
2424 2118 2880 2226 ἀναλάμψαι
2937 2120 3064 2219 τὴν

650 2244 1021 2345 ἀλήθειαν·
1103 2251 1161 2325 εἰ
1215 2244 1359 2347 μὴ
1373 2254 1586 2327 τοῦτο
1645 2248 1764 2326 καὶ
1799 2245 1889 2353 ἐξ
1931 2247 2157 2326 αὐτοῦ
2194 2245 2471 2350 δέδειχα
2514 2241 2768 2342 νόμου,
2807 2245 3048 2349 σαφέ·
3081 2287 3128 2345 ¹5

598 2477 601 2480 .
648 2403 890 2450 στατα
932 2368 1169 2474 λέγων
1224 2381 1268 2418 “
1291 2375 1383 2450 Εἰ
1433 2369 1840 2451 ἐπιστεύετε
1880 2376 2209 2467 Μωυσεῖ,
2265 2368 2671 2450 ἐπιστεύετε
2717 2367 2816 2447 ἂν
2873 2370 3052 2468 ἐμοί·

648 2496 878 2598 “περὶ
914 2492 1059 2599 γὰρ
1095 2497 1267 2596 ἐμοῦ
1303 2497 1558 2578 ἐκεῖνος
1595 2494 1986 2601 ἕργαψενμ
2050 2499 2112 2574 εἶ
2146 2491 2249 2596 μὴ
2276 2499 2433 2578 ταῖς
2467 2498 2616 2572 τῶν
2649 2499 3060 2599 προφητῶν

642 2620 1062 2724 μαρτυρίαις
1126 2619 1457 2729 συνῳδὸν
1496 2616 1757 2726 ἔδειξα
1828 2653 1957 2700 τον
2019 2620 2326 2717 ἐμαυτοῦ
2402 2616 2661 2721 λόγον,
2734 2621 2859 2697 καὶ
2939 2623 3060 2719 τῆς

645 2746 818 2845 ἐμῆς
853 2747 1258 2849 παρουσίας
1295 2740 1426 2843 τὴν
1461 2742 1764 2842 δύναμιν
1804 2739 2337 2848 προρῤηθεῖσάν
2371 2776 2448 2822 τε
2495 2740 2634 2841 ἤδη
2673 2745 2800 2821 καὶ
2845 2777 3056 2843 κεκη-

644 2869 1024 2972 ρυγμένην,
1081 2868 1305 2974 ἔσχον
1358 2867 1449 2948 ἂν
1508 2866 1844 2972 ἀφορμὰς
1905 2865 2246 2969 εὐλόγους
2302 2870 2431 2968 τῆς
2488 2864 2643 2945 κατ’
2697 2867 2888 2964 ἐμοῦ
2950 2872 3128 2947 miza

576 3006 622 3073 b
649 2998 849 3093 ὑμῶν
885 2993 1248 3078 ἀπονοίας.
1330 2988 1568 3092 ἐπειδὴ
1613 2988 1690 3071 δέ
1725 2990 2306 3094 παραλέλειπται
2340 2989 2472 3091 μὲν
2508 2988 2740 3087 οὐδὲν,
2785 2990 3058 3094 εἴρηται

309 2366 476 2432 Supra

307 2448 355 2483 v.
377 2432 459 2496 46.

646 3117 723 3199 δὲ
780 3114 993 3216 ἅπαν,
1032 3117 1213 3197 ὅσον
1263 3114 1431 3218 ἧκεν
1482 3121 1702 3196 εἰπεῖν
1740 3116 2155 3218 ἀναγκαῖον,
2205 3120 2482 3213 εἰκαῖος,
2522 3111 2599 3197 ὃς
2656 3115 2916 3199 αὐτοῖς
2971 3120 3059 3200 εἰς

648 3246 990 3351 πρόφασιν
1027 3239 1573 3342 ἐπινοηθήσεται
1611 3237 1836 3342 λόγος
1874 3238 1989 3334 τῖἱς
2026 3242 2211 3320 οὕτω
2246 3242 2523 3341 γυμνῆς
2557 3240 2958 3348 ἁμαρτίαις.

758 3365 1051 3468 Ταύτην
1108 3363 1303 3462 οἶμαι
1357 3370 1501 3444 δεῖν
1556 3371 1702 3448 τοῖς
1755 3371 1885 3444 τοῦ
1931 3367 2267 3468 Σωτῆρος
2320 3361 2570 3465 λόγοις
2624 3363 3056 3470 ἐφαρμόσαι

648 3494 799 3571 νυνὶ
855 3490 985 3592 τὴν
1023 3488 1362 3588 διάνοιαν,
1405 3485 1905 3591 ἀσύγγνωστα
1949 3486 2025 3568 δέ
2073 3493 2221 3572 τοῖς
2265 3493 2361 3571 εἰς
2405 3483 2662 3571 αὐτους
2695 3498 3052 3588 πλημμε-
3075 3514 3126 3575 25

645 3623 908 3735 λοῦσιν
958 3613 1342 3698 ἐπιδεικνυς
1396 3612 1489 3694 τὰ
1542 3610 1990 3714 ἐγκλήματα,
2035 3615 2152 3691 καὶ
2208 3611 2828 3711 κολασθήσεσθαί
2881 3648 3056 3694 ποτε

646 3774 809 3825 τους
857 3737 951 3820 τὰ
1008 3747 1301 3820 τοιαῦτα
1355 3744 1776 3838 τολμῶντας
1831 3733 2069 3835 εἶπων,
2123 3742 2568 3839 παραιρεῖται
2621 3738 2753 3835 τῆς
2813 3738 3058 3839 λύπης

588 3908 624 3952 0
646 3898 732 3945 το
767 3864 995 3944 πλεον
1032 3866 1147 3943 καὶ
1206 3861 1639 3944 ὖποκλέπτει
1692 3858 2048 3970 σοφῶς,”
2009 3894 2185 3965 οπερ
2230 3858 2319 3961 ἦν
2355 3858 2535 3943 εἷκος
2589 3856 2936 3941 ἀνιάσειν
2979 3863 3056 3942 οὗ

645 3988 946 4090 μετρίως
1006 3985 1287 4072 αὐτούς.
1386 3983 1712 4092 φορητὴν
1760 3984 1905 4088 γὰρ
1960 3984 2126 4066 ἔσθ’
2185 3983 2304 4064 ὅτε
2358 3990 2506 4069 τοῖς
2560 3984 3054 4082 ἀδικουμένας

644 4111 780 4212 τὴν
829 4110 1254 4218 πλεονεξίαν
1305 4109 1689 4214 ἐργάζεται,
1743 4107 1828 4189 τὸ
1885 4105 2250 4213 ἀραρότως
2306 4106 2584 4187 οἴεσθαι
2641 4106 2850 4192 δίκας
2913 4116 3054 4189 τῶν
3067 4136 3113 4195 3⁹

643 4235 1309 4336 πλημμεληθέντων
1366 4234 1744 4314 ἀποτίσειν
1801 4231 1967 4317 τοὺς
2034 4236 2162 4333 τῆς
2222 4229 2647 4337 πλεονεξίας
2710 4231 3049 4335 ἐργάτας.

711 4472 766 4525 3.
805 4477 861 4510 τε
886 4461 1235 4525 assumptum
1260 4471 1327 4508 ex
1353 4452 1420 4508 E.
1806 4469 1890 4509 11.
1927 4452 2192 4545 παρέθηκα
2214 4468 2261 4507 a.
2646 4450 2731 4507 16.
2768 4452 2968 4521 μυσί.
2991 4453 3049 4509 Β.

639 4526 704 4597 ἐμ
706 4526 825 4582 RE.
1077 4541 1163 4579 21.
1200 4524 1444 4581 ὑπονοίας
1467 4541 1515 4579 a.
1782 4538 1868 4595 25.
1909 4522 2092 4580 αὐτοὺς
2118 4523 2183 4578 Ε.
2208 4523 2365 4578 αὐτὸν
2389 4519 2492 4577 Ed.
2746 4538 2837 4593 29.
2877 4528 3048 4596 φορη-

638 4549 733 4664 τὴν
758 4598 823 4652 Ε.
850 4596 1087 4666 φορητὸν
1112 4593 1215 4648 Ed.
