3238 5158
731 310 861 376 616
1332 315 1410 379 B.
1462 314 1884 379 CYRILLI
1945 315 2531 384 ALEXANDR.
2811 301 3027 384 ινα-(ν
3097 367 3098 406 ,

728 476 987 558 ἐλπίδα
1022 485 1566 582 περιπεσεῖσθαι
1602 480 1948 564 κινδύνοις
1983 478 2527 583 προμεμῆνυκεν
2563 479 2604 557 ὃ
2640 470 2937 577 Χριστὸς,
2957 467 3032 545 ἵνα

731 600 832 700 μὴ
888 602 1185 708 σφόδρα
1239 603 1421 707 πρὸς
1474 612 1689 685 τοῦτο
1743 603 2230 708 ταράττοιντο,
2268 597 2825 703 διενθυμούμενοί
2863 628 2925 673 τε
2964 593 3035 669 mi

672 744 710 789 ⁰
734 724 1068 827 λε’γοντες
1094 724 1268 832 Αρα
1302 735 1449 809 τῶν
1479 731 1556 808 ἐν
1580 731 1836 834 ἀρχαῖς
1872 730 2188 809 ἐλπίδων
2222 725 2651 833 ἐσφάλημεν
2681 727 2791 803 καὶ
2819 723 3034 817 διημαρ·

733 847 1049 950 τήκαμεν
1091 860 1222 932 τοῦ
1266 862 1573 952 σκοποῦ,
1612 857 2013 951 κεκλῆσθαι
2055 851 2188 953 μὲν
2229 854 2340 958 ἐφ’
2377 848 2616 932 ἅπασι
2660 854 2794 931 τοῖς
2831 845 3040 945 ἆγαθῠῖῖ

733 973 1099 1074 οἰηθέντες,
1137 979 1687 1061 ἐκτελευτῶντες
1724 977 1799 1057 δὲ
1837 978 2063 1061 οὕτως
2113 982 2212 1062 εἷς
2263 974 2654 1076 ἀδοκήτους
2693 965 3034 1075 συμφοράν
3024 993 3070 1056 >5

732 1100 1134 1200 ἀναγκαίως
1171 1103 1211 1181 ὁ
1255 1102 1519 1205 Κύριος
1557 1111 1687 1182 τοῦ
1721 1098 1822 1202 μὴ
1859 1104 1935 1181 ἐν
1973 1105 2227 1207 ἀρχαῖς
2264 1108 2728 1206 προμηνῦσαι
2767 1095 2933 1176 ταυτὶ
2961 1086 3041 1184 τὴν

731 1222 965 1302 αἰτίαν
998 1223 1352 1331 ἐξηγεῖται
1403 1227 1527 1307 καί
1571 1233 1763 1332 φησι
1802 1229 2046 1307 Ταῦτα
2097 1225 2171 1334 ἐξ
2222 1223 2433 1333 ἀρχης
2487 1230 2608 1305 οὐκ
2646 1220 2816 1304 εἷπον
2847 1220 2960 1323 ὑμῖν
2981 1209 3040 1286 ἶτι

731 1345 881 1452 μεθ’
922 1349 1100 1454 ὑμων
1137 1387 1319 1456 ημην.
1403 1349 1682 1458 ἐξήρκει
1719 1347 1849 1449 μὲν
1885 1348 2032 1454 γὰρ
2075 1384 2482 1453 συμπαρων
2519 1350 2759 1430 αὐτοῖς
2803 1343 2890 1424 ἔτι
2925 1367 3040 1439 tp&

730 1469 816 1551 τὸ
853 1472 1244 1576 ἀνασώζειν
1280 1474 1611 1573 εὐκόλως,
1648 1509 1767 1555 και
1804 1476 1881 1554 ἐκ
1916 1509 2187 1558 παντος
2220 1473 2524 1578 ῥύεσθαι
2558 1471 3040 1574 πειριιισμινῧϋῑαι

732 1594 865 1696 τὴν
902 1597 1013 1703 ἐφ’
1053 1595 1288 1679 ἅπασι
1322 1606 1471 1683 τοῖς
1506 1600 2004 1697 συμβαίνουσι
2039 1596 2490 1699 καθηκόντως
2537 1598 2881 1678 ποιεῖσθαι
2907 1587 3035 1665 διδᾱ·
3055 1613 3086 1651 ¹

732 1722 1051 1802 σκαλίαν
1084 1757 1162 1803 τε
1211 1726 1329 1802 καὶ
1376 1722 1902 1826 ἐπανόρθωσιν.
1983 1720 2224 1821 ἐπειδὴ
2279 1721 2354 1803 δὲ
2403 1724 2765 1820 ἀποδημεῖ
2795 1711 2942 1818 πρὸς
2964 1706 3039 1788 r&

660 1853 709 1920 d
737 1843 1046 1949 Πατέρα,
1122 1844 1255 1946 τὴν
1334 1853 1482 1927 τῶν
1563 1848 1868 1928 ἔσεσθαι
1953 1844 2576 1950 προσδοκωμένων
2661 1839 3041 1944 ἀπαραίτητϋ

732 1969 985 2075 αφῑξιν
1020 1969 1375 2076 ἐξηγεῖται
1408 1972 1782 2075 χρησίμως
1819 1974 1937 2052 καὶ
1972 1973 2048 2050 ἐν
2084 1977 2308 2078 καιρῷ
2341 1976 2448 2078 τῷ
2481 1970 2840 2073 πρέποντι.
2885 1967 2931 2041 εἰ
2953 1953 3038 2058 γὰρ

730 2096 847 2171 καὶ
883 2093 1051 2192 ἡμῖν
1089 2096 1327 2180 αὐτοῖς
1362 2094 1448 2176 τὸ
1483 2105 1609 2177 τοῦ
1649 2103 1896 2199 καιροῦ
1941 2102 2069 2175 τοῦ
2115 2094 2513 2199 πρέποντος
2566 2091 2672 2193 μὴ
2720 2081 3039 2234 ἁμαρτάνειν

729 2216 1248 2316 ἐσπούδασται,
1284 2226 1440 2304 πῶς
1496 2222 1626 2301 οὐκ
1683 2217 1772 2300 ἂν
1816 2227 2109 2319 μᾶλλον
2145 2218 2404 2323 ἀρέσαι
2441 2224 2658 2327 Θεῷ·
2640 2281 2660 2313 ,
2723 2209 2929 2314 καιρὸς
2965 2202 3082 2282 “3⁸¹³

729 2339 872 2437 ἄρα
925 2346 1207 2442 σιωπῆς
1262 2342 1352 2444 ἦν
1405 2346 1481 2424 ἐν
1524 2347 1800 2450 ἀρχαῖς,
1851 2347 2050 2425 οὔπω
2104 2351 2234 2424 τοῦ
2290 2347 2549 2449 χρῆναι
2603 2346 2844 2443 μαθεῖν
2888 2325 3040 2430 ὧςὲξ

733 2462 1049 2567 ἀνάγκης
1083 2467 1597 2562 εἶσβαίνοντος·
1658 2468 1898 2568 ἐπειδὴ
1935 2469 2010 2550 δὲ
2046 2465 2390 2568 ἀπεδήμει
2425 2503 2614 2571 προς
2650 2467 2776 2546 τὸν
2810 2454 3034 2556 Πατερᾱ,

736 2625 778 2670 ο
812 2595 941 2690 τῆς
979 2591 1318 2697 φράσεως
1352 2593 1743 2698 παρεισέδυ
1789 2593 2052 2697 καιρός.
2129 2589 2240 2696 ἆρ’
2282 2594 2406 2673 οὖν
2445 2587 2932 2696 ἀπενοσφιζετο
2952 2582 3037 2658 Τὼ

734 2716 1146 2814 μαθητῶν
1114 2751 1154 2796 ο
1192 2716 1448 2820 Σωτὴρ
1486 2714 1985 2824 ἀναφοιτήσας
2020 2716 2204 2820 πρὸς
2236 2750 2365 2798 τον
2403 2717 2723 2821 Πατέρα,
2761 2712 2864 2794 καὶ
2891 2730 3036 2795 ‹er
3095 2740 3096 2825 ζ

677 2877 712 2921 e
738 2840 976 2924 αὐτοῖς
1010 2846 1100 2945 τῇ
1135 2849 1264 2922 τοῦ
1304 2842 1797 2942 Πνεύματος’
1761 2843 2074 2949 ενεργεία
2108 2876 2186 2922 τε
2223 2876 2340 2922 και
2377 2838 2673 2940 δυνάμει
2706 2873 2813 2920 και
2845 2828 3082 2938 >411me

399 2970 646 3087 ξχξῗιῆὒ·
736 2969 910 3061 πῶς,
954 2961 1001 3066 ἢ
1058 2963 1240 3045 κατὰ
1289 2967 1449 3045 τίνα
1499 2965 1961 3068 τρόπονςού
2014 2964 2160 3069 γὰρ
2214 2966 2556 3073 ψεύδεται
2612 2965 2907 3066 λέγων“
2924 2942 3037 3031 13⁰¹J

402 3117 483 3152 20·
740 3086 958 3191 “ἐγω
994 3091 1154 3187 μεθ’
1195 3092 1391 3189 ὑμῶν
1428 3124 1566 3189 ειμι
1602 3090 1852 3176 πάσας
1901 3125 2031 3175 τας
2080 3089 2347 3195 ἡμερας
2392 3125 2507 3170 και
2544 3089 2678 3173 ἕως
2714 3090 2834 3185 τῆς
2862 3102 3033 3161 v'vm‘

739 3220 782 3260 “
818 3215 1016 3298 λείας
1069 3221 1200 3294 τοῦ
1263 3215 1577 3313 αιῶνος,”
1639 3215 1840 3314 πλὴν
1903 3249 2082 3295 οσον
2142 3220 2240 3299 εἷς
2296 3212 2542 3318 σάρκα
2605 3216 2726 3292 καὶ
2778 3205 2893 3305 τὴν
2932 3224 3038 3299 W

738 3371 1078 3438 σωματος
1111 3340 1538 3443 παρουσίαν,
1577 3340 1971 3441 οὐδαμόθεν
2008 3340 2459 3445 ἀμφίβολον.
2538 3340 2709 3418 ἀλλ’
2748 3331 2875 3417 οἶδε
2903 3322 2993 3427 μὲν
3014 3350 3036 3392 ⁰
3091 3334 3092 3367 ³

741 3460 998 3565 Σωτὴρ
1044 3463 1612 3566 ἀναγκαιοτάτην
1649 3464 1949 3546 εσεσθαι
2002 3470 2093 3570 τῇ
2151 3462 2558 3571 ἀνθρωπεία
2607 3461 2824 3570 φύσει
2864 3451 2965 3551 τὴν
2984 3468 3077 3521 ‘15²3

741 3583 1079 3686 οὐρανοὺς
1115 3584 1479 3683 ἀνάβασιν
1520 3592 1650 3687 τῆς
1683 3587 1862 3673 ἰδίας
1897 3586 2194 3691 σαρκὸς,
2228 3586 2428 3687 πλὴν
2465 3589 2592 3666 οὐκ
2627 3568 3035 3688 ἠγνόησενιθῗ

402 3724 523 3781 917
541 3721 626 3778 Δ
679 3737 717 3778 α
744 3703 1028 3805 &eos-‚⁰
990 3744 1099 3790 οτι
1155 3716 1246 3816 τῇ
1299 3713 1547 3820 πικρία
1600 3715 1729 3812 τῆς
1784 3710 2021 3812 λύπης
2066 3710 2474 3809 μεμέθυστο
2523 3716 2668 3792 τῶν
2712 3704 3021 3849 μαθηῐῦὲν
3009 3722 3030 3783 'i

741 3834 1015 3935 καρδία.
1099 3833 1345 3915 ἐλύπει
1382 3834 1523 3939 γὰρ
1563 3836 1731 3915 λίαν
1768 3835 2022 3920 αὐτοὺς
2059 3835 2517 3936 ἀποδημῶν
2485 3871 2526 3915 ο
2562 3831 2896 3937 Χριστος,
2926 3812 3034 3902 ἐπεὶ·

736 3990 873 4059 περ
909 3956 1174 4056 ἤθελον
1210 3961 1404 4067 αὐτῷ
1438 3968 1757 4041 συνεῖναι
1796 3959 1912 4040 διὰ
1949 3961 2240 4043 παντός.
2323 3962 2420 4044 ὡς
2471 3956 2549 4039 δὲ
2592 3957 2728 4060 ηδη
2770 3969 3032 4055 xexpcxvffl

735 4089 946 4162 τοῦτο
1000 4086 1197 4186 δρᾶν,
1236 4084 1393 4164 οὐδε
1449 4084 1984 4188 διερωτῶσιν,”
1945 4119 1986 4165 ο
2049 4120 2121 4166 τι
2174 4118 2350 4165 ποτε
2405 4117 2566 4187 αρα,
2605 4086 2723 4163 καὶ
2769 4077 2870 4161 διὰ
2901 4064 3068 4154 mm

738 4207 970 4286 αἰτίαν
1011 4206 1514 4313 ἀποιχήσεται,
1560 4206 1605 4311 ἢ
1656 4209 1733 4290 τί
1766 4208 1852 4289 τὸ
1898 4211 2180 4310 ἐπεῖγον
2222 4208 2445 4310 ἤγουν
2490 4208 2859 4288 ἀναπεῖθον
2889 4202 2960 4278 εἰς
2988 4215 3032 4263 ΤΟ

739 4367 888 4412 ανω
960 4331 1269 4436 βαδίζειν
1327 4331 1564 4414 αὐτόν.
1678 4332 2168 4436 συγγινώσκει
2244 4331 2482 4412 τοίνυν
2548 4335 2643 4416 ὡς
2708 4330 2793 4437 ἐξ
2843 4314 3029 4425 ἆγᾶῐΨ

739 4457 974 4541 αὐτοῖς
1032 4462 1350 4538 παθοῦσι
1410 4455 1524 4537 καὶ
1579 4465 1813 4557 τοῦτο,
1870 4460 1986 4536 καὶ
2051 4455 2339 4557 σιωπὴν
2395 4458 2524 4537 οὐκ
2587 4456 2896 4559 εὐκαίρως
2937 4440 3030 4519 ἕλθ
