3238 5158
205 344 362 410 xvii.
391 363 620 423 20,21.
682 344 790 408 IN
852 346 919 410 S.
967 346 1485 411 JOANNEM.
1576 347 1770 412 LIB.
1817 347 1939 413 XI.
2032 348 2236 413 CAP.
2269 347 2392 411 XI.
2484 344 2611 411 733

207 513 728 616 ἀλογώτατον;
800 512 947 595 ἀπὸ
1002 512 1147 618 γὰρ
1201 523 1348 596 τῶν
1393 514 1762 597 ἰσοτύπων
1810 513 1901 595 τά
1938 515 2322 621 ἀρχέτυπα,
2361 515 2478 593 καὶ
2534 513 2613 592 ἐκ

203 643 337 738 τῆς
392 638 576 719 κατὰ
629 640 936 739 μίμησιν
991 637 1402 740 ὁμοιότητος
1465 640 1599 740 τὴν
1655 639 1997 740 ἀλήθειαν
2052 636 2604 744 σχηματίζουσι·

204 770 551 863 τιμῶντες
586 760 719 864 μὲν
756 771 902 848 τοῖς
952 763 1297 865 δευτέροις
1347 762 1440 845 τὰ
1487 762 1619 864 τὴν
1655 763 1951 869 πρώτην
1988 765 2335 869 ἐπέχοντα
2370 761 2605 864 τάξιν,

204 886 342 987 τὴν
394 886 472 967 δὲ
529 894 676 969 τῶν
727 887 1037 992 πρώτων
1093 887 1470 994 ὑπόληψιν
1525 895 1673 973 τοῖς
1732 886 1915 988 μετὰ
1977 896 2204 970 ταῦτα
2267 889 2610 990 δευτέροις
2636 901 2678 965 b

138 1034 180 1095 5
206 1010 610 1114 ἐπάγοντες.

320 1137 538 1215 Ἀλλ’
597 1137 714 1216 ἵνα
776 1134 877 1237 μὴ
945 1139 1113 1216 λίαν
1177 1143 1325 1220 τοῖς
1389 1139 1550 1240 περὶ
1614 1135 1888 1216 τούτων
1951 1139 2614 1243 ἐμφιλοχωροῦντες

210 1256 461 1363 λόγοις
516 1259 657 1368 ἔξω
712 1295 854 1342 που
908 1268 1055 1342 τῶν
1106 1261 1586 1364 προκειμένων
1640 1260 1813 1340 ἰέναι
1869 1264 2209 1358 δοκῶμεν,
2254 1261 2473 1339 ἐκεῖνο
2524 1258 2612 1358 δὴ

210 1385 442 1466 πάλιν
477 1386 879 1488 ἀναγκαίως
916 1389 1227 1489 ἐροῦμεν,
1266 1389 1361 1470 ὡς
1404 1392 1501 1470 εἰς
1551 1384 1785 1465 εἰκόνα
1823 1388 1939 1466 καὶ
1977 1385 2204 1465 τύπον
2237 1388 2365 1482 τῆς
2403 1387 2606 1464 ἀδια-

209 1507 560 1589 σπάστου
609 1511 859 1617 φιλίας·
907 1545 984 1590 τε
1035 1514 1152 1590 καὶ
1202 1511 1536 1609 ὁμονοίας
1587 1515 1705 1590 καὶ
1754 1510 2103 1609 ἑνότητος,
2139 1513 2266 1608 τῆς
2315 1510 2392 1587 έν
2430 1510 2609 1608 ὁμο·

99 1675 129 1714 1
145 1673 185 1712 0
210 1635 450 1742 ψυχίᾳ
486 1636 885 1734 νοουμένης,
921 1632 1054 1735 τὴν
1091 1636 1405 1735 οὗσιώδη
1441 1633 1895 1738 παραλαβὼν
1932 1632 2232 1732 ἑνότητα
2266 1630 2613 1735 Χριστὸς,

209 1757 302 1858 ἣν
338 1757 482 1864 ἕχει
526 1760 658 1859 μὲν
707 1763 747 1839 5
800 1758 1059 1863 Πατὴρ
1109 1756 1291 1862 πρὸς
1340 1758 1578 1857 αὐτὸν,
1616 1757 1826 1842 αὐτὸς
1885 1755 1962 1837 δὲ
2020 1759 2110 1838 αῦ
2164 1755 2391 1837 πάλιν
2434 1753 2614 1860 πρὸς

211 1883 341 1964 τὸν
379 1885 694 1987 Πατέρα·
752 1890 1414 1987 συνανακιρνᾶσθαι
1463 1881 1734 1986 τρόπον
1776 1881 1935 1963 τινὰ
1983 1884 2100 1962 καὶ
2137 1883 2322 1982 ἡμᾶς
2369 1878 2611 1982 ἀλλή-

212 2018 373 2093 λοις
409 2009 773 2107 βούλεται,
811 2012 886 2089 ἐν
924 2007 1212 2108 δυνάμει
1251 2012 1476 2107 δῆλον
1513 2007 1622 2088 ὅτι
1659 2012 1789 2108 τῆς
1824 2007 2035 2110 ἁγίας·
2072 2041 2149 2087 τε
2186 2009 2302 2086 καὶ
2348 2007 2607 2106 ὃμοου·

212 2134 383 2213 σίου
439 2132 772 2236 Τριάδος,
828 2137 923 2217 ὠς
982 2131 1056 2213 ἓν
1114 2139 1432 2212 νοεῖσθαι
1487 2131 1572 2212 τὸ
1629 2132 1932 2232 σύμπαν
1989 2136 2118 2233 τῆς
2170 2130 2613 2232 Ἐκκλησίας
2637 2163 2674 2207 ο

106 2285 182 2345 15
214 2264 455 2357 σῶμα,
503 2255 622 2339 διὰ
675 2255 989 2337 συνόδου
1041 2259 1160 2336 καὶ
1215 2259 1625 2359 συνδρομῆς
1679 2263 1825 2336 τῶν
1869 2255 1997 2336 δυό
2052 2262 2253 2337 λαῶν
2309 2261 2405 2339 εἰς
2460 2253 2617 2340 ἑνὸς

213 2384 487 2463 τελείου
536 2382 911 2463 σύστασιν
945 2384 1337 2474 ἀναβαῖνον
1371 2383 1448 2459 ἐν
1484 2386 1811 2487 Χριστῷ.
1887 2383 1985 2465 ὡς
2034 2379 2175 2484 γὰρ
2233 2383 2273 2460 5
2315 2380 2615 2464 Παῦλός

216 2514 451 2613 φησιν
507 2517 552 2554 “
580 2506 820 2592 Αὐτὸς
891 2506 1036 2610 γάρ
1098 2508 1299 2585 ἐστιν
1354 2505 1399 2603 ἡ
1463 2504 1703 2608 εἰρήνη
1768 2505 1987 2603 ἡμῶν,
2046 2506 2087 2584 5
2149 2502 2462 2605 ποιήσας
2524 2505 2615 2586 τά

215 2644 261 2681 “
299 2631 674 2740 ἀμφότερα
727 2632 803 2712 ἓν
849 2633 967 2712 καὶ
1015 2628 1099 2711 τδ
1149 2628 1580 2736 μεσότοιχον
1615 2640 1746 2711 τοῦ
1798 2637 2142 2736 φραγμοῦ
2192 2628 2447 2728 λύσας,
2485 2629 2617 2731 τὴν

218 2768 263 2805 “
300 2759 584 2862 ἔχθραν,
640 2760 715 2837 ἐν
777 2759 866 2862 τῇ
930 2759 1151 2860 σαρκὶ
1214 2756 1454 2852 αὐτοῦ,
1511 2753 1639 2835 τὸν
1697 2752 1918 2853 νόμον
1972 2762 2118 2834 τῶν
2176 2757 2488 2834 ἐντολῶν
2544 2757 2620 2835 ἐν

105 2922 189 2962 20
219 2892 265 2932 “
304 2882 623 2984 δόγμασι
657 2879 1146 2984 καταργήσας,
1181 2880 1296 2960 ἵνα
1336 2877 1499 2963 τοῦς
1536 2878 1665 2959 δύο
1702 2880 1918 2985 κτίσῃ
1969 2880 2045 2958 ἐν
2077 2879 2304 2986 ἑαυτῷ
2354 2885 2448 2963 εἰς
2498 2878 2623 2959 ἕνα

217 3017 265 3055 “
305 3004 546 3086 καινὸν
597 3007 998 3107 ἄνθρωπον,
1034 3011 1260 3086 ποιῶν
1305 3002 1609 3107 εἰρήνην,
1653 3006 1767 3083 καὶ
1824 3003 2401 3111 ἀποκαταλλάξῃ
2454 3002 2620 3087 τοῦς

217 3141 263 3177 “
302 3130 750 3236 ἀμφοτέρους
809 3132 883 3210 ἐν
945 3131 1046 3209 ἑνὶ
1104 3128 1392 3229 σώματι
1458 3135 1562 3237 τῷ
1626 3134 1793 3240 Θεῷ
1866 3127 1982 3208 διὰ
2057 3136 2187 3208 τοῦ
2261 3137 2613 3231 σταυροῦ,
2645 3135 2690 3199 d

217 3264 264 3302 ‘⁴
299 3257 717 3338 ἀποκτείνας
752 3253 883 3355 τὴν
920 3254 1186 3359 ἔχθραν
1220 3256 1298 3333 ἐν
1332 3254 1595 3361 αῦτῷ·”
1657 3251 1697 3333 ὃ
1737 3252 1823 3352 δὴ
1861 3256 1977 3331 καὶ
2011 3248 2450 3351 τετέλεσται,
2475 3259 2621 3333 τῶν

215 3377 770 3460 πιστευσάντων
824 3385 919 3463 εἰς
987 3377 1320 3481 Χριστὸν
1382 3376 2019 3484 ὅμοψυχησάντων
2081 3376 2442 3477 ἀλλήλοις
2504 3380 2621 3455 καὶ

104 3541 186 3602 25
217 3507 514 3606 καρδίαν
549 3501 1070 3601 ἀναλαβόντων
1108 3505 1315 3583 οἷονεί
1349 3503 1540 3602 μίαν,
1570 3501 1687 3582 διὰ
1723 3506 1850 3601 τῆς
1887 3507 1984 3584 εἰς
2021 3496 2214 3582 ἅπαν
2252 3499 2624 3607 ἐμφερείας

216 3634 347 3729 τῆς
402 3629 555 3710 κατ’
615 3630 1002 3726 εὐσέβειαν,
1059 3632 1175 3708 καὶ
1235 3632 1363 3728 τῆς
1422 3631 1497 3708 ἐν
1549 3633 1654 3734 τῷ
1715 3625 2075 3708 πιστεύειν
2133 3627 2444 3726 ὑπακοῆς
2508 3628 2625 3706 καὶ

218 3753 613 3860 φιλαρέτου
645 3752 1129 3860 φρονήματος.

337 3883 482 3958 Καὶ
537 3882 740 3958 ταυτὶ
793 3876 923 3978 μὲν
978 3879 1204 3980 ἔγωγε
1261 3884 1545 3957 σκοποῦ
1600 3882 1730 3955 τοῦ
1787 3876 2186 3977 πρέποντος
2246 3875 2376 3954 οὐκ
2442 3872 2616 3971 ἀπο,

216 4000 519 4087 δεόντως
559 4002 635 4084 δὲ
671 4009 961 4100 μᾶλλον
999 4010 1124 4082 νῦν
1152 4005 1479 4104 εἰρῆσθαι
1517 3998 1800 4102 νομίζω.
1860 3995 2097 4097 ἐπειδὴ
2137 3997 2212 4078 δὲ
2247 4006 2395 4077 τῶν
2429 4033 2617 4101 προ-

103 4171 189 4230 30
218 4127 555 4226 κειμένων
590 4129 635 4228 ἡ
673 4126 966 4225 δύναμις
1002 4123 1401 4226 ἐκβιάζεταί
1430 4160 1584 4208 πως
1622 4125 1808 4224 ἡμᾶς
1843 4120 2256 4226 βαθυτέρων
2282 4121 2411 4221 μὲν
2448 4123 2622 4202 εἴσω

218 4251 556 4354 γενέσθαι
603 4247 1101 4355 θεωρημάτων,
1139 4248 1542 4353 παραθήγει
1594 4246 1671 4327 δὲ
1724 4247 2054 4347 μάλιστα
2103 4251 2219 4327 καί
2272 4249 2312 4326 5
2365 4245 2622 4350 Σωτὴρ
2647 4281 2682 4323 ο

300 4454 384 4509 16.
421 4453 785 4518 ἀναβαίνοντος
811 4452 1032 4524 (errore)
1063 4451 1226 4508 Cord.
1658 4467 1744 4519 25.
1781 4452 1874 4521 τὴν
1897 4451 2014 4520 (sed
2043 4451 2205 4507 habet
2228 4450 2530 4522 ἐμφερείας)
2557 4450 2623 4506 Ε.

225 4526 314 4581 28.
352 4525 444 4581 οὐκ
480 4526 602 4590 ἄπο,
627 4526 844 4580 δεόντως
873 4522 1014 4578 edidi
1051 4543 1116 4578 ex
1150 4524 1236 4588 Ε.,
1261 4522 1354 4596 qui
1393 4523 1487 4577 οὐκ
1524 4522 1847 4581 ὅποδέόντως
1878 4523 2112 4579 exhibet.
2139 4562 2153 4589 ,
2180 4523 2271 4577 οὐκ
2302 4522 2624 4579 ἀποδεόντως

226 4595 326 4651 Ed.
542 4612 632 4664 31.
667 4592 952 4665 παραθήγει
978 4594 1105 4649 E.F.
1134 4594 1236 4650 Ed.
1261 4612 1375 4665 mg.
1396 4592 1689 4663 παραθήσει
1715 4593 1817 4649 Ed.
