3238 5158
214 332 354 396 xvi.
381 351 487 420 33.
577 331 695 397 IN
757 330 827 397 S.
872 330 1393 397 JOANNEM.
1484 330 1680 397 LIB.
1726 330 1850 397 XI.
1939 329 2147 397 CAP.
2192 330 2289 397 11.
2498 332 2627 397 655

218 494 609 595 διδάσκων,
665 495 774 577 ὅτι
837 493 1244 600 πειρασμὸν
1297 492 1347 597 ἢ
1412 497 1730 599 διωγμὸν
1783 496 2009 599 ἤγουν
2063 494 2303 601 ἕτερόν
2356 529 2428 577 τι
2481 501 2628 577 τῶν

218 619 565 702 τοιούτων
604 621 1063 728 ἐπιφεροντος
1112 621 1279 721 ἡμῖν
1327 621 1493 701 ἔσθ’
1553 619 1671 700 ὅτε
1730 629 1995 725 καιροῦ,
2051 624 2168 702 καὶ
2221 626 2322 705 εἰς
2373 621 2628 701 εὐκλεᾶ
2654 622 2700 689 d

222 752 620 829 καλοῦντος
673 747 1019 842 κίνδυνον,
1075 745 1260 851 φημὶ
1317 743 1393 825 δὲ
1447 742 1575 825 τὸν
1640 746 1726 825 δι’
1795 742 2189 844 εὐσέβειαν,
2248 746 2376 826 οὐκ
2434 747 2622 825 ἀπο·

220 867 509 949 πίπτειν
543 870 837 953 ἐλπίδος
883 871 1014 963 τῆς
1050 870 1166 949 ἐπὶ
1199 874 1304 976 τῷ
1351 867 1707 948 δύνασθαι
1746 866 2155 972 διαφεύγειν
2193 865 2628 966 ἀκόλουθον,

133 1018 192 1081 5
225 994 348 1072 καὶ
382 998 442 1071 εἰ
484 989 586 1093 μή
631 1026 812 1077 τινες
859 990 1079 1096 τυχὸν
1113 997 1261 1071 τῶν
1308 990 1712 1098 ὃμοψύχων
1748 991 1916 1093 ἡμῖν
1962 991 2630 1097 συμπαρατρέχοιεν

222 1117 599 1221 ἀδελφῶν,
680 1114 1152 1213 ἐπαμύνοντές
1224 1149 1302 1194 τε
1392 1113 1579 1195 κατὰ
1650 1112 1734 1195 τὸ
1815 1118 2180 1220 ἐγχωροῦν
2264 1118 2382 1195 καὶ
2472 1122 2629 1199 ταῖς

224 1240 584 1336 ὀμονοίαις
630 1241 1012 1343 μονονουχὶ
1058 1236 1186 1318 τὸν
1237 1236 1720 1340 ἐπηρτημένον
1761 1240 1930 1338 ἡμῖν
1983 1237 2415 1342 μεριζὸμενοι
2468 1238 2621 1318 κίν·

222 1368 464 1445 δυνον.
564 1369 625 1444 εἰ
688 1362 832 1466 γὰρ
898 1366 1014 1442 καί
1081 1360 1467 1463 τράποιντο
1528 1360 1713 1465 πρὸς
1780 1360 2022 1469 φυγὴν
2086 1367 2442 1468 δυσαχθῆ,
2509 1367 2628 1443 καὶ

222 1483 599 1590 ἀφόρητον
651 1486 783 1586 τὴν
841 1489 919 1566 ἐκ
973 1489 1101 1582 τῆς
1156 1487 1421 1571 δειλίας
1472 1486 1897 1594 πλεονεξίαν
1953 1488 2029 1566 ἐν
2085 1487 2355 1570 ἑαυτοῖς
2414 1520 2624 1585 ποιη-
2654 1520 2693 1565 0

90 1650 125 1690 1
141 1648 195 1689 0
223 1610 551 1710 σάμενοι,
608 1615 1002 1691 διακεῖσθαι
1069 1613 1458 1711 προσ-ἧκεν,
1514 1612 1608 1694 ὡς
1666 1611 1749 1689 οὐ
1804 1608 1922 1691 διὰ
1975 1606 2240 1710 ταύτην
2293 1607 2630 1709 ἀτονήσει

221 1733 362 1834 τὴν
396 1736 627 1814 αἰτίαν
665 1730 874 1819 Θεός.
933 1732 1217 1835 ἀρκέσει
1253 1732 1396 1836 γὰρ
1441 1734 1658 1833 μόνος
1707 1738 1805 1819 εἰς
1854 1731 1938 1813 τὸ
1995 1738 2358 1814 διασῶσαι
2411 1731 2625 1812 δύνα-

222 1865 410 1940 σθαι
444 1856 573 1939 τὸν
609 1860 803 1966 αὐτῷ
847 1859 1390 1960 προσκείμενον.
1464 1857 1645 1961 μόνοι
1698 1856 1772 1938 δὲ
1823 1859 2019 1958 ἡμεῖς
2057 1859 2185 1938 οὐκ
2232 1855 2472 1956 ἐσμὲν,
2510 1859 2629 1937 καὶ

223 1988 285 2061 εἰ
322 1981 423 2083 μή
457 2015 566 2066 τις
600 1984 829 2089 ὁρῷτο
864 1981 1141 2083 παρὼν,
1172 1978 1493 2083 καθάπερ
1531 1978 1731 2062 εἷπον
1766 1983 2043 2084 ἀρτίως,
2080 1979 2623 2085 συμπαραστά-

221 2140 364 2204 την
399 2108 514 2184 καί
556 2104 917 2208 ἐπαρηγὸν
952 2107 1069 2185 καὶ
1116 2105 1493 2186 σύνοπλον
1528 2106 1809 2210 ἔχοντες
1843 2103 1972 2186 τὸν
2004 2102 2244 2187 πάντα
2280 2103 2629 2209 ἰσχύοντα

97 2264 131 2304 ι
150 2258 192 2318 5
226 2224 454 2325 Θεὸν,
495 2226 1080 2329 ἀπλεονεκτήτοις
1115 2231 1308 2309 τισὶν
1342 2229 1765 2331 ἐπικουρίαις
1802 2229 1988 2329 ἡμᾶς
2020 2227 2627 2338 περιφράττοντα,

225 2350 419 2431 κατὰ
475 2350 603 2432 τὸν
660 2353 969 2455 λε’γοντα
1032 2350 1441 2460 ψαλμῳδόν
1506 2363 1548 2402 “
1580 2353 1823 2455 Κύριε,
1886 2356 1981 2437 ὡς
2049 2352 2259 2461 ὅπλῳ
2316 2352 2633 2437 εὐδοκίας
2722 2369 2809 2483 {³³-
2833 2383 2886 2418 ⁷·

224 2488 275 2524 “
313 2472 832 2583 ἐστεφάνωσας
885 2476 1132 2576 ἡμᾶς.”
1208 2478 1325 2557 καί
1382 2484 1609 2557 ταῦτα
1665 2486 1791 2558 νῦν
1844 2479 2007 2581 περὶ
2060 2475 2316 2557 τούτου
2373 2475 2632 2584 φαμὲν,
2759 2447 2809 2497 ³⁶

222 2600 367 2705 οὐχ
401 2603 499 2685 ὡς
537 2604 781 2704 χρῆμα
829 2601 1060 2682 καλὸν
1097 2599 1568 2704 θαυμάζοντες
1606 2598 1739 2700 τὴν
1783 2601 2259 2707 φιλοψυχίαν,
2297 2599 2470 2681 ὅταν
2505 2600 2634 2708 ἐξῇ

222 2723 611 2804 καταλύειν
666 2724 852 2824 ἡμᾶς
907 2726 1210 2810 εὐκλεῶς
1272 2725 1401 2806 τὸν
1453 2723 1637 2825 μετὰ
1689 2725 2033 2824 σώματος
2085 2726 2249 2821 βίον
2302 2756 2631 2824 συστρα-
2659 2761 2697 2802 a
2734 2747 2874 2803 944
2889 2744 2974 2805 Δ.

104 2886 197 2927 20
225 2847 646 2947 τευομένους
682 2883 758 2929 τε
797 2857 916 2930 καὶ
952 2856 1498 2934 συναθλοῦντας
1533 2857 1680 2933 τοῖς
1715 2846 1833 2930 διὰ
1855 2848 2048 2930 Θεὸν
2082 2846 2631 2929 κινδυνεύουσιν·

225 2972 404 3050 ἀλλ’
444 2971 560 3051 ἵνα
604 2978 896 3070 μᾶλλον
932 2976 1151 3054 ἐκεῖνο
1187 2973 1718 3073 πιστεύσωμεν,
1757 2977 1855 3058 ὡς
1896 2979 1957 3054 εἰ
1992 2976 2108 3053 καὶ
2144 2973 2245 3073 μή
2282 3005 2466 3056 τινες
2503 2966 2640 3050 εἷεν

227 3100 301 3176 οἱ
355 3104 567 3177 τοῦτο
616 3102 794 3199 δρᾶν
838 3095 981 3177 σὺν
1024 3099 1193 3197 ἡμῖν
1230 3093 1600 3182 ἐθέλοντες
1653 3100 1770 3178 καὶ
1823 3095 2415 3201 προθυμούμενοι,
2457 3097 2639 3175 ἀπο-

227 3218 613 3320 γινώσκειν
649 3221 734 3301 οὐ
768 3220 933 3326 χρή·
1012 3225 1198 3328 μένοι
1235 3219 1375 3324 γὰρ
1415 3227 1532 3302 οὐκ
1574 3219 1890 3322 ἐσόμεθα
1925 3218 2434 3324 συμπαρόντος
2470 3219 2639 3318 ἡμῖν

225 3350 362 3422 τοῦ
399 3347 614 3426 Θεοῦ.

110 3613 201 3676 25
228 3589 458 3658 Ταῦτα
505 3594 839 3660 λελάληκα
891 3590 1058 3677 ὑμῖν,
1094 3596 1201 3662 ἵνα
1247 3596 1318 3662 ὲν
1363 3595 1510 3672 ἐμοὶ
1563 3592 1831 3685 εἰρήνην
1878 3593 2087 3683 ἔχητε·
2159 3595 2230 3661 ὲν
2273 3596 2369 3680 τῷ
2414 3595 2639 3681 κόσμῳ
2666 3611 2743 3669 33

363 3718 583 3798 θλίψιν
633 3718 837 3807 ἔχετε·
913 3720 1084 3786 ἀλλὰ
1141 3717 1461 3807 θαρσεῖτε,
1513 3720 1648 3795 ἐγὼ
1701 3719 2005 3786 νενίκηκα
2057 3720 2172 3787 τὸν
2228 3723 2492 3797 κόσμον.
2662 3713 2707 3778 b

333 3885 587 3988 Ὅλην
643 3893 740 3973 ὡς
789 3889 958 3974 ἔπος
1012 3896 1228 3971 εἰπεῖν
1271 3894 1347 3970 ἐν
1383 3891 1660 3976 τούτοις
1712 3892 1792 3972 εὖ
1843 3890 2047 3990 μάλα
2082 3891 2408 3994 Χριστὸς
2455 3897 2631 3974 οἰνα-

232 4019 749 4120 κεφαλαιοῦται
820 4016 1197 4120 χρησίμως
1264 4014 1397 4115 τὴν
1458 4014 1640 4118 πρὸς
1704 4014 1958 4101 αὐτοὺς
2029 4017 2417 4118 γενομένην
2478 4016 2633 4097 διά·

233 4136 463 4244 λεξιν,
500 4140 619 4219 καὶ
652 4145 801 4218 τῶν
833 4139 1212 4240 εἰρημένων
1254 4137 1388 4240 τὴν
1423 4140 1722 4238 δύναμιν
1767 4141 1844 4220 ἐν
1879 4140 2156 4242 ὀλίγοις
2209 4140 2640 4239 συλλαβὼν,

116 4303 208 4362 30
233 4258 802 4364 συντομωτάτην
861 4264 1099 4348 αὐτοῖς
1161 4267 1290 4364 τῆς
1361 4266 1616 4350 οἰκείας
1689 4260 2117 4365 βουλήσεως
2177 4264 2641 4369 παρατέθεικε

305 4520 361 4569 4.
397 4502 460 4556 τὸ
484 4500 551 4556 Ε.
762 4560 771 4567 ‚
1014 4518 1069 4573 9.
1105 4501 1305 4558 ἑαυτοῖς
1327 4498 1394 4555 Ε.
1418 4499 1593 4555 αὐτοῖς
1615 4497 1721 4554 Ed.
2152 4517 2237 4573 13.
2272 4497 2417 4557 «brou
2439 4516 2549 4555 om.
2575 4499 2642 4555 E.

235 4588 326 4628 22.
362 4572 410 4627 εἰ
431 4589 530 4644 pro
554 4572 603 4627 οἰ
629 4572 695 4629 Ε.
1127 4571 1214 4627 26.
1248 4571 1396 4644 ἶχσε
1421 4569 1487 4625 Ε.
1512 4569 1656 4639 ἕξετε
1680 4568 1784 4625 Ed.
