3238 5158
198 343 585 431 xvii.9-11.
632 345 750 410 IN
794 346 864 411 S.
897 347 1412 414 JOANNEM.
1502 348 1702 416 LIB.
1732 348 1852 414 XI.
1945 348 2151 415 CAP.
2171 346 2374 413 VIII.
2480 347 2610 410 689

200 510 333 588 καὶ
365 510 821 612 εὐλογοῦντες
858 513 1131 612 αὐτοὺς,
1170 515 1289 594 καὶ
1323 511 1453 597 τὰς
1488 511 1672 594 κατὰ
1710 509 1931 611 νόμον
1966 513 2244 609 θυσίας,
2277 513 2395 592 καὶ
2428 508 2614 613 πρὸς

198 633 493 717 τούτοις
540 632 642 714 ἔτι
692 635 1159 790 δωροφορίας,
1197 635 1380 717 κατὰ
1414 635 1547 736 τὴν
1581 642 1729 717 τῶν
1763 636 2329 737 διατεταγμένων
2362 667 2606 737 προσ-

194 752 515 857 ἄγοντες
560 756 792 866 τάξιν,
827 758 1003 840 ποτὲ
1051 759 1182 859 μὲν
1232 759 1407 863 ὑπὲρ
1457 762 1844 864 ἁμαρτιῶν,
1875 759 2051 841 ποτὲ
2105 758 2182 840 δὲ
2237 762 2355 840 καὶ
2407 792 2614 863 χαρι-

199 879 482 984 στήρια
534 882 627 963 τὰ
679 884 792 991 ἐφ’
843 918 949 968 οις
1004 885 1082 964 εὖ
1134 883 1487 969 παθόντες
1531 883 1806 990 ᾔδεσαν
1853 883 2054 988 παρὰ
2099 889 2313 966 Θεοῦ.
2395 885 2438 963 5
2493 915 2616 983 γε-

131 1044 172 1105 5
199 1002 359 1104 μὴν
396 1003 574 1109 ὑπὲρ
620 1005 886 1093 τύπους
931 1012 1051 1089 καὶ
1098 1007 1444 1114 σχήματα
1493 1007 1751 1109 νομικά
1799 1008 2208 1116 πεφηνὼς’
2171 1044 2248 1088 εν
2282 1005 2615 1112 ἐσχάτως

199 1136 483 1231 καιροῖς
544 1131 905 1282 ἀρχιερεύς
958 1167 1034 1213 τε
1090 1129 1239 1232 ἅμα
1297 1136 1414 1215 καὶ
1468 1135 1770 1234 μεσίτης
1824 1132 2173 1236 Χριστὸς,
2230 1135 2431 1241 ἐρωτᾷ
2484 1127 2615 1229 μὲν

201 1250 393 1356 ὑπὲρ
447 1253 651 1352 ἡμῶν
700 1258 799 1340 ὡς
851 1255 1251 1358 ανθρωπος,
1299 1264 1933 1364 συμφιλοτιμεῖται
1989 1255 2066 1337 δε
2121 1260 2218 1340 ὡς
2267 1252 2453 1339 Θεὸς
2508 1257 2612 1361 τῷ
2636 1290 2671 1332 e

201 1382 385 1484 Θεῷ
436 1411 554 1457 και
601 1383 860 1502 Πατρὶ,
899 1381 1295 1479 διανέμοντι
1343 1388 1491 1465 τοῖς
1541 1381 1769 1487 ἀξίοις
1820 1378 1913 1460 τὰ
1962 1377 2224 1482 ἀγαθά.
2296 1376 2605 1483 ἐμφανε-

198 1534 455 1580 στατα
511 1498 590 1581 δὲ
641 1512 854 1583 τοῦτο
905 1504 1319 1611 παρέδειξεν
1373 1505 1542 1603 ἡμῖν
1597 1506 1638 1583 5
1697 1509 1997 1589 Παῦλος
2052 1502 2266 1584 εἰπών
2309 1512 2352 1548 “
2381 1498 2614 1603 Χάρις
2703 1521 2736 1622 {²
2751 1507 2865 1621 (gfff-

314 1624 336 1649 C
397 1630 430 1646 Α

104 1656 177 1696 10
205 1632 253 1670 ‘⁴‘
294 1659 465 1723 υμιν
501 1627 617 1705 καὶ
654 1624 893 1730 εἰρήνη
933 1626 1076 1708 ἀπὸ
1113 1633 1307 1709 Θεοῦ
1345 1626 1715 1732 Πατρος
1675 1633 1877 1727 ημῶν
1913 1630 2031 1707 καὶ
2070 1627 2341 1729 Κυρίου
2365 1627 2614 1723 Ἰησοῦ

203 1756 253 1794 “
293 1750 699 1851 Χριστοῦ.”
789 1751 830 1830 5
898 1753 1137 1832 τοίνυν
1194 1753 1496 1856 ἐρωτῶν,
1554 1754 1652 1835 ὡς
1715 1750 2109 1855 ἅνθρωπος,
2167 1746 2614 1846 συνδιανέμει

202 1866 443 1951 πάλιν
490 1875 588 1957 ὦς
648 1872 855 1959 Θεός.
928 1874 1129 1959 ὅσιος
1185 1875 1330 1980 γὰρ
1387 1871 1727 1980 ὑπάρχων
1769 1872 2147 1979 ἀρχιερεὺς,
2189 1869 2483 1971 ἅμωμός
2537 1904 2615 1949 τε

205 1997 335 2075 καὶ
370 1994 651 2096 ἄκακος,
689 2000 824 2104 οὐχ
861 1997 1039 2103 ὑπὲρ
1074 2000 1444 2084 ἀσθενείας
1492 2003 1622 2099 τῆς
1665 2000 1939 2095 ἑαυτοῦ,
1976 1997 2296 2100 καθάπερ
2332 1993 2421 2095 ἦν
2456 1996 2616 2079 ἔθος

204 2126 367 2204 τοῖς
428 2124 755 2224 ἱερᾶσθαι
822 2132 1137 2231 λαχοῦσι
1200 2122 1384 2204 κατὰ
1446 2122 1574 2203 τὸν
1638 2122 1877 2222 νόμον,
1942 2128 2235 2221 μᾶλλον
2299 2118 2376 2200 δὲ
2442 2118 2616 2222 ὑπὲρ

106 2270 179 2327 15
208 2245 584 2347 σωτηρίας
647 2253 794 2327 τῶν
858 2247 1215 2351 ἡμετέρων
1278 2253 1543 2353 ψυχῶν
1602 2245 1857 2328 ἑαυτὸν
1913 2243 2441 2350 προσενεγκὼν,
2500 2246 2617 2323 καὶ
2641 2283 2676 2321 a
2720 2268 2852 2324 967
2871 2266 2951 2321 A.

205 2375 433 2448 τοῦτο
468 2369 794 2479 εισάπαξ
838 2371 956 2453 διὰ
997 2371 1131 2472 τὴν
1165 2373 1369 2472 ἡμῶν
1406 2373 1784 2475 ἁμαρτίαν,
1821 2367 2288 2473 παράκλητος
2324 2367 2617 2469 γέγονεν

209 2490 398 2596 ὑπερ
452 2493 675 2594 ἡμῶν,
714 2505 758 2543 “
785 2530 903 2576 και
963 2494 1176 2581 αὐτὸς
1234 2493 1551 2594 ἱλασμός
1611 2497 1771 2574 ἐστι
1828 2497 1993 2597 περὶ
2050 2499 2196 2572 τῶν
2252 2493 2618 2593 ἁμαρτιῶν
2706 2517 2743 2620 ¹11
2747 2504 2949 2621 8310211·

211 2617 525 2716 “ἡμῶν,
553 2619 739 2701 κατὰ
773 2619 906 2720 τὴν
940 2619 1278 2702 Ἰωάννου
1315 2618 1733 2727 φωνήν·οὐ
1769 2621 1930 2722 περὶ
1964 2625 2109 2697 τῶν
2146 2616 2505 2718 ἡμετέρων
2542 2613 2618 2695 δὲ

210 2739 544 2843 “μόνον,
582 2741 783 2824 ἀλλά
815 2748 931 2824 καὶ
964 2778 1128 2847 περι
1166 2743 1342 2823 ολου
1378 2750 1507 2823 τοῦ
1541 2742 1868 2840 κόσμουῖ

109 2882 186 2924 20
331 2866 624 2946 ”’Ἀλλ
593 2901 770 2952 ισως
808 2871 954 2971 ἐρεῖ
983 2867 1072 2968 δὴ
1123 2867 1413 2951 πάντως
1462 2873 1610 2950 τοῖς
1660 2867 1825 2969 παρ’
1866 2864 2070 2965 ἡμῶν
2106 2899 2213 2949 τις
2247 2863 2621 2947 ἀντιτιθεὶς

209 2987 473 3092 λόγοις
544 2992 661 3071 Ου’
719 2991 864 3095 γὰρ
936 2993 1268 3076 ε’ναντιως
1338 2991 1504 3099 εξει,
1568 2997 1788 3089 βοῶν,
1853 2997 2007 3074 ταῖς
2078 2996 2208 3069 τοῦ
2282 2990 2620 3087 Σωτῆρος

213 3119 499 3221 φωναῖς
545 3113 630 3193 τὸ
680 3116 797 3196 διὰ
842 3124 972 3197 τοῦ
1015 3122 1349 3217 μαθητοῦ
1378 3114 1867 3215 λελεγμένον;
1925 3116 1966 3194 5
2002 3148 2133 3213 μεν
2168 3109 2312 3214 γὰρ
2353 3110 2619 3212 Κύριος

210 3238 426 3338 ἡμῶν
459 3235 748 3338 Ἰησοῦς
803 3242 843 3320 5
898 3240 1248 3345 Χριστὸς,
1293 3239 1678 3345 διαῤῥήδην
1732 3243 1807 3320 ἐν
1861 3238 2136 3321 τούτοις
2191 3231 2620 3333 ἀπαυδήσας

215 3362 554 3468 φαίνεται
590 3364 675 3444 τὸ
713 3363 888 3466 ὑπὲρ
922 3365 1193 3450 παντὸς
1228 3374 1358 3446 τοῦ
1403 3362 1687 3467 κόσμου
1736 3367 1995 3469 χρῆναι
2043 3363 2513 3461 παρακαλεῖν·
2578 3358 2618 3436 5
2645 3370 2689 3435 b

112 3508 188 3569 ²5
216 3486 313 3565 δέ
356 3520 441 3589 γε
498 3487 739 3596 σοφὸς
779 3489 1136 3590 Ἰωάννης,
1182 3493 1393 3597 φησὶ,
1438 3487 1635 3570 πολὺ
1690 3486 1777 3587 δὴ
1834 3485 2109 3571 τούτοις
2168 3484 2251 3564 τὸ
2305 3481 2623 3563 ἐναντίον

214 3609 655 3717 ἐφθέγξατο.
736 3614 820 3693 οὐ
856 3613 1001 3717 γὰρ
1052 3617 1214 3717 περὶ
1267 3614 1508 3714 μόνων
1545 3613 1848 3693 ἔσεσθαι
1883 3607 2353 3711 παράκλητόν
2389 3641 2465 3687 τε
2503 3608 2624 3687 καὶ

218 3731 552 3830 ἱλασμὸν
587 3741 734 3816 τῶν
770 3738 1129 3841 ἡμετέρων
1163 3740 1528 3842 ἁμαρτιῶν
1564 3736 1693 3819 τὸν
1731 3740 2037 3840 Σωτῆρα
2087 3730 2618 3838 διισχυρίζέται,

216 3855 397 3940 ἀλλ’
436 3860 575 3960 ἤδη
610 3864 726 3941 καὶ
763 3866 925 3966 περὶ
973 3863 1243 3948 παντὸς
1297 3872 1425 3943 τοῦ
1473 3860 1781 3962 κόσμου.
1863 3863 1971 3944 τίς
2008 3860 2136 3939 οὖν
2170 3858 2313 3961 ἀρα
2348 3856 2626 3941 τούτοις

215 3983 479 4091 ἕψεται
515 3983 755 4083 λύσις,
790 3984 837 4087 ἢ
873 3993 1027 4072 πῶς
1059 3985 1149 4067 ἀν
1188 3987 1518 4090 φαίνοιτο
1553 3993 1709 4071 ταῖς
1758 3992 1886 4065 τοῦ
1925 3982 2314 4064 Δεσπότου
2350 3987 2625 4087 φωναῖς

113 4146 193 4204 30
216 4109 952 4212 συμπαρομαρτὴσας
1007 4113 1048 4189 5
1107 4109 1459 4210 μαθητὴς,
1518 4109 2029 4211 ἀταλαίπωρον
2083 4112 2323 4187 εἰπεῖν·
2394 4106 2435 4184 5
2493 4102 2625 4201 μὲν

217 4232 368 4337 γὰρ
402 4232 748 4338 μακάριος
771 4233 1133 4335 Ἰωάννης,
1160 4235 1443 4338 ἐπείπερ
1478 4233 1566 4335 ἦν
1588 4235 1928 4318 Ἰουδαῖος
1966 4235 2084 4313 καὶ
2121 4231 2210 4339 ἐξ
2238 4229 2623 4323 Ἰουδαίων,

298 4486 349 4526 2.
386 4471 463 4523 ἔτι
487 4478 830 4553 assumptum
856 4488 922 4525 ex
948 4469 1014 4524 E»
1299 4470 1350 4524 8.
1388 4470 1452 4524 τὸ
1475 4469 1644 4541 ἀγαθὰ
1669 4471 1776 4527 τοῖς
1799 4469 1964 4540 ἀξίοις
1988 4468 2505 4524 Catt.10.
2543 4465 2628 4519 καὶ

223 4540 453 4612 κυρίου
427 4545 570 4611 ημῶν
590 4541 806 4597 inverso
830 4538 1014 4596 ordine
1039 4559 1087 4597 a.
1114 4541 1281 4595 invito
1308 4539 1469 4596 Cord.

310 4642 457 4690 von.
488 4642 568 4688 11.
1401 4643 1510 4704 41·
