3238 5158
201 324 330 390 xvi.
361 326 551 392 8-11.
629 329 743 395 IN
804 329 870 396 S.
920 329 1436 397 JOANNEM.
1530 332 1721 399 LIB.
1771 333 1853 398 X.
1947 333 2154 400 CAP.
2200 333 2296 399 ΙΙ.
2473 333 2602 397 623

202 500 247 537 “
283 493 781 580 πεπίστευκας·
860 493 1195 600 μακάριοι
1235 502 1304 578 οἰ
1358 497 1459 597 μὴ
1509 496 1782 583 ἰδόντες
1831 499 1948 578 καί
2002 497 2602 581 πιστεύσαντες.”

200 616 488 701 δικαίως
533 619 661 697 οὖν
698 618 840 723 ἄρα
891 621 1373 702 δεδικαίωνται
1430 625 1546 701 καὶ
1598 624 1769 727 δίχα
1813 626 1942 721 τῆς
1992 621 2157 707 θέας
2193 627 2259 702 οἰ
2305 621 2604 702 πιστεύ-

200 773 486 837 σαντες,
525 750 653 822 τοῦ
695 743 772 824 δὲ
822 750 966 824 τῶν
1013 745 1197 826 ἴσων
1233 752 1475 851 τυχεῖν
1518 748 1559 826 ὃ
1598 746 1875 847 κόσμος
1932 745 2310 853 ἐξῶλισθε,
2360 744 2493 844 τὴν
2528 746 2606 824 ἐκ

199 864 517 949 πίστεως
565 867 1024 969 δικαιοσύνην
1061 870 1145 951 οὐ
1191 868 1766 974 προσηκάμενος,
1817 869 1989 951 ἀλλ’
2028 864 2410 968 ἐθελοντὴς
2457 875 2604 953 τοῖς
2629 886 2675 952 d

114 1020 166 1082 5
200 988 404 1074 ἰδίοις
438 991 1053 1098 ἐμφιλοχωρήσας
1091 1000 1358 1078 κακοῖς.

320 1115 604 1195 Εἰδέναι
654 1116 882 1220 γεμὴν
917 1118 1329 1220 ἀναγκαῖον,
1367 1121 1464 1203 ὧς
1514 1119 1598 1198 οὐ
1649 1116 1834 1199 κατὰ
1881 1118 2124 1218 μόνων
2158 1118 2525 1198 Ἰουδαίων
2560 1117 2608 1217 ἡ

200 1243 353 1317 τῶν
389 1239 647 1341 ἀρτίως
683 1241 852 1339 ἡμῖν
887 1240 1273 1345 εἰρημένων
1308 1241 1628 1346 ἐλέγχων
1664 1242 1836 1328 δυάς
1873 1242 1991 1323 διὰ
2032 1251 2161 1323 τοῦ
2200 1238 2600 1346 Παρακλή·

200 1394 337 1442 του
391 1361 790 1465 γενήσεται,
829 1363 1012 1446 κατὰ
1065 1363 1335 1451 παντὸς
1375 1364 1449 1446 δὲ
1502 1373 1796 1466 μᾶλλον
1841 1366 2223 1470 ἀνθρώπου
2276 1373 2611 1467 σκληροῦ

201 1519 286 1565 τε
341 1490 457 1566 καὶ
512 1489 869 1573 ἀπειθοῦς·
948 1490 1284 1590 σημαίνει
1336 1486 1469 1588 μὲν
1512 1487 1659 1594 γὰρ
1702 1490 1748 1590 ἡ
1793 1499 1922 1570 τοῦ
1978 1486 2261 1589 κόσμου
2315 1522 2603 1590 προση·

74 1653 174 1696 10
205 1610 440 1714 γορία,
496 1614 615 1691 καὶ
669 1611 796 1693 τὸν
849 1620 1002 1698 ταῖς
1059 1615 1507 1721 φιληδονίαις
1568 1613 2085 1714 ἀκαταλήκτως
2141 1610 2607 1716 ἐγκαλινδού-

203 1770 426 1835 μενον
506 1739 624 1817 καὶ
706 1741 834 1836 τῆς
926 1741 1344 1836 διαβολικῆς
1424 1739 1811 1840 βδελυρίας
1898 1739 2025 1818 οὐκ
2110 1736 2607 1844 ἐξιστάμενον,

204 1861 544 1959 σημαίνει
599 1858 675 1940 δὲ
723 1859 928 1941 οὐδὲν
972 1861 1189 1960 ἧττον
1239 1864 1357 1941 καὶ
1412 1857 1579 1947 τοῦς
1636 1863 1713 1941 ἐν
1746 1865 1962 1942 παντὶ
2018 1870 2122 1969 τῷ
2164 1857 2421 1969 κόσμῳ
2476 1865 2612 1940 διε-

205 1982 671 2086 σπαρμένους
709 2019 786 2064 τε
824 1987 941 2064 καὶ
978 1982 1504 2093 κατῳκηκότας.
1583 1983 1858 2089 γενικὸς
1905 1987 2031 2066 οὖν
2068 1985 2211 2089 ἄρα
2261 1991 2378 2066 καὶ
2431 1983 2614 2065 κατὰ
2638 2026 2674 2069 o

204 2104 506 2189 πάντων
542 2142 583 2187 ο
627 2112 929 2195 διπλοῦς
980 2111 1228 2190 οὑτοσὶ
1275 2144 1676 2215 κεχωρηκεν
1721 2106 2043 2215 ἐ’λεγχος.
2123 2107 2613 2213 σεσαγήνευκε

85 2267 174 2328 ¹5
207 2230 358 2334 γὰρ
387 2233 426 2311 ὁ
455 2231 778 2335 Χριστὸς
814 2235 973 2337 οὐχὶ
1004 2234 1233 2333 μόνην
1266 2231 1397 2333 τὴν
1430 2234 1810 2332 Ἰουδαίαν,
1843 2233 2031 2314 καθὰ
2071 2238 2189 2315 καὶ
2225 2238 2301 2315 ἐν
2338 2237 2614 2340 ἀρχαῖς,

209 2353 269 2456 ἢ
316 2355 540 2455 μόνον
592 2389 679 2438 το
733 2357 1025 2461 σπέρμα
1079 2392 1163 2437 το
1231 2357 1319 2465 ἐξ
1370 2356 1707 2461 Ἰσραὴλ,
1759 2358 1963 2439 ἀλλὰ
2021 2357 2325 2456 σύμπαν
2388 2393 2473 2439 το
2533 2358 2621 2466 ἐξ

206 2477 456 2578 Ἀδὰμ
511 2483 997 2581 διολισθῆσαν
1050 2479 1280 2585 γένος.
1362 2483 1447 2561 οὐ
1490 2479 1634 2585 γὰρ
1671 2485 1786 2562 ἐπὶ
1823 2486 2038 2587 μέρος
2084 2483 2130 2582 ἡ
2168 2479 2395 2589 χάρις,
2440 2482 2612 2563 ἀλλ’

208 2606 330 2711 ἐφ’
371 2604 556 2706 ολην
589 2606 842 2711 γέγονε
876 2605 1009 2707 τὴν
1047 2606 1461 2707 οἰκουμένην
1494 2641 1579 2685 το
1617 2610 1696 2687 ἐκ
1730 2611 1858 2706 τῆς
1892 2608 2205 2693 πίστεως
2241 2606 2543 2711 ἀγαθόν.

330 2729 591 2834 Τρίτος
652 2728 953 2836 ’ἐλεγχος
1019 2729 1136 2812 διὰ
1206 2738 1336 2810 τοῦ
1402 2731 1892 2833 Παρακλήτου
1958 2732 2361 2834 γενήσεται,
2429 2732 2618 2813 καθά

90 2891 185 2934 20
213 2860 451 2961 φησιν
502 2857 542 2934 ὃ
594 2854 874 2958 Σωτὴρ,
914 2856 960 2955 ἡ
1000 2851 1408 2954 δικαιοτάτη
1464 2852 1887 2959 κατάκρισις
1932 2864 2062 2938 τοῦ
2109 2854 2456 2961 ἄρχοντος
2507 2859 2617 2938 τοῦ

216 2980 478 3086 κόσμου
535 2978 782 3061 τούτου.
862 2986 1016 3064 πῶς
1072 2977 1147 3060 δὲ
1196 2979 1334 3080 ἤδη
1388 2976 1615 3059 πάλιν
1671 2975 1717 3079 ἢ
1774 2981 1932 3060 τίνα
1986 2979 2283 3084 τρόπον,
2342 2980 2608 3089 ἐξηγή-

209 3137 466 3200 σομαι.
565 3100 1207 3208 προσμαρτυρήσει
1280 3100 1424 3206 γὰρ
1483 3108 1573 3209 τῇ
1651 3103 1831 3212 δόξῃ
1892 3113 2020 3185 τοῦ
2086 3111 2437 3209 Χριστοῦ,
2498 3110 2615 3187 καὶ
2642 3146 2677 3186 a
2717 3132 2850 3188 922
2871 3130 2951 3186 A.

213 3225 438 3307 αὐτὸν
481 3226 703 3313 ὄντως
752 3227 1136 3335 ἀποδείξας
1186 3225 1360 3307 ὄντα
1410 3224 1538 3306 τὸν
1587 3234 1733 3307 τῶν
1778 3228 1973 3309 ὅλων
2022 3230 2314 3334 Κύρων,
2351 3229 2616 3339 ἐλέγξει

213 3351 325 3433 τὶν
386 3353 654 3459 κόσμον,
705 3355 799 3438 ὡς
854 3350 1424 3453 πεπλανημένον,
1478 3353 1594 3430 καὶ
1651 3351 1779 3432 τὸν
1833 3352 1965 3450 μὲν
2021 3357 2312 3455 ἀληθῶς
2366 3389 2443 3436 τε
2500 3358 2619 3435 καὶ

92 3512 183 3576 25
216 3474 442 3586 φύσει
506 3475 782 3584 ἀφέντα
837 3475 1049 3575 Θεὸν,
1104 3474 1719 3578 προσκυνήσαντα
1774 3476 1851 3555 δὲ
1907 3481 2026 3557 καὶ
2093 3477 2624 3582 λελατρευκότα

215 3605 328 3709 τῷ
381 3598 482 3701 μὴ
538 3599 721 3683 κατὰ
776 3602 1025 3708 φύσιν,
1063 3600 1414 3696 τουτέστι,
1461 3602 1565 3708 τῷ
1609 3606 1919 3707 σατανᾷ.
1997 3599 2201 3703 ἱκανὴ
2244 3600 2390 3706 γὰρ
2429 3600 2624 3701 οἶμαι

216 3722 409 3826 πρὸς
444 3724 529 3805 τὸ
565 3726 789 3810 οὕτως
831 3726 1147 3830 ἔχουσαν
1181 3723 1526 3831 ἐπιδεῖξαι
1563 3722 1696 3823 τὴν
1732 3731 1859 3804 τοῦ
1909 3724 2336 3828 πράγματος
2373 3724 2624 3833 φύσιν,

217 3848 272 3947 ἡ
327 3851 481 3927 κατ’
538 3851 755 3930 αὐτοῦ
812 3849 1155 3952 γενομένη
1221 3849 1481 3952 κρίσις.
1572 3848 1656 3928 οὐ
1711 3845 1855 3955 γὰρ
1911 3847 2001 3928 ἂν
2061 3851 2442 3953 κατεκρίθη
2509 3852 2626 3930 καὶ

217 3973 650 4074 ἠσθένησεν,
687 3973 833 4053 οὐδ’
874 3972 964 4053 ἂν
998 3978 1127 4072 τῆς
1163 3974 1548 4077 θεομαχίας
1596 3970 2043 4076 εἰσεπράχθη
2088 3974 2310 4071 δίκας,
2347 3982 2624 4078 σειραῖς

96 4155 191 4214 30
219 4094 450 4203 ζόφου
502 4096 1147 4201 τεταρταρωμένος,
1187 4097 1385 4201 εἰπερ
1437 4094 1529 4196 ἦν
1584 4094 1807 4201 φύσει
1846 4094 2033 4181 Θεὸς
2085 4095 2170 4176 τὸ
2220 4097 2625 4198 ἀκλόνητον

219 4218 412 4325 ἔχων
462 4221 539 4300 ἐν
588 4256 666 4302 τε
717 4222 924 4327 ἰσχύϊ
972 4225 1090 4302 καὶ
1145 4219 1348 4328 δόξῃ·
1446 4223 1597 4302 νυνὶ
1649 4219 1725 4300 δὲ
1780 4229 2137 4301 τοσοῦτον
2193 4219 2626 4306 ἐλλελοιπὸς
2647 4237 2688 4301 b

2716 3982 2747 4048 Ξ
2770 3969 2821 4017 S.
2843 3968 2958 4019 Pet.

2713 4050 2767 4083 n.
2784 4049 2834 4098 4.

300 4461 355 4512 4.
390 4445 482 4513 τῆς
507 4443 608 4515 (εἰσ
629 4462 730 4517 pro
752 4444 925 4515 more)
952 4444 1017 4499 Ε.
1323 4460 1406 4511 14.
1442 4441 1627 4497 ουτοσὶ
1651 4442 1718 4497 Ε.
1743 4441 1939 4499 οὕτωσ-ἱ
1962 4441 2068 4499 Ed.
2377 4459 2465 4514 23·
2504 4441 2629 4497 ὄντα

224 4523 575 4604 mnumptum
598 4532 663 4569 ex
689 4515 757 4570 E.
1123 4526 1176 4582 5.
1290 4512 1670 4583 οσκυνῆσαντες
1697 4512 1763 4568 Ε.
2103 4512 2297 4569 26-28.
2334 4512 2386 4567 A
2410 4513 2536 4567 κατὰ
2559 4511 2628 4566 ad

226 4583 338 4640 κατ’
363 4586 596 4640 transilit
622 4585 686 4641 Ε.
710 4530 1121 4655 nath—carauni,
1131 4584 1255 4641 exhi
1324 4593 1385 4639 nt
1410 4582 1661 4639 Catenae.
1992 4600 2079 4655 31.
2116 4607 2174 4640 τε
2201 4584 2267 4639 Ε.
2290 4587 2354 4654 τῇ
2381 4581 2484 4638 Ed.
