3238 5158
235 327 371 393 xiii.
401 330 504 415 36.
808 331 922 395 IN
983 332 1050 397 S.
1099 332 1647 408 JOANNEM„
1708 334 1901 399 LIB.
1950 334 2070 398 IX.
2507 332 2637 398 393

241 487 535 576 δύνασαί
595 532 713 600 μοι
751 500 879 589 ,νῦν
941 496 1418 592 ἀκολουθῆσαι,
1481 496 1952 593 ἀκολουθήσεις
2015 494 2086 579 δὲ
2152 497 2423 603 ὕστερον.
2522 498 2639 576 καὶ

239 617 488 717 διττὴν
523 621 564 698 ὁ
604 618 827 723 λόγος
864 623 1092 703 ὠδίνει
1139 622 1273 724 τὴν
1310 624 1608 704 ἔννοιαν·
1671 620 1773 702 ὧν
1809 624 1854 723 ἡ
1905 620 2034 723 μὲν
2067 623 2197 722 μία
2244 655 2631 726 προχειρο-
2663 625 2706 688 b

239 741 423 845 τάτη
488 750 604 825 καὶ
671 748 840 826 λίαν
893 746 1245 851 εὐτριβὴς,
1300 747 1762 856 ἀφανεστέρα
1817 749 1904 827 δέ
1946 782 2101 832 πως
2155 747 2200 846 ἡ
2258 747 2464 850 ἑτέρα
2519 748 2637 825 καὶ

241 869 320 947 ἐν
379 871 779 972 αἰνίγμασι.
888 870 1160 978 φάσκει
1224 871 1356 972 μὲν
1416 871 1583 975 γὰρ,
1650 875 1745 955 ὡς
1810 873 1937 951 οὐκ
2008 869 2099 951 ἀν
2160 870 2447 951 δύναιτο
2511 877 2638 949 νῦν
2732 925 2741 950 2

169 1019 212 1080 5
243 994 665 1075 ἀκολουθεῖν
699 994 884 1098 πρὸς
927 994 1011 1075 τὸ
1060 995 1210 1076 ἀνω
1244 993 1606 1097 βαδίζοντι
1644 1000 1761 1075 καὶ
1805 998 2413 1098 παλινδρομοῦντι
2454 992 2640 1098 πρὸς

241 1115 569 1220 οὐρανόν·
649 1118 1134 1220 ἀκολουθήσει
1186 1119 1415 1222 γεμὴν
1458 1120 1638 1221 μετὰ
1679 1128 1927 1218 ταῦτα,
1968 1118 2640 1219 ἀποκαθισταμένης

241 1242 581 1340 δηλονότι
629 1251 779 1329 τοῖς
828 1245 1063 1398 ἁγίοις
1103 1244 1304 1349 παρὰ
1348 1250 1682 1349 Χριστοῦ
1729 1249 1859 1345 τῆς
1905 1247 1982 1324 ἐν
2017 1246 2266 1325 ἐλπίσι
2309 1249 2517 1345 τιμῆς
2559 1277 2639 1323 τε

242 1368 362 1444 καὶ
398 1364 711 1474 δόξης,”’
672 1404 788 1449 οτε
839 1375 935 1452 εἷς
983 1368 1117 1468 τὴν
1152 1368 1303 1450 ἀνω
1353 1368 1787 1471 γενήσονται
1821 1368 2062 1466 πόλιν,
2100 1370 2216 1448 καὶ
2251 1376 2626 1468 συμβασι-

243 1490 643 1572 λεύσουσιν
679 1493 899 1599 αὐτῷ.
978 1493 1312 1593 σημαίνει
1350 1494 1437 1572 δέ
1464 1528 1534 1573 τι
1568 1528 1751 1597 προς
1785 1491 2017 1600 τούτῳ
2060 1494 2177 1572 καὶ
2222 1492 2513 1597 ἕτερον,
2520 1494 2639 1573 καὶ

129 1653 218 1692 ιο
243 1620 476 1712 ποῖον,
497 1617 651 1716 ἐρῶ.
711 1619 910 1698 οὔπω
946 1616 1081 1718 τὴν
1117 1617 1207 1723 ἐξ
1238 1618 1472 1722 ὕψους
1509 1605 1977 1715 ἐνδυσάμενοι
2013 1614 2334 1715 δυναμιν,
2357 1616 2515 1696 οὐδὲ
2549 1615 2635 1697 τὸ
2660 1649 2696 1693 ο

246 1737 579 1842 ἐνισχύων
615 1739 869 1827 αὐτους
918 1745 1035 1822 καὶ
1083 1776 1183 1826 εις
1225 1743 1554 1844 ἀνδρείαν
1588 1740 2054 1821 ἀναπλάττον
2089 1739 2222 1840 τὴν
2255 1740 2637 1843 ἀνθρώπου

245 1860 479 1965 φύσιν
513 1864 1000 1966 κομισάμενοι,
1043 1866 1341 1963 Πνεῦμά
1384 1871 1572 1973 φημι
1628 1863 1716 1964 δὴ
1771 1863 1854 1944 τὸ
1898 1863 2184 1965 ”Αγιον,
2220 1865 2356 1969 οὐχ
2391 1863 2534 1944 οἷοί
2560 1899 2637 1945 τε

241 1984 438 2087 ἦσαν
492 1988 807 2069 θανάτου
870 1990 1498 2093 καταγωνίζεσθαι,
1556 1991 1671 2069 καὶ
1728 1997 1875 2073 τοῖς
1929 1992 2114 2069 οὕτω
2171 1989 2641 2089 δυσαντήτοις

2725 1603 2776 1654 S.
2795 1606 2920 1655 Luc.

2725 1671 2863 1721 xxiv.
2874 1683 2957 1736 49.

242 2114 896 2194 ἀνταποδύσασθαι
958 2116 1308 2214 δείμασιν.
1414 2111 1506 2214 ἦν
1568 2113 1717 2216 γὰρ
1779 2119 1896 2195 καὶ
1953 2114 2204 2198 ἄλλως
2267 2113 2639 2210 ἀπίθανον,

129 2274 158 2313 1
177 2269 214 2329 5
242 2235 443 2345 μόνῳ
497 2238 896 2340 πρέποντος
950 2241 1066 2319 καὶ
1121 2239 1596 2342 τετηρημένον
1656 2244 1759 2347 τῷ
1814 2242 2096 2341 Σωτῆρι
2148 2243 2454 2344 Χριστῷ
2511 2246 2640 2317 τοῦ

243 2361 673 2464 συνθραύειν
728 2364 1084 2443 δύνασθαι
1138 2371 1267 2443 τοῦ
1322 2362 1636 2443 θανάτου
1689 2361 1773 2442 τὸ
1829 2360 2111 2467 κράτος,
2164 2361 2441 2465 ἐτέρους
2494 2359 2640 2464 πρὸ

245 2486 464 2565 αὐτοῦ
501 2494 715 2566 τοῦτο
752 2491 1068 2591 δρῶντας
1104 2488 1439 2591 ὁρᾶσθαι.
1519 2484 1605 2567 τὸ
1644 2485 1788 2591 γὰρ
1830 2485 1930 2588 μὴ
1977 2487 2642 2586 καταδειμαίνεσθαι

247 2610 580 2708 θάνατον,
615 2611 693 2691 τί
723 2609 812 2690 ἂν
847 2612 1087 2715 ἕτερον
1123 2612 1229 2713 εἴη
1273 2611 1513 2717 τυχὸν,
1551 2610 1597 2713 ἢ
1650 2611 1962 2692 θανάτου
2011 2616 2504 2717 καταφρονεῖν,
2543 2612 2639 2695 ὡς
2664 2623 2707 2689 d

247 2733 449 2813 οὐδὲν
496 2738 758 2815 ἀδικεῖν
804 2736 1228 2841 ἶσχύοντοςς
1301 2736 1419 2817 διά
1471 2771 1583 2817 τοι
1638 2745 1876 2834 τοῦτο,
1921 2733 2104 2815 κατά
2159 2768 2241 2836 γε
2298 2731 2426 2814 τὸν
2476 2735 2642 2833 ἡμέ-

132 2898 222 2938 20
248 2890 457 2960 τερον
520 2867 705 2956 νοῦν,
765 2861 881 2940 καὶ
944 2863 1145 2940 αὐτοὶ
1210 2863 1681 2967 κατέφριττον
1747 2865 1815 2940 οἱ
1875 2857 2210 2961 μακάριοι
2273 2862 2642 2963 προφῆται

246 2982 654 3084 προσιόντα
725 2982 854 3065 τὸν
918 2982 1251 3085 θάνατον,
1311 2990 1407 3071 ὡς
1471 2988 1671 3066 οὔπω
1737 2984 2276 3087 κατηργημε’νον
2339 2979 2455 3073 διὰ
2515 2985 2642 3080 τῆς

248 3104 723 3192 ἀναστάσεως
783 3118 912 3189 τοῦ
965 3115 1323 3214 Χριστοῦ.
1421 3108 1651 3215 ὀρθὼς
1712 3108 1787 3189 δὲ
1846 3117 2059 3189 τοῦτο
2116 3109 2354 3189 συνεὶς
2419 3107 2536 3185 καὶ
2600 3108 2641 3184 ὁ

252 3236 552 3316 Παῦλος
610 3232 753 3339 ἔφη
806 3232 935 3313 τὸν
974 3236 1051 3313 ἐκ
1100 3240 1294 3314 Θεοῦ
1338 3232 1631 3337 Πατρὸς
1680 3239 1798 3313 καὶ
1849 3235 1925 3312 ἐν
1960 3237 2128 3339 Θεῷ
2174 3230 2348 3311 ὄντα
2392 3227 2641 3331 Λόγον

245 3385 665 3458 σπερματος
701 3355 1047 3460 Ἀβραὰμ
1095 3355 1641 3465 ἐπιδράξασθαι,
1679 3359 1795 3438 ἵνα
1839 3355 1956 3437 διὰ
1999 3364 2128 3438 τοῦ
2163 3353 2474 3435 θανάτου
2511 3359 2639 3453 τῆς
2729 3364 2866 3480 3301}
2891 3365 2946 3416 ii·

134 3509 218 3568 ²5
245 3479 457 3580 ἁγίας
528 3480 802 3585 σαρκὸς
876 3483 1304 3587 καταργήσῃ
1375 3480 1503 3561 τὸν
1567 3482 1900 3580 θάνατον,
1966 3491 2012 3529 “
2045 3484 2162 3561 καὶ
2235 3475 2638 3586 ἀπαλλάξῃ
2728 3469 2810 3547 lb:
2832 3450 2911 3560 12:

246 3613 292 3650 ‘⁶
327 3603 622 3688 τούτους
682 3603 847 3684 ὅσοι
904 3603 1118 3756 φόβῳ
1173 3605 1486 3686 θανάτου
1541 3605 1658 3685 διὰ
1712 3604 1980 3689 παντὸς
2033 3613 2162 3685 τοῦ
2217 3603 2352 3708 ζῆν
2407 3603 2640 3708 ἔνοχοι

248 3725 524 3827 “ἦσαν
561 3730 956 3814 δουλείας.”
1014 3729 1266 3833 πρώτη
1315 3728 1462 3832 γὰρ
1515 3730 1829 3810 θανάτου
1877 3731 2093 3814 λύσις
2146 3728 2230 3810 τὸ
2280 3728 2641 3831 σωτήριον
2665 3754 2700 3796 e

244 3851 496 3948 πάθος,
535 3885 650 3931 και
702 3850 891 3957 ἀρχὴ
942 3860 1090 3938 τοῖς
1140 3855 1368 3956 ἁγίοις
1416 3859 1542 3953 τῆς
1593 3853 1747 3934 κατ’
1786 3855 2004 3933 αὐτοῦ
2051 3888 2344 3955 γεγονεν
2380 3854 2632 3933 εὐτολ-

247 3976 416 4073 μίας
479 3975 526 4076 ἡ
593 3974 1003 4062 ἀνάστασις
1065 3986 1194 4057 τοῦ
1253 3981 1611 4080 Χριστοῦ.
1718 4013 1918 4058 ουπω
1983 3979 2221 4057 τοίνυν
2281 4010 2642 4080 καταργη-

135 4136 221 4194 3ο
245 4097 493 4199 σάσης
548 4098 676 4179 τὸν
727 4099 1037 4181 θάνατον
1082 4106 1211 4201 τῆς
1267 4100 1452 4182 κατὰ
1506 4101 1736 4209 φύσιν
1785 4100 1985 4205 ζωῆς,
2037 4100 2215 4200 μήτε
2269 4098 2414 4199 μὴν
2460 4135 2639 4181 συν-

245 4223 676 4327 θραυσάσης
712 4223 841 4305 τὸν
876 4225 962 4331 ἐξ
1007 4226 1223 4306 αὐτοῦ
1269 4232 1424 4309 ταῖς
1471 4224 1838 4328 ἡμετέραις
1889 4228 2161 4329 ψυχαῖς
2198 4223 2641 4323 ἐμπίπτοντα

319 4456 368 4497 1.
401 4462 492 4510 μοι
518 4441 584 4496 Ε.
613 4440 908 4514 Mignequ
932 4440 1078 4503 Aub.
1256 4455 1310 4513 5.
1346 4442 1795 4511 παλινδρομοῦντα
1820 4441 1885 4496 Ε.
2063 4442 2115 4496 8.
2153 4439 2267 4511 ὅτε]
2299 4445 2358 4506 -Ι-
2388 4440 2473 4493 καὶ
2498 4439 2640 4493 Catt.

241 4528 311 4638 22
318 4514 464 4638 .brof›
488 4514 548 4567 τὸ
573 4512 637 4568 Ε.
877 4527 964 4584 25.
1000 4513 1292 4584 ἀπαλλάξει
1316 4513 1382 4568 Ε.
1596 4528 1687 4583 31.
1725 4512 2043 4582 ἐμπίπτοντα
2068 4512 2131 4568 Ε.
2160 4512 2364 4584 Migne.
2391 4511 2644 4580 ἐμπίπτον

295 4601 332 4639 u

327 4682 472 4729 τοι..
505 4684 581 4728 11.
1396 4686 1435 4752 3
1467 4686 1505 4729 n
