3238 5158
229 347 460 433 ix.6,7.
567 354 677 418 IN
737 356 805 419 S.
854 356 1369 421 JOANNEM.
1459 357 1651 423 LIB.
1685 358 1805 423 VI.
1896 359 2102 424 CAP.
2150 361 2206 424 Ι.
2459 362 2580 423 155

140 542 151 547 ·
228 520 521 598 συνιδεῖν.
596 522 691 603 ὡς
743 519 975 600 ἕωλον
1017 521 1430 627 ἀνατρέψας
1485 520 1616 621 τὴν
1665 523 2026 604 Ἰουδαίων
2070 523 2428 620 ὑπόνοιαν,
2465 527 2583 604 καὶ

226 646 494 740 σαθροῖς
549 644 1105 749 ἐναφραίνοντας
1163 645 1545 752 ἀποδείξας
1606 645 1957 749 δόγμασι,
2017 647 2583 747 συμβουλεύσας

224 794 291 840 τε
337 772 475 849 τοῖς
527 769 776 847 ἑαυτοῦ
827 773 1180 868 μαθηταῖς
1235 768 1345 848 ὅτι
1397 771 1660 873 πρέποι
1711 778 2004 870 μᾶλλον
2050 769 2304 856 αὐτοὺς
2358 770 2576 875 ἔργά-

224 884 440 986 ζεσθαι
494 895 733 996 φιλεῖν
780 891 874 971 τὰ
929 897 1279 972 δοκοῦντα
1327 898 1514 1000 Θεῷ,
1558 897 1677 973 καὶ
1733 898 2126 993 ἀπομαθεῖν
2172 894 2585 995 ἐπείγεσθαι

170 1007 294 1088 5τὸ
318 1010 532 1113 ζητεῖν
552 1013 740 1099 ὅλως
776 1013 862 1096 τὸ
900 1018 1351 1119 ὑπερτεροῦν,
1377 1017 1888 1118 καταπτοήσας
1923 1019 2009 1099 δέ
2032 1053 2186 1102 πως
2223 1021 2319 1102 ὡς
2354 1053 2576 1122 παρε-

220 1131 413 1215 λάσει
472 1140 790 1240 δρῶντας
853 1139 1057 1220 οὐδὲν
1120 1142 1162 1219 ὃ
1221 1147 1366 1220 τῶν
1424 1139 1658 1243 ἔργων
1714 1139 1986 1245 καιρὸς,
2048 1148 2107 1222 εἰ
2170 1139 2272 1242 μὴ
2329 1150 2581 1223 πᾶσαν
2603 1175 2640 1216 a
2695 1160 2823 1216 601
2840 1160 2922 1216 A.

217 1266 506 1340 ποιοῖντο
548 1262 880 1361 σπουδὴν
916 1268 1014 1348 εἷς
1060 1260 1146 1344 τὸ
1197 1262 1436 1343 θέλειν
1473 1266 1886 1363 εὐδοκιμεῖν,
1927 1269 2023 1350 ὡς
2072 1264 2258 1346 εἰσὶν
2292 1268 2368 1346 ἐν
2403 1271 2582 1374 τῷδε

217 1385 307 1487 τῷ
360 1382 610 1493 κόσμῳ
672 1383 853 1485 μετὰ
914 1384 1208 1489 σαρκὸς,
1273 1385 1527 1468 ἑαυτὸν
1584 1393 1682 1472 εἱς
1747 1389 1980 1469 εἰκόνα
2042 1388 2398 1486 λαμβάνει
2457 1399 2586 1471 τοῦ

215 1502 640 1608 πράγματος.
723 1508 876 1590 ἰδοὺ
911 1509 1056 1614 γὰρ
1093 1509 1317 1612 κάγὼ,
1355 1514 1568 1618 φησὶ,
1602 1510 1689 1592 τὸ
1734 1513 2015 1619 ἐμαυτῷ
2053 1512 2328 1615 πρέπον
2363 1511 2582 1616 ἐργά-

134 1651 194 1692 10
215 1627 418 1730 ζὸμαι,
455 1636 571 1711 καὶ
610 1634 894 1737 ἐπείπερ
940 1637 1255 1740 ἀφῖγμαι
1301 1635 1648 1740 φωτίσων
1683 1633 1777 1714 τὰ
1809 1636 1885 1715 ἐν
1921 1638 2148 1742 ἐνδείᾳ
2184 1633 2450 1741 φωτὸς,
2486 1639 2598 1716 δεῖ

213 1785 292 1850 με
334 1758 445 1834 καὶ
493 1764 644 1840 τοῖς
694 1765 825 1837 τοῦ
875 1757 1216 1855 σώματος
1267 1759 1700 1864 ὀφθαλμοῖς,
1738 1764 1798 1837 εἰ
1849 1756 2090 1863 φωτὸς
2141 1766 2421 1840 νοσοῖεν
2456 1758 2592 1860 τὴν

215 1877 549 1978 ἀπευκτὴν
613 1882 930 1983 ἐρημίαν,
994 1880 1347 1985 ἐνοικίζειν
1409 1879 1496 1962 τὸ
1561 1889 1743 1990 φῶς,
1810 1882 1984 1963 ὅταν
2045 1881 2377 1982 μάλιστα
2447 1890 2593 1964 τῶν

211 2002 660 2083 πεπονθότων
701 2006 1078 2106 προσίωσί
1126 2039 1328 2088 τινες.

309 2125 836 2235 Ἐκληψὸμεθα
887 2136 1270 2231 τοιγαροῦν
1319 2129 1886 2233 ὶστορικώτερον,
1923 2133 2041 2211 καὶ
2096 2134 2193 2216 ὡς
2249 2133 2326 2211 ἐν
2376 2133 2593 2237 ἁπλῷ
2697 2138 2702 2145 ’

129 2265 188 2326 ¹5
212 2244 398 2356 λόγῳ
431 2249 516 2330 τὸ
561 2250 954 2354 εἰρημένον·
1022 2250 1133 2332 ὅτι
1182 2249 1326 2355 γάρ
1378 2255 1537 2331 ἐστι
1588 2257 1704 2333 καὶ
1758 2260 1914 2359 φῶς
1965 2254 2221 2354 νοητὸν
2258 2256 2299 2334 ὁ
2339 2261 2584 2335 Μονο-
2615 2268 2659 2334 b

211 2370 402 2472 γενὴς
452 2373 970 2480 καταφωτίᾷιν
1013 2373 1214 2459 εἰδὼς
1261 2377 1379 2456 καὶ
1433 2374 1840 2476 δυνάμενος,
1878 2378 1962 2458 οὐ
2011 2376 2104 2459 τὰ
2150 2380 2226 2459 ἐν
2262 2381 2442 2486 τῷδε
2490 2383 2593 2485 τῷ

210 2493 447 2606 κόσμῳ
500 2498 749 2600 μόνον,
810 2497 1014 2578 ἀλλὰ
1075 2502 1192 2578 καὶ
1254 2497 1387 2600 τὴν
1446 2499 1691 2602 ἄλλην
1748 2500 2046 2583 ἅπασαν
2108 2499 2596 2607 ὑπερκόσμιον

210 2623 454 2721 κτίσιν,
491 2625 625 2702 οὐκ
672 2622 1123 2730 ἀμφίβολον·
1184 2621 1366 2727 πρὸς
1417 2624 1494 2706 δὲ
1543 2623 1677 2724 τὴν
1721 2632 1865 2706 τῶν
1913 2627 1989 2706 ἐν
2032 2629 2245 2732 χερσὶ
2294 2628 2597 2728 θεωρίαν

210 2743 329 2844 τὴν
371 2750 448 2826 ἐκ
505 2755 656 2828 τῶν
704 2748 1177 2847 λαλουμένων
1231 2747 1549 2829 διάνοιαν
1601 2747 2192 2855 συναρμόζοντες,
2237 2752 2366 2830 οὐκ
2420 2750 2590 2831 ἀπί-

127 2893 190 2935 20
209 2872 412 2952 θανον
448 2869 656 2973 οἶμαί
681 2906 750 2952 τι
788 2875 1096 2976 δρῶντες
1130 2870 1598 2973 ἁλωσόμεθα.

209 3137 416 3207 Ταῦτα
455 3139 666 3208 εἰπὼν
702 3142 940 3208 ἓπτυσε
977 3143 1195 3230 χαμαὶ,
1234 3143 1341 3207 καὶ
1377 3141 1650 3208 ἐποίησε
1687 3142 1901 3209 πηλὸν
1937 3142 2012 3206 ἐκ
2051 3146 2163 3207 τοῦ
2204 3143 2595 3221 πτύσματος,
2625 3154 2661 3210 6

300 3267 403 3331 καὶ
439 3268 785 3357 ἐπέχρισεν
823 3269 1023 3333 αὐτοῦ
1058 3268 1174 3335 τὸν
1213 3269 1424 3335 πηλὸν
1461 3267 1572 3332 ἐπὶ
1621 3268 1775 3334 τοὺς.
1812 3267 2219 3355 ὀφθαλμοὺς,
2258 3266 2364 3331 καὶ
2412 3259 2594 3332 εἶπεν
2626 3286 2658 3350 7

299 3394 475 3477 αὐτῷ
516 3394 764 3468 ’ΥπαΓε
812 3393 995 3473 νίψαι
1045 3390 1141 3459 εἰς
1186 3400 1301 3459 τοῦ
1340 3394 1616 3470 Σιλωὰμ
1657 3394 1772 3460 τήν
1812 3394 2285 3483 κολυμβήθραν,
2323 3394 2360 3460 ὅ
2397 3394 2597 3483 ἑρμκ-
2623 3425 2659 3469 0

298 3520 556 3585 νεύεται
616 3520 1134 3595 ἀπεσταλμένος.
1224 3520 1520 3586 ἀπῆλθεν
1578 3515 1692 3586 οὖν
1752 3521 1859 3585 καὶ
1913 3520 2208 3602 ἐνίψατο,
2268 3520 2374 3585 καὶ
2437 3514 2598 3585 ἦλθε

131 3641 189 3701 ²5
301 3644 587 3721 βλέπων.

312 3831 438 3911 Εἰς
505 3824 738 3907 τύπον
800 3829 927 3926 τῆς
990 3831 1134 3905 τῶν
1201 3828 1426 3905 ἐθνῶν
1482 3824 1816 3926 κλήσεως
1877 3826 2010 3927 τὴν
2076 3829 2190 3906 ἐπὶ
2254 3830 2434 3934 τῷδε
2499 3831 2603 3933 τῷ

210 3956 460 4057 τυφλῷ
549 3950 929 4052 θεραπείαν
1004 3947 1600 4056 παραδεξάμενοι,
1676 3949 1904 4030 πάλιν
1985 3952 2281 4052 ἐροῦμεν
2353 3953 2445 4033 ὡς
2529 3951 2604 4029 ἐν

211 4075 562 4178 βραχέσιν
641 4072 1379 4181 ἀνακεφαλαιούμενοι
1453 4082 1581 4154 τοῦ
1668 4073 2069 4176 μυστηρίου
2148 4072 2278 4153 τὸν
2349 4070 2596 4175 λόγον.

277 4327 325 4366 2.
362 4310 775 4395 συμβουλεύσας
796 4332 854 4365 τε
881 4310 946 4367 Β.
972 4309 1480 4382 συμβουλεύσασθαι
1508 4310 1691 4366 Holst.
1710 4310 1855 4365 unde
1879 4309 1984 4366 Ed.
2005 4310 2098 4382 qui
2121 4309 2526 4380 συμβουλεύσας
2550 4309 2608 4364 δὲ

212 4379 263 4434 in
284 4384 427 4438 notin
451 4382 689 4455 conjicit.
993 4397 1042 4454 7.
1079 4385 1254 4438 ποιίτο
1282 4383 1347 4438 Β.
1372 4384 1572 4437 nouis-o
1600 4383 1699 4437 Ht.
1723 4384 1954 4437 ποιοῖντο
1977 4381 2280 4435 emendavit
2302 4389 2365 4436 ut
2387 4380 2608 4435 adnotat

213 4449 319 4521 {poe
339 4454 831 4511 Aah-12.
866 4453 1129 4527 ἀφουκτὴν
1151 4472 1199 4509 ο.
1442 4454 1525 4507 18.
1562 4452 1868 4525 ἀμφίβολον
1893 4452 1958 4507 Β.
1982 4451 2350 4542 ἀναμφίβολον
2378 4451 2476 4506 Ht.
2501 4450 2605 4505 Ed.

212 4522 468 4591 τὴν-θεῶ
506 4524 590 4579 ίαν
614 4523 682 4579 Β.
707 4525 1032 4596 τῇ-θεωρίᾳ
1058 4524 1160 4580 Ht.
1184 4526 1247 4594 τῇ
1273 4523 1474 4579 omittit
1497 4522 1644 4580 Aub.
1935 4538 2022 4577 22.
2058 4520 2392 4594 ὀφθαλμοὺς]
2426 4528 2483 4582 -Ι-
2514 4524 2609 4576 τοῦ

214 4595 412 4664 τυφλοῦ
535 4595 815 4652 ,ἰπτὶιοΒ
1050 4595 1137 4653 26.
1173 4597 1263 4665 τῆς
1286 4612 1394 4649 om.
1421 4593 1567 4650 Aub.

1345 4696 1462 4745 12
