3238 5158
591 337 723 400 256
1201 336 1280 401 B.
1330 287 1759 401 'CYRILLI
1819 331 2401 400 ALEXANDR.
2660 352 2721 394 x.
2751 348 2991 416 33⁸qq·

490 554 566 612 33
663 532 826 623 Περὶ
880 537 1082 598 καλοῦ
1126 533 1322 623 {prou
1375 533 1452 598 οὐ
1506 535 1849 625 λιθάζομέν
1904 557 1997 615 σε,
2049 533 2222 599 ἀλλὰ
2275 529 2426 620 περὶ
2479 526 2920 618 βλασφημίας.

256 706 405 820 {2⁰¹³-
431 723 481 757 ¹·
694 695 1046 804 Ἔχοντες
1082 709 1126 746 “
1149 699 1384 802 ζῆλον
1421 704 1637 798 Θεοῦ,
1675 700 1844 778 ἀλλ’
1887 699 1970 779 οὐ
2009 698 2162 779 κατ’
2192 694 2643 798 ἐπίγνωσιν,”
2681 688 2996 794 ἠγανάκ-

257 811 425 902 s'upm
596 856 767 902 τουν
801 822 1177 907 ἀκούοντες
1229 831 1358 903 τοῦ
1396 827 1731 927 Χριστοῦ
1782 821 2120 926 λέγοντος
2158 833 2200 869 “
2227 819 2428 924 Ἐγὼ
2479 822 2592 899 καὶ
2646 819 2686 898 5
2734 814 2995 919 Πατὴρ

255 919 467 967 ver.30.
599 956 643 993 “
678 946 754 1025 ἕν
808 949 1096 1046 ε’σμεν.”
1178 948 1256 1028 τί
1305 946 1449 1050 γὰρ
1504 945 1589 1028 τὸ
1647 946 1930 1028 κωλύον
1986 944 2205 1026 αὐτὸν
2258 942 2434 1025 εἶναι
2491 943 2567 1024 ἓν
2619 939 2802 1045 πρὸς
2863 938 2995 1020 τὸν

537 1104 572 1148 e
601 1067 916 1172 Πατέρα,
952 1071 1147 1173 ε’ίπερ
1182 1073 1622 1152 ἐπίστευσαν
1659 1073 1770 1151 ὅτι
1806 1067 1987 1154 Θεὸς
2035 1067 2125 1169 ἦν
2162 1067 2343 1149 κατὰ
2391 1067 2666 1174 φύσιν;
2729 1063 2839 1144 διὸ
2874 1067 2991 1144 καὶ
3024 1087 3063 1148 5

595 1195 908 1297 λιθάζειν
956 1194 1173 1275 αὑτὸν
1222 1196 1647 1300 ἐπεχείρουν,
1695 1199 1810 1276 καὶ
1864 1192 2440 1296 ἀπολογούμενοι
2496 1193 2579 1270 δι’
2620 1188 2711 1290 ἣν
2760 1187 2994 1268 αἰτίαν

588 1327 804 1401 τοῦτο
856 1320 1167 1417 ἐποίουν,
1222 1323 1474 1427 φασὶν,
1533 1319 1644 1400 ὅτι
1699 1321 1833 1424 οὐχ
1888 1319 2119 1399 ἕνεκεν
2175 1314 2278 1397 ὦν
2332 1317 2678 1415 ἐποίησας
2739 1318 2993 1392 καλῶν

587 1442 940 1554 λιθάζομέν
999 1480 1097 1540 τε,
1151 1450 1321 1524 ἀλλ’
1375 1443 1485 1524 ὅτι
1538 1447 2028 1551 βλασφημεῖς·
2100 1444 2299 1523 αὐτοὶ
2353 1444 2430 1521 ἐκ
2485 1447 2615 1520 τοῦ
2668 1436 2988 1518 ἐναντίου

592 1574 1238 1676 βλασφημοῦντες,
1300 1569 1384 1648 δι’
1443 1564 1546 1648 ὦν
1598 1566 1866 1668 ἤθελον
1922 1566 2237 1669 λιθάζειν
2292 1563 2419 1646 τὸν
2473 1564 2648 1645 ὄντα
2701 1564 2994 1661 ἀληθῶς

597 1692 809 1791 Θεὸν,
839 1696 1261 1796 ἀγνοοῦντες
1300 1693 1409 1773 ὅτι
1446 1694 1530 1771 οὐ
1567 1698 1807 1798 γυμνῇ
1843 1699 1932 1799 τῇ
1971 1689 2252 1792 θεότητι
2290 1691 2593 1790 ἔμελλεν
2629 1689 2669 1767 5
2707 1688 2994 1784 Ἰησοῦς
3032 1722 3115 1763 ιο

596 1818 981 1920 ἐπιδημεῖν,
1038 1816 1239 1896 ἀλλὰ
1294 1816 1786 1918 σαρκούμενος
1840 1820 1918 1897 ἐκ
1972 1815 2389 1919 σπέρματος
2446 1813 2734 1911 Δαυεὶδ,
2787 1818 2989 1906 βλα-

259 2030 478 2088 &DA
530 2024 571 2083 b
596 1941 933 2047 σφημίαν
971 1937 1147 2021 εἶναι
1182 1941 1517 2042 λέγοντες
1553 1940 1689 2041 τὴν
1725 1940 1948 2043 ὀρθὴν
1983 1940 2403 2041 ὁμολογίαν.

344 2153 420 2211 34
445 2154 569 2212 sqq.
1122 2131 1304 2209 ἘΓὼ
1359 2126 1512 2199 εἶπα
1568 2132 1725 2200 Θεοί
1776 2134 1948 2215 ἐστε,
1997 2130 2102 2201 καὶ
2154 2127 2247 2203 τὰ
2297 2127 2461 2224 ἑξῆς.

705 2286 1002 2389 Ἐπειδὴ
1057 2290 1297 2369 τοίνυν
1351 2288 1555 2374 θεούς
1609 2324 1808 2375 τινας
1862 2288 2209 2370 ἐκάλεσεν
2259 2289 2299 2368 ὁ
2360 2286 2641 2392 Πατὴρ,
2686 2284 2861 2367 εἶναι
2915 2284 2994 2367 δὲ

596 2411 832 2513 δήπου
881 2415 1118 2499 αὐτοῖς
1168 2412 1478 2493 ἐπακτὸν
1527 2413 1807 2516 ἀνάγκη
1858 2414 1943 2494 τὸ
1994 2415 2298 2520 ἀξίωμα·
2357 2412 2455 2497 εἷς
2511 2412 2654 2517 γάρ
2685 2413 2753 2508 ,ὁ
2808 2409 2997 2492 κατὰ
3031 2441 3110 2502 15

600 2538 831 2647 φύσιν
896 2537 1240 2645 ὑπάρχων
1300 2537 1507 2625 Θεός·
1596 2540 2019 2641 ἀναγκαίως,
2075 2539 2192 2619 ἵνα
2252 2537 2354 2639 μὴ
2422 2543 2537 2618 καὶ
2609 2534 2821 2623 αὐτὸς
2896 2534 2998 2622 εἷς

600 2664 944 2769 ὑπάρχειν
991 2666 1273 2744 ἐκείνων
1322 2664 1709 2768 νομίζηται,
1747 2665 1876 2744 οὐκ
1930 2663 2243 2765 οὖσιῶδη
2298 2662 2432 2764 τὴν
2478 2666 2607 2762 τῆς
2662 2660 2998 2762 θεότητος

597 2789 1077 2892 περικείμενος
1142 2788 1387 2895 δόξαν,
1445 2787 2181 2891 προσπεπορισμένην
2236 2786 2313 2868 δὲ
2375 2795 2670 2888 μᾶλλον
2723 2789 2799 2867 ἐν
2853 2786 2997 2894 ἴσῳ

599 2921 747 2998 τοῖς
784 2912 1063 3012 ἄλλοις,
1088 2912 1667 2993 ἀντιδιαστέλλει
1705 2920 1967 3019 σαφῶς
2000 2909 2251 2993 ἑαυτὸν
2288 2914 2587 2997 ἐκείνοις.
2646 2919 3000 2990 τοσοῦτον

600 3036 744 3141 γὰρ
791 3041 919 3137 τῆς
967 3039 1245 3118 ἐκείνων
1287 3040 1645 3144 πτωχείας
1695 3037 2152 3143 διενηνοχότα
2197 3036 2520 3134 δεικνύει,
2565 3039 2661 3120 ὡς
2711 3036 2999 3137 ἐπείπερ
3029 3062 3118 3111 20

504 3158 511 3175 “
599 3163 896 3265 γέγονεν
973 3158 1186 3246 αὐτὸς
1257 3165 1335 3241 ἐν
1397 3164 1655 3260 αὐτοῖς,
1724 3159 1843 3241 διὰ
1916 3162 2183 3262 ταύτην
2243 3158 2498 3245 αὐτοὺς
2569 3159 2702 3258 τὴν
2765 3161 3000 3238 αἰτίαν

600 3291 1002 3387 κεκλῆσθαι
1058 3286 1281 3372 θεούς·
1349 3288 1562 3370 αὐτὸς
1615 3284 1760 3389 γὰρ
1813 3288 2014 3366 ἐστὶν
2061 3286 2101 3365 5
2153 3283 2394 3388 Λόγος
2446 3293 2575 3365 τοῦ
2631 3289 2826 3365 Θεοῦ
2880 3286 3001 3363 καὶ

605 3410 921 3513 Πατρός.
978 3417 1038 3490 εὶ
1076 3410 1151 3490 δὲ
1188 3412 1305 3490 καὶ
1341 3411 1697 3518 ἐξήρκεσέ
1723 3444 1919 3491 τισιν
1954 3413 2029 3490 ἐν
2057 3411 2295 3494 αὐτοῖς
2331 3406 2646 3512 γεγονὼς
2684 3410 2724 3488 5
2755 3405 3001 3510 Λόγος

601 3540 697 3619 εἷς
733 3532 818 3614 τὸ
856 3537 972 3613 καὶ
1010 3535 1429 3638 ἀνθρώπους
1467 3535 1676 3619 ὄντας
1714 3540 1805 3641 τῇ
1853 3539 1980 3633 τῆς
2025 3535 2359 3634 θεότητος
2400 3531 3002 3637 καταλαμπρύναι

601 3664 794 3762 τιμῇ,
830 3665 987 3742 πῶς
1024 3659 1153 3738 οὐκ
1190 3657 1281 3737 ἂν
1315 3658 1420 3758 εἴη
1456 3657 1641 3739 κατὰ
1679 3661 1907 3766 φύσιν
1935 3657 2122 3744 Θεὸς
2159 3660 2199 3739 5
2235 3662 2352 3739 καὶ
2386 3665 2531 3743 τοῖς
2572 3658 2832 3743 ἅλλοις
2864 3655 3000 3757 τὴν
3033 3692 3121 3753 25

603 3785 717 3864 ἐπὶ
755 3783 983 3891 τούτῳ
1019 3780 1478 3889 προξενήσας
1516 3782 2006 3890 φαιδρότητας

264 3916 462 4047 ἓὲρτὲο
719 3914 880 3990 Νῦν
913 3908 1236 4013 ἐλέγχων
1270 3905 1438 3991 τοὺς
1472 3909 1878 4007 Ἰουδαίους,
1913 3907 2025 3988 ὅτι
2061 3909 2146 3989 οὐ
2182 3905 2300 3988 διὰ
2343 3903 2428 3988 τὸ
2474 3913 2694 3989 εἰπεῖν
2729 3920 2772 3956 “
2796 3906 3003 4011 Ἐγὼ

675 4102 729 4150 4.
764 4083 898 4154 πρὸς
918 4083 1009 4137 τὸν
1030 4081 1241 4152 Πατέρα
1265 4079 1391 4137 εἶναι
1416 4081 1473 4137 ἓν
1492 4083 1707 4139 inverso
1732 4082 1917 4139 ordine
1941 4102 1991 4140 a.
2172 4101 2254 4139 12.
2290 4084 2595 4156 ὁμολογίαν]
2624 4083 3007 4156 Sequebantur

603 4155 906 4225 φάσκοντος
940 4153 1032 4208 οὖν
1066 4154 1168 4225 ἐγὼ
1206 4155 1288 4208 καὶ
1324 4152 1455 4222 ὀ-ἦ
1491 4154 1832 4224 πεποιημένος
1865 4173 2001 4227 quae
2036 4153 2104 4209 ad
2127 4155 2466 4210 Thesaurum
2503 4174 2557 4225 p.
2581 4171 2683 4280 ἕ]
2779 4157 3002 4212 rtinent.

611 4224 799 4293 14-26.
843 4224 990 4278 Haec
1013 4222 1617 4297 Ἐπειδὴ-φαιδρότητα
1640 4236 1978 4280 accesserunt
2002 4244 2066 4280 ex
2091 4227 2210 4281 a.c.l
2237 4226 2352 4297 (sol.
2373 4242 2471 4296 192
2488 4226 2567 4295 v).
2666 4244 2693 4280 r
2734 4266 2748 4280 .
2823 4227 2923 4281 Est
2947 4237 3005 4282 et

605 4295 662 4349 in
689 4295 940 4350 Cramero
965 4296 1080 4351 eine
1103 4296 1336 4351 nomine.
1544 4296 1627 4351 16.
1661 4296 1882 4368 ὑπάρχει
1907 4315 1955 4352 c.
1982 4296 2148 4352 Cord.
2176 4296 2269 4352 Cr.
2365 4299 2498 4353 Θεὸς
2520 4297 2766 4368 ὑπάρχων
2787 4296 3003 4352 inverso

605 4366 790 4420 ordine
826 4367 863 4421 l.
959 4368 1043 4420 καὶ
1066 4384 1175 4422 om.
1200 4368 1235 4421 1.
1262 4365 1355 4422 Cr.
1451 4363 1526 4423 εἷς
1547 4385 1657 4422 om.
1683 4384 1730 4424 c.
1756 4366 1922 4422 Cord.
2168 4382 2251 4439 17.
2289 4367 2493 4422 ἐκείνων
2512 4368 2765 4439 ὑπάρχειν
2785 4368 3004 4423 inverso

604 4435 791 4491 ordine
816 4438 904 4491 e.l.
932 4435 1096 4492 Cord.
1125 4437 1217 4493 Cr.
1311 4438 1567 4506 νομίζεται
1590 4456 1640 4492 c.
1734 4437 1828 4493 οὑκ
1850 4456 1960 4493 om.
1988 4437 2112 4510 (sic)
2139 4440 2225 4494 c-l.
2254 4438 2346 4493 Cr.
2533 4454 2619 4494 πο.
2655 4438 3004 4493 καταδεικνὺει

602 4508 690 4562 (3.1.
718 4507 881 4563 Cord.
909 4507 1002 4562 Cr.
1165 4525 1250 4576 24.
1288 4507 1811 4580 καταλαμπρῦνεσθαι
1835 4510 1872 4564 l.
1900 4508 1994 4566 Cr.
2163 4509 2250 4565 26.
2285 4512 2440 4565 τοῦτο
2464 4526 2513 4565 c.
2622 4508 2752 4565 Post
2774 4509 3004 4581 φαιδρό·

600 4600 745 4648 τητα,
772 4579 945 4653 pergit
967 4582 1057 4636 νῦν
1078 4575 1170 4634 οῦν
1191 4577 1428 4652 ἐλέγχων
1449 4580 1566 4636 eine
1589 4597 1759 4652 pausa
1781 4597 1831 4638 a.
