3238 5158
655 357 782 422 708
1259 354 1338 418 Β.
1386 350 1813 418 CYRILLI
1870 349 2453 415 ALEXANDR..
2635 347 2793 414 xvii.
2832 368 2934 431 14,
2963 363 3050 431 15.

652 518 938 603 πάντως
973 519 1164 625 αὐτῷ
1201 517 1284 597 τὸ
1323 516 1695 621 διασώζειν
1729 516 2084 597 δύνασθαι
2130 513 2298 601 τούς
2331 513 2772 615 σεβομένους
2817 510 3056 607 αὐτὸν,

655 644 820 723 καθ’
868 640 952 721 ὃν
988 640 1078 722 ἀν
1120 640 1462 737 βούλοιτο
1516 638 1798 745 χρόνον,
1838 644 1956 720 καὶ
2010 645 2070 720 εἰ
2121 638 2223 740 μὴ
2276 636 2530 743 παρὼν
2579 638 2817 745 ὁρῷτο
2878 634 3056 734 μετὰ

654 765 944 868 σαρκός.
1023 768 1331 845 κείσεται
1386 763 1530 868 γὰρ
1564 766 1643 844 ἐν
1678 764 1928 871 τούτῳ,
1988 762 2073 843 τὸ
2128 762 2408 844 τελείαν
2462 760 2644 867 ἔχειν
2701 759 3058 841 δύνασθαι

654 891 771 969 καὶ
809 890 993 989 ἡμᾶς
1027 886 1133 983 τῆν
1161 887 1405 996 χαρῖιν,
1443 886 1570 968 ἅτε
1606 886 1697 987 δὴ
1723 888 1840 968 καὶ
1873 886 2090 991 ε’γγύς
2125 889 2231 968 ἀεὶ
2271 888 2388 966 καὶ
2423 880 3062 989 συμπαραστᾶτην

653 1013 948 1118 ἔχοντας
981 1011 1110 1093 τὸν
1146 1013 1583 1120 ἐξαιρεῖσθαι
1619 1010 1891 1096 παντὸς
1923 1009 2357 1117 ἐξισχύοντα
2394 1016 2636 1091 κακοῦ.
3081 1029 3114 1090 5

559 1279 831 1354 14'Erdo
903 1280 1162 1346 δέδωκα
1234 1275 1456 1347 αὐτοῖς
1525 1280 1639 1349 τὸν
1702 1282 1897 1355 ΛόΓον
1967 1301 2104 1361 σου,
2167 1277 2275 1344 καὶ
2341 1278 2379 1348 ὁ
2443 1279 2688 1355 κόσμος
2748 1274 3057 1354 ἐμίσησεν

321 1415 462 1469 980
485 1416 562 1470 A.
598 1431 635 1469 a
763 1406 1020 1487 αὐτοὺς,
1080 1409 1181 1473 ὅτι
1242 1407 1361 1472 οὐκ
1427 1402 1588 1474 εἰσὶν
1651 1406 1727 1471 ὲκ
1789 1412 1903 1472 τοῦ
1966 1407 2208 1483 κόσμου
2272 1404 2494 1471 καθὼς
2550 1402 2686 1480 &sch
2747 1403 2873 1469 οὐκ
2937 1399 3062 1480 εἰμὶ

560 1533 631 1592 15
762 1533 836 1597 ἐκ
879 1538 993 1598 τοῦ
1047 1536 1307 1609 κόσμου·
1381 1533 1500 1598 οὐκ
1550 1532 1790 1622 ἐρωτῶ
1835 1532 1942 1599 ἵνα
1990 1531 2157 1622 ἄρῃς
2203 1530 2439 1597 αὐτοὺς
2490 1529 2566 1596 ὲκ
2616 1534 2736 1598 τοῦ
2795 1532 3060 1610 κόσμου,

656 1697 662 1704 ·
760 1658 901 1723 ἀλλ’
961 1659 1068 1724 ἵνα
1121 1660 1410 1750 τηρήσῃς
1464 1659 1703 1726 αὐτοὺς
1753 1660 1831 1724 ὲκ
1884 1662 1998 1725 τοῦ
2054 1660 2370 1747 πονηροῦ.

770 1835 922 1930 Τῆς
981 1831 1251 1912 ἀνωθεν
1315 1835 1430 1913 καὶ
1489 1830 1688 1934 παρὰ
1744 1830 2036 1934 Πατρὸς
2093 1831 2443 1930 εὐμενείας
2487 1827 3063 1935 χρειωδεστάτην
3089 1861 3154 1903 10

657 1955 828 2053 ἡμῖν
879 1956 1259 2062 ἀποφαίνει
1307 1955 1439 2057 τὴν
1492 1957 1837 2054 ἐπίδοσιν,
1899 1952 1989 2054 ἣν
2052 1958 2169 2034 καὶ
2232 1956 2309 2035 ἐν
2372 1952 2575 2059 τάξει
2645 1955 2925 2039 δικαίας
2982 1985 3061 2032 τε

659 2081 777 2156 καὶ
811 2076 1416 2179 πρεπωδεστάτης
1452 2082 1757 2180 ἀμοιβῆς
1791 2080 2176 2182 μονονουχὶ
2219 2080 2335 2158 καὶ
2372 2078 2842 2184 ὦφειλῆσθαί
2873 2083 3062 2185 φησι

656 2198 837 2301 πρὸς
886 2201 1104 2281 αὐτοῦ
1148 2208 1297 2288 τοῖς
1344 2199 1430 2281 δι’
1471 2203 1689 2283 αὐτὸν
1728 2201 2233 2283 κινδυνεύουσι.
2311 2207 2517 2300 μισεῖ
2542 2199 2688 2305 γὰρ
2726 2209 2757 2282 ὅ
2801 2204 3061 2308 κόσμος

657 2322 775 2403 διὰ
832 2324 1024 2404 Θεὸν
1079 2324 1242 2409 τούς
1301 2332 1465 2434 Θεῷ
1525 2324 2156 2430 προσεδρεύοντας,
2216 2328 2334 2406 καὶ
2398 2331 2546 2410 τοῖς
2610 2327 2778 2428 παρ’
2844 2327 3063 2407 αὐτοῦ

657 2449 1145 2552 διωρισμένως
1179 2449 1493 2536 εἴκοντας
1527 2448 1787 2551 νόμοις,
1824 2453 1942 2530 καὶ
1978 2448 2205 2553 λόγον
2242 2449 2491 2530 οὐδένα
2523 2453 2651 2550 τῆς
2687 2450 2767 2529 ἐν
2805 2449 3062 2559 κόσμῳ
3091 2483 3150 2543 15

657 2570 1114 2674 ποιουμένους
1154 2575 1430 2676 ἡδονῆς,
1470 2574 1538 2657 οἳ
1586 2578 1705 2657 καὶ
1745 2571 2160 2678 πρεπόντως
2214 2570 2304 2654 ἃν
2351 2572 2632 2679 τύχοιεν
2674 2576 3062 2679 συνεργίας

657 2702 786 2790 τῆς
820 2696 988 2801 παρ’
1029 2700 1247 2779 αὐτοῦ
1280 2703 1397 2780 καὶ
1435 2700 1748 2806 χάριτος,
1787 2703 1906 2780 καὶ
1938 2703 2067 2800 τῆς
2102 2705 2200 2784 εἰς
2233 2695 2319 2780 τὸ
2356 2698 2434 2778 εὖ
2468 2693 2643 2778 εἶναι
2687 2701 3055 2798 διαμονῆς.

590 2850 633 2914 b
658 2820 767 2903 ἐπ’
817 2823 1008 2929 αὐτῷ
1056 2821 1200 2925 γὰρ
1249 2822 1783 2922 ἀνακεκλιμένοι
1829 2823 2101 2926 τρόπον
2149 2821 2309 2904 τινὰ
2361 2823 2481 2903 καὶ
2531 2818 3062 2923 θαρσήσαντες,

659 2948 775 3025 καὶ
824 2944 952 3026 τὸν
990 2947 1073 3026 δι’
1127 2945 1345 3028 αὐτὸν
1391 2946 1730 3052 ἀράμενοι
1777 2945 2121 3047 πόλεμον,
2160 2947 2278 3027 καὶ
2325 2953 2474 3030 τοῖς
2527 2943 2705 3047 ὑπὲρ
2757 2944 3064 3046 δύναμιν

659 3069 1008 3169 ὁμιλῆσαι
1042 3070 1386 3156 κινδύνοις
1423 3072 1506 3151 οὐ
1544 3070 2107 3170 καταδείσαντες,
2146 3076 2300 3154 πῶς
2336 3070 2466 3150 οὐκ
2500 3066 2593 3150 ἀν
2625 3068 2764 3170 ἤδη
2798 3068 3064 3152 λοιπὸν
3085 3106 3152 3149 20

657 3190 1035 3297 ἀναλόγως
1081 3199 1185 3303 τῷ
1220 3194 1635 3299 προτεθέντι
1687 3201 1947 3304 σκοπῷ
1989 3196 2412 3293 κομίσαιντο
2458 3189 2592 3293 τὴν
2637 3195 3058 3289 ἀντίδοσινς

658 3314 778 3396 διὰ
833 3316 1042 3398 τοῦτό
1088 3330 1319 3424 φησιν
1369 3320 1410 3399 ὁ
1449 3317 1707 3423 Σωτὴρ
1754 3318 1863 3400 ὅτι
1917 3317 2053 3424 ἐγῶ
2102 3313 2368 3400 δέδωκα
2421 3322 2646 3405 αὐτοῖς
2709 3317 2818 3398 τὶν
2863 3319 3063 3423 λέγω

659 3477 778 3521 σου
835 3449 955 3524 καὶ
1009 3452 1038 3526 ὁ
1082 3444 1333 3549 κόσμος·
1373 3444 1680 3551 ἐμίσησεν
1717 3441 1952 3529 αὐτοῦς
1990 3442 2087 3523 ’ὅτι
2147 3449 2267 3523 οὐκ
2316 3449 2472 3524 εἰσὶν
2522 3443 2602 3523 εἰι
2643 3444 2758 3522 τοῧ
2799 3444 3060 3549 κόσμου

664 3562 886 3652 καθεὶς
922 3564 1060 3670 ἐγὼ
1116 3573 1234 3649 οὐκ
1283 3576 1416 3675 εἰμὶ
1477 3569 1554 3649 ἐκ
1605 3570 1717 3649 ‘rab'
1758 3574 2036 3674 κόσμου.
2112 3564 2592 3674 παρεδέξαντο
2627 3563 2803 3670 γὰρ,
2849 3570 3062 3672 φησὶ,

662 3690 776 3766 καὶ
833 3689 1001 3768 λίαν
1048 3690 1377 3791 ἀσμένως
1426 3690 1556 3773 τὸν
1608 3690 1770 3792 σὸν,
1811 3687 1871 3771 ὦ
1908 3690 2177 3795 Πάτερ,
2214 3692 2300 3770 δι’
2353 3693 2525 3790 ἐμοῦ
2571 3687 2753 3793 πρὸς
2803 3688 3060 3777 αὐτοὺς
3084 3720 3150 3781 25

602 3856 637 3897 c
664 3810 1012 3912 γεγονότα
1060 3812 1309 3917 λόγον,
1360 3816 1691 3927 τουτέστι
1740 3849 1826 3896 το
1874 3813 2208 3919 κήρυγμα
2254 3811 2338 3894 τὸ
2388 3810 2879 3917 εὐαγγελικον,
2919 3815 3059 3923 ἔξω

659 3969 802 4015 που
836 3934 1017 4039 ζωῆς
1051 3943 1402 4040 κοσμικῆς
1434 3942 1551 4019 καὶ
1586 3937 2071 4048 φρονημάτων
2106 3937 2604 4043 γεωδεστέρων
2629 3938 3060 4042 ἀποκομίζον

660 4056 969 4143 εὐκόλως
1018 4059 1184 4146 τούς
1234 4062 1745 4167 προσιεμένους
1792 4060 1994 4145 αὐτό.
2084 4062 2205 4145 διά
2255 4096 2371 4146 τοι
2421 4069 2635 4143 τοῦτο
2689 4062 2810 4142 καὶ
2859 4060 3060 4166 παρὰ

660 4191 789 4263 τοῦ
833 4181 1113 4284 κόσμου
1146 4187 1601 4289 μεμίσηνται,
1639 4188 1991 4287 τουτέστι,
2027 4193 2173 4268 τῶν
2208 4183 2303 4268 τὰ
2336 4188 2413 4267 ἐν
2449 4190 2626 4296 τῷδε
2662 4191 2766 4294 τῷ
2800 4184 3057 4293 κόσμῳ

660 4314 951 4413 φρονεῖν
999 4308 1376 4411 ἑλομένων,
1422 4315 1536 4393 καὶ
1584 4310 1718 4414 τὴν
1766 4311 2163 4420 φιλήδονον
2211 4311 2480 4413 ταύτην
2531 4313 2649 4392 καὶ
2700 4343 3049 4412 μυσαρω-
3081 4333 3147 4395 3⁰

736 4524 818 4598 ιο.
857 4511 938 4565 καὶ
964 4511 1055 4566 alt.
1082 4521 1422 4584 assumptum
1446 4528 1511 4567 ex
1536 4511 1601 4567 Ε.
1814 4524 1899 4585 27.
1936 4510 2257 4581 ἀποκομίζειν
2282 4511 2348 4569 Ε.
2535 4527 2620 4584 ²9·
2656 4510 2968 4582 μεμίσηπαι
2993 4509 3056 4566 Ε.

656 4579 935 4650 μεμίσηται
962 4581 1065 4639 Ed.
1394 4599 1481 4655 30.
1521 4585 1737 4655 φρονεῖν
1759 4592 2098 4656 assumptum
2122 4602 2188 4640 ex
2213 4583 2279 4640 E.
