3238 5158
232 288 363 357 xiv.
394 310 495 356 10.
818 290 933 356 IN
992 290 1060 357 S.
1107 290 1621 358 JOANNEM.
1713 291 1903 359 LIB.
1951 292 2073 359 IX.
2508 294 2640 360 427

236 457 354 535 καὶ
388 452 517 536 τὸν
552 451 734 536 Υἱὸν
770 455 1193 558 εὑρήσομεν.
1269 463 1428 544 πῶς
1475 457 1623 561 γὰρ
1673 460 1802 540 οὐκ
1854 458 2148 560 ἀγαθὸς,
2188 459 2230 538 5
2272 457 2641 557 τοσαύτην

235 578 323 658 δι’
360 579 548 680 ἡμᾶς
598 581 985 676 ὑπομείνας
1030 582 1493 681 ταπείνωσιν,
1530 586 1648 663 καὶ
1698 581 1936 664 ἐλθὼν
1969 593 2014 630 “
2041 589 2137 668 εἶς
2185 582 2315 663 τὸν
2357 582 2641 679 κόσμον
2737 580 2904 710 ἔξω·
2925 581 2960 631 ἱ·

234 713 281 752 “
316 703 794 808 ἁμαρτωλοὺς
867 707 1181 804 σῶσαι,”
1248 710 1364 786 καὶ
1440 708 1585 791 θεὶς
1655 704 1789 807 τὴν
1851 704 2106 813 ψυχὴν
2166 708 2387 787 αὐτοῦ
2464 703 2640 809 ὑπὲρ

236 830 519 928 aba-(3113
583 828 883 914 δυνατὸς
938 831 1195 928 ὁμοίως
1254 832 1295 909 5
1356 829 1637 933 Πατὴρ,
1693 832 1921 914 οὕτως
1974 832 2117 936 ἔχει
2172 835 2290 912 καὶ
2346 833 2387 910 5
2441 829 2638 916 Υἱός·
2667 862 2705 902 ὃ
2753 847 2973 906 781A„

160 970 206 1033 5
236 955 314 1035 τί
352 953 498 1057 γὰρ
547 953 638 1034 ἀν
674 953 780 1054 ε’ίη
828 949 913 1034 τὸ
965 954 1453 1056 δυνατώτερον
1492 962 1622 1034 τοῦ
1677 957 1795 1035 καὶ
1849 957 2088 1039 αὐτοῖς
2141 953 2643 1039 ἐπιτάττοντος

236 1086 385 1163 τοῖς
420 1079 825 1183 στοιχείοις,
863 1080 980 1156 καὶ
1018 1074 1347 1184 θαλάττῃ
1383 1075 1518 1178 μὲν
1549 1081 2017 1177 ἐπιτιμῶντος
2051 1064 2170 1159 καὶ
2204 1077 2639 1176 πνεύμασιν,

237 1204 902 1307 ἀναστοιχειοῦντος
939 1198 1014 1279 δὲ
1047 1199 1230 1304 πρὸς
1267 1201 1445 1305 ὅπερ
1489 1200 1580 1283 ἂν
1616 1205 1962 1298 βούλοιτο
2010 1209 2159 1283 τῶν
2191 1200 2646 1319 πραγμάτων

237 1324 368 1412 τὰς
421 1326 705 1433 φύσεις,
742 1327 859 1406 καὶ
908 1330 1440 1430 καθαρισθῆναι
1484 1327 1618 1426 μὲν
1653 1327 2156 1412 ἐπιτάττοντος
2204 1333 2309 1435 τῷ
2358 1331 2639 1434 λεπρῷ,

237 1446 323 1530 τὸ
375 1448 453 1530 δὲ
502 1449 805 1546 βλέπειν
841 1449 1162 1535 διδόντος
1205 1457 1357 1537 τοῖς
1407 1458 1740 1557 τυφλοῖς,
1775 1455 1852 1531 ἐν
1887 1451 2186 1559 ἐξουσίᾳ
2236 1456 2637 1553 θεοπρεπεῖ.

124 1603 214 1644 10
241 1570 383 1675 ζωὴ
448 1572 634 1654 κατὰ
692 1572 926 1681 φύσιν
979 1576 1021 1654 5
1081 1573 1366 1678 Πατήρ·
1448 1574 1592 1679 ζωὴ
1651 1574 1881 1656 πάλιν
1940 1577 2101 1655 ἐστὶ
2160 1577 2278 1655 καὶ
2333 1576 2374 1654 5
2431 1573 2640 1672 Υἱὸς,

241 1696 602 1801 ζωοποιῶν
647 1696 814 1782 τοὺς
859 1697 1508 1805 κατεφθαρμένους,
1546 1703 1666 1779 καὶ
1719 1697 1806 1779 τὸ
1859 1707 1991 1779 τοῦ
2045 1698 2360 1780 θανάτου
2412 1732 2641 1779 κατα-

238 1822 585 1928 στρέφων
619 1819 899 1926 κράτος,
928 1820 1048 1902 διά
1081 1855 1160 1903 τε
1194 1831 1412 1903 τοῦτο
1445 1857 1612 1907 τους
1650 1856 1938 1926 νεκρους
1973 1821 2298 1908 ἀνιστάς.
2360 1819 2648 1907 εἰκότως

238 1946 366 2026 οὖν
420 1944 564 2048 ἄρα
620 1948 810 2053 φησι
860 1980 1045 2048 προς
1104 1945 1481 2028 Φίλιππον
1526 1947 1619 2027 O
1676 1982 1984 2055 mpetum
2043 1944 2164 2052 ἐμὲ
2232 1945 2480 2056 ἓῶραικε
2540 1983 2645 2027 τον
2670 1954 2716 2021 b

242 2069 542 2179 Πατέρα..
615 2070 785 2178 ἐξὸν
831 2070 979 2174 γάρ
1032 2104 1178 2168 σοι,
1225 2073 1481 2179 φησὶν,
1529 2072 1609 2151 εὖ
1663 2070 1869 2171 μάλα
1921 2077 2329 2174 περιαθρεῖν
2373 2073 2451 2151 ἐν
2491 2072 2656 2170 ἐμοί

124 2212 210 2276 15
239 2227 318 2275 τε
383 2199 501 2275 καὶ
563 2194 653 2301 ἐξ
711 2196 884 2295 ἐμοῦ
947 2191 1078 2276 τὸν
1138 2194 1617 2297 γεννήσαντα,
1678 2197 1839 2276 τίνα
1897 2192 2166 2300 τρόπον
2223 2195 2464 2299 ἕτερον
2517 2198 2650 2294 τῆς

241 2320 580 2403 θεοπτίας
666 2324 906 2417 αἰτεῖς,
994 2319 1226 2401 καίτοι
1308 2324 1441 2421 τῆς
1523 2319 1861 2419 δοθείσης
1943 2317 2429 2425 ἀρχαιοτέροις
2514 2316 2651 2418 τὴν

240 2444 507 2542 ἀμείνω
559 2439 833 2547 λαχὼν,
867 2446 986 2525 καὶ
1036 2441 1507 2550 ἀληθεστάτῃ
1556 2441 1963 2550 περιτυχὼν
2004 2440 2241 2542 εἰκόνι,
2273 2440 2651 2523 τουτέστιν

240 2568 446 2668 ἐμοί;
490 2574 507 2584 “

352 2776 445 2842 Οὐ
501 2779 822 2846 πιστεύεις
874 2782 975 2849 ὅτι
1026 2780 1158 2856 {es-Co
1209 2780 1281 2846 ὲν
1334 2786 1432 2866 τῷ
1476 2778 1685 2870 Πατρί
1741 2778 1849 2844 καὶ
1901 2778 1939 2846 ὁ
1991 2776 2221 2866 Πατήρ
2273 2775 2345 2843 ὲν
2398 2773 2546 2852 ἐμοί
2680 2809 2753 2850 10

132 2918 222 2961 20
1328 2906 1544 2990 ἐστιν,

361 3066 564 3171 Ἐγὼ
599 3065 752 3170 μὲν,
791 3071 1045 3176 φησὶν,
1080 3065 1140 3149 ὦ
1177 3071 1526 3169 Φίλιππε,
1561 3069 1696 3170 τὴν
1730 3077 1861 3150 τοῦ
1896 3066 2381 3172 γεννήσαντος
2419 3065 2651 3173 φύσιν
2673 3102 2711 3147 ο

245 3196 324 3276 ἐν
358 3197 643 3301 ἐμαυτῷ
680 3193 1191 3300 καταγράφων,
1230 3193 1437 3274 εἰκών
1471 3199 1610 3293 εἶμι
1649 3198 1776 3294 τῆς
1811 3194 2062 3277 οὐσίας
2111 3193 2351 3289 αὐτοῦ,
2384 3223 2653 3294 μεμορ·

249 3318 584 3424 φωμένος
638 3315 977 3419 δηλονότι
1030 3318 1187 3398 κατ’
1241 3320 1528 3416 ἐκεῖνον,
1579 3318 1717 3422 οὐχ
1772 3319 1868 3401 ὡς
1922 3314 2013 3397 ἂν
2062 3313 2279 3396 οἴοιτό
2337 3349 2447 3399 τις
2500 3320 2656 3398 ταῖς

247 3442 518 3549 ἔξωθεν
554 3440 821 3549 δόξαις,
859 3441 1028 3522 ἀλλ’
1067 3438 1229 3523 οὐδὲ
1281 3440 1510 3550 ξένοις
1547 3438 1594 3543 ἢ
1630 3444 1963 3526 ἐπακτοῖς
2000 3439 2657 3543 λελαμπρυσμένος

142 3589 224 3653 25
250 3566 905 3668 πλεονεκτήμασιν·
967 3567 1141 3647 ἀλλ’
1180 3568 1258 3646 ἐν
1295 3566 1439 3673 ἰδίᾳ
1490 3565 1716 3674 φύσει
1765 3570 2017 3672 φορῶν
2064 3564 2158 3645 τὰ
2210 3573 2339 3644 τοῦ
2388 3562 2652 3666 γεννή·

249 3723 521 3777 σαντος
594 3690 757 3790 ἴδια,
835 3691 955 3771 καὶ
1026 3698 1241 3771 τοῦτο
1322 3688 1672 3796 ὑπάρχων
1744 3692 2058 3790 ἀληθῶς,
2131 3688 2308 3792 ὅπερ
2386 3686 2477 3769 ἀν
2548 3686 2657 3787 εἴη

248 3819 591 3915 κάκεῖνος,
635 3812 822 3897 κατά
875 3848 964 3919 γε
1019 3813 1149 3895 τὸν
1202 3817 1281 3895 ἐν
1333 3811 1719 3916 ταυτότητι
1771 3813 2025 3917 λόγον,
2060 3818 2153 3918 τῇ
2207 3815 2359 3894 κατ’
2399 3814 2659 3893 οὐσίαν

250 3941 464 4048 φημί.
543 3938 646 4020 σὺ
683 3938 827 4043 γὰρ
864 3939 954 4041 δὴ
991 3937 1220 4021 πάλιν
1254 3937 1440 4044 πρὸς
1475 3947 1706 4021 ταῦτα
1752 3941 1950 4042 ἐρεῖς*
2009 3938 2096 4018 οὐ
2144 3936 2290 4041 γὰρ
2343 3936 2658 4037 διετέθης

252 4064 396 4167 ἄρα
446 4061 729 4161 λοιπὸν,
769 4067 865 4148 ὦς
914 4061 1051 4167 ἐγῶ
1097 4063 1230 4164 μὲν
1272 4065 1332 4146 ἑν
1377 4061 1472 4173 τῷ
1524 4069 1758 4170 πατρὶ,
1797 4071 1827 4146 o‘
1878 4060 2102 4170 ποιτῆρ
2150 4060 2228 4142 δὲ
2283 4062 2374 4141 αὖ
2428 4059 2657 4143 πάλιν
2680 4075 2726 4141 d

142 4222 227 4283 30
254 4186 431 4269 ἐστὶν
473 4187 534 4268 ἐν
587 4187 755 4292 ἐμοί.
833 4188 1063 4269 καίτοι
1117 4191 1237 4269 καὶ
1291 4190 1427 4295 οὐχ
1482 4188 1759 4287 ἑκόντα,
1804 4189 2055 4295 φησὶν,
2096 4182 2516 4283 ἐκβιάσεταί
2565 4218 2658 4265 σε

251 4310 517 4394 λοιπὸν
552 4311 597 4411 ἡ
647 4317 795 4392 τῶν
836 4314 1223 4418 εἶρημένων
1265 4311 1559 4414 δύναμις
1614 4318 1716 4397 εἷς
1766 4310 1902 4414 τὴν
1934 4314 2053 4394 ἐπὶ
2106 4310 2339 4419 τούτῳ
2393 4312 2652 4389 συναί-

252 4496 391 4608 διόὶ..
416 4480 545 4610 effi&
569 4495 671 4553 pro
695 4477 779 4535 καὶ
804 4477 869 4536 Ε.
1160 4492 1210 4550 7.
1247 4478 1724 4553 ἀναστωχιιοῦντες
1747 4478 1813 4536 Ε.
2103 4493 2186 4534 12.
2224 4473 2310 4532 διά
2332 4495 2387 4528 τι
2413 4477 2565 4530 τοῦτο
2592 4471 2660 4529 Ε.

1378 4640 1549 4707 312
