3238 5158
597 309 725 370 382
1206 310 1286 373 Β.
1332 308 1758 374 CYRILLI
1814 309 2397 374 ALEXANDR.
2743 303 2914 367 xiii.
2949 320 3064 386 33.

260 537 490 594 '7433-
538 545 926 611 ειΖητήσετέ
972 569 1074 627 με,
1113 548 1219 611 καὶ
1275 547 1495 613 καθὼς
1545 542 1733 613 εἶπον
1778 543 1915 613 τοῖς
1954 548 2321 627 Ἰουδαίοις,
2357 548 2524 613 ὅπου
2572 544 2714 619 &rob
2761 545 3066 621 ὖπάΓω,

263 1684 395 1733 Phil.
419 1685 451 1733 i.

265 1765 342 1812 23.

926 668 1106 748 ὑμεῖς
1162 674 1237 737 οὐ
1293 672 1572 739 δύνασθε
1626 669 1863 754 ἐλθεῖν,
1919 672 2025 738 καὶ
2080 669 2225 749 ὑμῖν
2280 674 2427 761 ἄρτι
2482 671 2680 745 Mercu.

712 837 873 915 Οὐκ
912 834 1209 937 ἀζήμιον
1245 843 1624 921 παντελῶς
1662 838 1967 917 ἔσεσθαι
2004 845 2152 923 τοῖς
2189 839 2444 917 ἑαυτοῦ
2482 841 2854 935 μαθηταῖς
2907 834 3068 934 τὴν

599 961 1005 1059 ἀποδημίαν
1070 964 1282 1064 φησὶ,
1348 960 1481 1061 τὴν
1543 964 1796 1041 ἑαυτοῦ
1863 961 2221 1062 δηλονότι.
2322 968 2614 1064 πρῶτον
2678 958 2844 1057 μὲν,
2931 959 3066 1038 ὅτι

598 1084 798 1190 λύπῃ
849 1090 940 1190 τῇ
992 1087 1107 1165 ἐπὶ
1156 1084 1387 1192 τούτῳ
1444 1086 2090 1184 κατατακήσονται,
2138 1087 2254 1165 καὶ
2310 1085 2705 1164 δύσοιστον
2751 1083 3066 1189 ἕξουσι
3095 1102 3133 1160 5

597 1212 726 1306 τῆς
763 1209 1089 1288 ἐντεῦθεν
1124 1210 1410 1311 πικρίας
1449 1205 1533 1288 τό
1570 1207 1823 1312 βάρος.
1904 1216 2224 1289 συνεῖναι
2275 1207 2420 1312 γὰρ
2470 1208 2557 1307 δὴ
2607 1210 2727 1287 καὶ
2775 1205 3064 1287 πάλιν

598 1333 793 1439 αὐτῷ
871 1330 1238 1438 διψήσειν,
1315 1334 1441 1412 οὐκ
1521 1335 1967 1439 ἀμφίβολον,
2001 1336 2160 1414 -καὶ
2244 1338 2804 1414 συνδιαιτᾶσθαι
2907 1330 3060 1411 διὰ

598 1456 867 1542 παντὸς
932 1456 1204 1539 ἐθέλειν
1275 1454 1549 1553 αὐτοὺς,
1617 1457 1943 1561 καθάπερ
2004 1457 2253 1558 ἀμέλει
2319 1459 2440 1537 καὶ
2508 1460 2548 1536 ὁ
2613 1457 3054 1538 θεσπέσιος

532 1596 572 1660 b
604 1588 925 1682 Παῦλος,
967 1586 1083 1662 καὶ
1139 1584 1355 1681 αὐτῆς
1410 1587 1771 1683 προτιθεὶς
1826 1587 1953 1682 τῆς
2008 1582 2254 1697 ἐνθάδε
2311 1582 2489 1685 ζωῆς
2544 1578 2629 1660 τὸ
2682 1588 3050 1659 συνεῖναι

602 1712 930 1815 Χριστῷ,
993 1714 1311 1809 κρεῖττον
1376 1705 1698 1811 ἔφασκεν
1764 1702 1942 1787 εἶναι
2003 1717 2047 1754 “
2073 1705 2157 1788 τὸ
2233 1709 2597 1786 ἀναλῦσαι
2670 1708 2786 1783 καὶ
2871 1704 3047 1785 σὺν
3081 1742 3160 1783 10

1255 1828 1295 1858 ’⁹
1370 1839 1599 1911 ταῦτα
1659 1830 2133 1935 συνεωρακως
2192 1834 2233 1910 ὁ
2294 1829 2641 1933 Χριστὸς,
2695 1832 2818 1909 καὶ
2885 1830 3043 1915 τὰς·

600 1959 748 2032 τῶν
818 1951 1269 2055 ἀγαπώντων
1343 1954 1563 2034 αὐτὸν
1640 1956 1769 2035 οὐκ
1843 1953 2219 2057 ἀγνοήσας
2291 1956 2605 2058 καρδίας,
2679 1956 2765 2034 οὐ
2841 1960 3040 2060 δίχα

602 2076 839 2176 λύπης
876 2077 1179 2157 ἔσεσθαι
1227 2084 1377 2160 τοῖς
1429 2084 1781 2178 μαθηταῖς
1832 2079 1973 2185 ἔφη
2025 2078 2158 2179 τὴν
2193 2082 2447 2160 ἑαυτοῦ
2490 2080 2768 2159 ἄνοδον·
2833 2082 3028 2157 ἀλλ’

601 1841 645 1877 “
683 1836 991 1938 Χριστῷ
1049 1827 1250 1910 εἶναι.

530 2253 536 2259 -
603 2198 693 2299 ἦν
767 2234 872 2285 τις
946 2203 1061 2280 ἐπὶ
1132 2200 1365 2307 τούτῳ
1452 2205 1571 2282 καὶ
1653 2205 1859 2307 ἑτέρα
1943 2201 2321 2309 πρόφασις
2402 2202 2701 2304 ἀληθὴς,
2778 2202 3030 2304 ζητεῖν

603 2322 1107 2429 ἀναγκάζουσα
1182 2324 1267 2405 τὸ
1340 2332 1660 2407 συνεῖναι
1724 2332 2034 2436 Χριστῷ
2109 2325 2275 2413 τοὺς
2342 2328 2589 2431 ἁγίους
2649 2328 3011 2426 μαθητάς.
3059 2339 3148 2415 15

603 2449 983 2549 ὀμιλήσειν
1057 2448 1187 2550 μὲν
1261 2450 1404 2553 γὰρ
1488 2450 1670 2532 ὅσον
1751 2452 2029 2533 οὐδέπω
2114 2452 2459 2536 κινδύνοις
2540 2454 2852 2551 ἔμελλον
2927 2455 3022 2532 οὐ

544 2606 580 2648 e
603 2582 897 2679 μικροῖς,
939 2579 1055 2657 καὶ
1104 2583 1257 2661 ταῖς
1294 2577 1663 2657 Ἰουδαίων
1700 2578 2118 2660 ἀκαθέκτοις
2167 2579 2535 2662 ἀπονοίαις
2584 2583 3009 2683 κατασφεν-

605 2704 956 2782 δονᾶσθαι
1010 2708 1322 2808 συχνῶς,
1358 2700 1563 2781 ἀλλὰ
1616 2705 1735 2782 καὶ
1789 2709 1947 2785 ταῖς
2000 2702 2090 2808 ἐξ
2139 2701 2395 2806 ἑτέρων
2444 2710 2656 2783 τινῶν
2702 2736 3014 2805 περιττε-

603 2832 899 2907 σεῖσθαι
953 2828 1259 2927 μανίαις,
1301 2825 1487 2925 ὅλην
1529 2825 1977 2929 περιθέοντες
2029 2825 2164 2926 τὴν
2207 2827 2640 2928 οἰκουμένην,
2687 2829 2807 2905 καὶ
2861 2834 3018 2910 τοῖς

604 2951 705 3030 ἔτι
742 2953 1237 3052 πλανωμένοις
1275 2949 1402 3032 τὸν
1439 2960 1567 3032 τοῦ
1602 2955 1941 3054 Σωτῆρος
1995 2950 2577 3056 διακηρύττοντες
2629 2949 2875 3051 λόγον,
2913 2954 3016 3033 ὡς
3046 2990 3124 3028 20

607 3076 1118 3180 δεσμωτηρίων
1152 3081 1563 3179 πειρᾶσθαι,
1605 3075 1877 3177 ὕβρεώς
1913 3110 1990 3156 τε
2034 3079 2152 3156 καὶ
2201 3075 2427 3160 αἰκίας
2476 3078 2602 3156 οὐκ
2654 3077 3006 3176 ἀμοιρεῖν,

543 3279 551 3288 ,
607 3203 726 3280 καὶ
790 3201 1047 3304 ἑτέρων
1113 3199 1314 3281 οὐδὲν
1376 3200 1596 3301 ἧττον
1656 3199 2198 3301 στρεβλώσεων
2260 3206 2357 3282 εἷς
2429 3207 2682 3302 πεῖραν
2745 3202 3007 3280 ἐλθεῖν·

609 3326 834 3404 καίτοι
890 3330 1038 3404 τῶν
1091 3324 1434 3406 τοιούτων
1490 3322 1774 3409 οὐδενὸς
1827 3324 2331 3427 πεπειραμένοι
2384 3322 2736 3428 πρότερον
2780 3327 2858 3404 ἐν
2907 3331 3014 3431 τῷ

607 3455 926 3527 συνεῖναι
990 3453 1322 3556 Χριστῷ.
1434 3452 1760 3559 ζητήσει-ε,
1829 3451 2038 3555 φησὶ,
2103 3446 2264 3529 τότε
2337 3451 2576 3531 τοίνυν
2636 3448 2770 3549 τὴν
2833 3447 3012 3548 ε’μὴν

608 3571 941 3672 μάλιστα
1011 3573 1433 3668 συνουσίαν,
1500 3573 1678 3654 ὅταν
1741 3576 1922 3673 ὑμᾶς
1984 3572 2080 3653 τὰ
2139 3574 2573 3678 πολύτροπα
2635 3580 2782 3653 τῶν
2844 3607 3006 3653 πει·
3041 3609 3119 3669 ²5

541 3717 583 3782 d
606 3703 915 3800 ρασμῶν
958 3695 1353 3802 ἐκταράττῃ
1409 3697 1716 3796 κύματα.
1805 3706 2020 3778 τοῦτο
2076 3696 2153 3779 δὲ
2208 3698 2320 3798 ἦν,
2365 3701 2449 3779 οὐ
2502 3697 2687 3801 πρὸς
2742 3699 3014 3778 δειλίαν

608 3820 933 3924 ἄγοντος,
975 3820 1020 3924 ἢ
1077 3827 1727 3924 προκατακλῶντος
1780 3827 1884 3930 τῷ
1936 3823 2151 3930 φόβῳ
2199 3821 2362 3908 τοὺς
2413 3821 2763 3925 μαθητάς·
2826 3826 3005 3903 ἐπα-

610 3946 988 4051 λείφοντος
1024 3943 1098 4027 δὲ
1133 3954 1426 4046 μᾶλλον
1462 3953 1560 4031 εἷς
1604 3948 1919 4032 εὐτονίας
1969 3945 2368 4054 ἀνάληψιν,
2406 3952 2524 4029 καὶ
2575 3951 2783 4028 οἱονεὶ
2830 3945 3013 4052 πρὸς

609 4067 742 4170 τὴν
813 4077 960 4151 τῶν
1032 4071 1336 4153 ἔσεσθαι
1415 4071 2034 4176 προσδοκωμένων
2110 4071 2477 4173 ὑπομονὴν
2546 4106 3009 4177 προευτρεπι-

611 4196 879 4293 σθῆναι
929 4195 1421 4282 διδάσκοντος.
1503 4196 1586 4276 οὐ
1636 4195 1783 4300 γὰρ
1831 4195 2232 4301 εὑρήσομεν
2266 4196 2571 4301 ἀκερδὲς,
2606 4204 2899 4297 μᾶλλον
2940 4195 3014 4278 δὲ
3038 4225 3118 4282 30

686 4422 737 4461 2.
774 4407 858 4460 καὶ
881 4408 1000 4477 ὑμῖν
1022 4408 1140 4479 ἄρτι
1161 4408 1303 4480 λέγω
1327 4428 1437 4465 om.
1462 4410 1527 4465 Ε.
1554 4409 1649 4465 sed
1675 4409 1744 4464 cf.
1769 4409 1907 4465 infra
1932 4423 2000 4481 74
2021 4481 2033 4493 .
2049 4409 2102 4464 b.
2279 4424 2329 4482 7.
2365 4411 2533 4466 αὐτῶν
2558 4410 2623 4464 Ε.
2720 4409 2805 4464 διὰ
2826 4411 3019 4467 παντὸς

614 4477 683 4532 Ε.
708 4477 793 4532 διὰ
815 4479 981 4534 πάντα
1008 4479 1109 4534 Ed.
1329 4498 1414 4549 24.
1453 4484 1571 4537 τότε
1595 4481 1767 4538 τοίνυν
1790 4481 1894 4537 hoc
1918 4498 1952 4536 ο
2079 4499 2108 4536 e
2133 4481 2199 4537 Ε.
2435 4495 2523 4553 27.
2558 4482 3018 4551 προκατακλὸντος

615 4549 680 4604 Ε.
703 4553 1201 4620 προσκατακλῶντος
1225 4551 1328 4607 Ed.

3217 226 3236 299 Ι
