3238 5158
601 368 689 429 88
1210 369 1286 433 B.
1336 368 1758 434 CYRILLI
1820 366 2397 434 ALEXANDR.
2742 387 2875 430 vm
2899 383 3008 449 43.

605 539 664 613 εἰ
721 532 797 614 δὲ
850 533 1358 615 τεταπείνωκεν
1407 534 1660 615 ἑαυτὸν
1710 534 1911 633 ἑκὼν,
1957 535 2292 635 δηλονότι
2348 530 3010 636 συγκατανεύοντος

606 655 857 760 ὥσπερ
912 660 1029 738 καὶ
1082 657 1602 744 συνεθέλοντος
1659 661 1852 767 αὐτῷ
1903 667 2034 739 τοῦ
2092 665 2165 739 Π
2170 657 2404 761 ατρὸς,
2460 664 2669 739 ποῖον
2724 657 2870 764 ἔξει
2921 652 3008 736 τὸ

608 781 1077 883 κατηγόρημα
1120 782 1473 890 διεξάγων
1507 788 1604 868 εἰς
1657 780 1870 868 τέλος
1917 788 2046 883 τῆς
2094 784 2492 880 οἰκονομίας
2541 780 2670 861 τὸν
2705 777 3002 883 τρόπον,

608 907 773 985 καθ’
816 904 897 984 ὃν
934 906 1067 986 ἔδει
1108 905 1382 1008 λόγον;
1448 913 1508 986 εἰ
1558 905 1636 988 δὲ
1687 905 1804 987 διὰ
1853 906 1935 987 τὸ
1986 906 2222 1011 λέγειν
2261 906 2739 998 ἀπεστάλθαι,
2776 908 2893 984 καὶ
2931 907 3008 983 ἐν

609 1026 994 1109 ἐλάττοσιν
1027 1027 1072 1130 ἢ
1111 1033 1187 1109 ἐν
1224 1029 1325 1115 οἷς
1362 1034 1562 1111 ἐστιν
1602 1033 1642 1112 ὁ
1681 1029 1942 1134 Πατὴρ
1977 1032 2103 1112 οἴει
2142 1037 2420 1112 κεῖσθαι
2457 1028 2583 1110 τὸν
2611 1027 2811 1125 Υἱὸν,
2850 1034 3006 1111 πῶς
3033 1048 3067 1107 5

609 1151 758 1232 εἰπὲ
813 1151 956 1256 γάρ
1010 1188 1133 1249 μοι
1185 1153 1412 1234 πάλιν
1457 1157 1498 1234 ὃ
1548 1158 1626 1235 ἐν
1662 1153 2049 1236 ἐλάττοσιν
2087 1153 2187 1234 ὧν
2223 1153 2410 1234 κατὰ
2459 1150 2590 1252 τὴν
2627 1151 2772 1250 σὴν
2807 1153 3001 1249 ἀμα-

536 1289 581 1355 b
610 1274 791 1373 θίαν,
829 1278 1411 1381 ἀπαραλλάκτως
1450 1280 1725 1381 ἐνεργεῖ
1754 1278 1846 1359 τὰ
1882 1285 2119 1377 Θεοῦ,
2180 1286 2323 1359 ποῦ
2373 1274 2517 1381 γὰρ
2567 1273 2650 1356 τὸ
2701 1272 3008 1354 ἔλαττον

609 1402 684 1480 ἐν
739 1402 930 1508 αὐτῷ
986 1402 1429 1508 διαφαίνεται
1493 1401 1735 1483 πάντα
1800 1404 2087 1487 τελείως
2152 1401 2440 1508 ἔχοντος
2489 1399 2583 1481 τὰ
2640 1407 2772 1479 τοῦ
2829 1400 3010 1478 ἰδίου

607 1524 1052 1627 γεννήτορος,
1092 1529 1211 1606 καὶ
1262 1524 1780 1629 πληρεστάτην
1814 1527 2154 1635 ἐξουσίαν
2187 1525 2320 1626 τὴν
2356 1529 2763 1628 θεοπρεπῆς
2832 1525 3003 1603 οὑκ-

608 1658 736 1729 οῦν
772 1652 900 1730 οὐκ
936 1649 1257 1730 ἐλάττων
1293 1647 1412 1729 διὰ
1446 1648 1579 1748 τὴν
1616 1649 2044 1751 ἀποστολὴν
2081 1648 2540 1751 νοηθήσεται,
2584 1646 2785 1728 ἀλλὰ
2821 1645 3009 1731 Θεὸς
3041 1680 3112 1720 10

610 1774 952 1878 ὑπάρχων
989 1774 1068 1851 ἐκ
1111 1778 1301 1852 Θεοῦ
1352 1772 1535 1854 κατὰ
1589 1775 1821 1879 φύσιν
1866 1779 1982 1854 καὶ
2037 1777 2415 1874 ἀληθινῶς,
2458 1775 2740 1874 ἐπείπερ
2796 1768 3011 1853 αὐτός

609 1898 812 1976 ἐστιν
864 1896 909 1995 ἡ
965 1896 1197 2002 σοφία
1253 1898 1368 1977 καὶ
1423 1898 1468 1997 ἦ
1525 1897 1820 1995 δύναμις
1876 1907 2005 1978 τοῦ
2060 1896 2370 2001 Πατρὸς,
2419 1898 2773 1994 πέμπεται
2826 1891 3013 1997 πρὸς

610 2021 797 2120 ἡμᾶς
834 2019 1154 2123 καθάπερ
1194 2021 1283 2127 ἐξ
1325 2022 1535 2121 ἡλίου
1571 2019 1655 2101 τὸ
1692 2022 1783 2128 ἐξ
1812 2022 2030 2102 αὐτοῦ
2067 2020 2639 2118 σκεδαννύμενον
2675 2025 2855 2125 φῶς,
2894 2020 3013 2098 ἵνα

611 2150 847 2251 σοφοΐ
891 2143 978 2226 τὸ
1032 2145 1304 2252 σοφίας
1357 2145 1643 2242 ἐπιδεὲς,
1690 2149 1876 2225 οὕτω
1933 2180 2007 2225 τε
2066 2144 2324 2226 λοιπὸν
2365 2141 2872 2247 ἀναβιβάζὸιτο
2922 2143 3009 2221 δι’

553 2308 588 2353 ο
614 2271 851 2367 αὐτοῦ,
891 2274 1008 2348 καὶ
1043 2267 1224 2372 πρὸς
1255 2271 1650 2369 ἐπίγνωσιν
1687 2277 1815 2349 τοῦ
1853 2275 2045 2350 Θεοῦ
2082 2275 2197 2350 καὶ
2238 2266 2528 2371 Πατρὸς
2565 2268 3014 2367 δυναμωθεῖη
3047 2291 3115 2351 ¹5

611 2390 697 2474 τὸ
752 2391 1168 2493 ἠσθενηκὸς,
1207 2396 1322 2473 καὶ
1376 2391 1559 2495 πρὸς
1613 2400 1867 2473 πᾶσαν
1921 2391 2181 2497 ἀρετὴν
2231 2390 2695 2495 ἀναγάγοιτο.
2771 2390 3017 2471 πάντα

611 2513 755 2621 γὰρ
804 2521 896 2622 τῇ
938 2515 1321 2621 ἀνθρώπου
1368 2517 1584 2625 φύσει
1626 2515 1719 2599 τὰ
1755 2517 2125 2599 κάλλιστα
2162 2515 2278 2599 διὰ
2313 2516 2538 2618 μόνου
2572 2516 2850 2623 πέφηνε
2884 2524 3017 2597 τοῦ

613 2645 965 2746 Χριστοῦ.
1049 2640 1390 2723 οἰκετικὸν
1437 2644 1563 2722 οὖν
1609 2644 1750 2745 ἄρα
1798 2641 1883 2724 τὸ
1933 2640 2278 2746 παράπαν
2321 2641 2522 2721 οὐδὲν
2557 2645 2632 2722 ἐν
2668 2646 3011 2744 Χριστῶ,

612 2763 812 2865 πλὴν
867 2765 1008 2870 ἄρα
1066 2763 1287 2866 μόνης
1349 2772 1477 2865 τῆς
1543 2767 1728 2847 κατὰ
1792 2766 2034 2870 σάρκα
2097 2771 2409 2872 μορφῆς,
2474 2765 2875 2868 θεοπρεπὴς
2940 2765 3017 2845 δὲ

612 2896 905 2989 μᾶλλον
936 2890 981 2990 ἦ
1019 2892 1131 2999 ἐφ’
1172 2886 1449 2970 ἅπασιν
1486 2891 1784 2996 ἐξουσία
1820 2895 1939 2970 καὶ
1973 2890 2294 2990 δύναμις,
2336 2888 2471 2969 κᾶν
2508 2892 2548 2968 ὁ
2587 2888 2811 2991 λόγος
2847 2891 3018 2989 ἡμῖν
3049 2918 3124 2959 20

614 3014 1141 3119 σχηματίζηται
1204 3012 1290 3096 τὸ
1358 3015 1806 3116 ἀνθρώπινον
1866 3021 1967 3121 τῷ
2028 3018 2157 3115 τῆς
2221 3013 2718 3096 ταπεινώσεως
2778 3013 3019 3121 μέτρῳ

547 3252 591 3316 d
615 3145 856 3223 καλῶς
911 3137 1585 3245 συμμορφούμενος.

515 3429 591 3486 43
660 3411 784 3478 Διά
841 3411 901 3478 τί
953 3413 1074 3479 τὴν
1128 3415 1362 3482 λαλιὰν
1415 3416 1536 3482 τήν
1589 3416 1755 3494 ἐμὴν
1811 3417 1887 3480 οὐ
1943 3414 2333 3498 Γινώσκετε,
2402 3417 2504 3481 ὅτι
2559 3417 2634 3481 οὐ
2690 3413 2972 3481 δύνασθε

1279 3539 1542 3606 ἀκούειν
1598 3541 1711 3608 τὸν
1767 3542 1960 3616 λόΓον
2013 3541 2127 3610 τὸν
2181 3539 2360 3618 ἐμόν.

728 3694 839 3772 Τὸ
896 3696 1012 3772 καὶ
1068 3689 1425 3780 πολλάκις
1481 3696 1845 3797 εἰρημένον
1900 3698 2068 3797 ἡμῖν
2119 3699 2410 3799 ἐροῦμεν
2457 3694 2711 3786 πάλιν,
2759 3692 2879 3774 διὰ
2935 3693 3020 3775 τὸ
3055 3729 3134 3789 25

615 3823 762 3900 τοῖς
817 3816 1335 3924 ἐντευξομένοις
1387 3817 1788 3903 λυσιτελές·
1874 3822 2045 3901 ἰέναι
2102 3820 2246 3925 γὰρ
2303 3824 2421 3900 καὶ
2476 3819 2679 3917 μάλα
2728 3827 3022 3925 συχνῶς

612 3939 741 4021 τὸν
802 3940 1029 4043 λόγον
1085 3941 1203 4022 διὰ
1265 3952 1396 4023 τοῦ
1458 3944 1860 4050 πεφυκότος
1928 3949 2236 4049 ὠφελεῖν
2292 3943 2376 4023 τὸ
2441 3948 2731 4024 ἀδικοῦν
2786 3944 3016 4024 οὐδέν.

687 4194 738 4249 7.
776 4175 867 4249 τὰ]
900 4185 957 4241 -Ι-
987 4181 1082 4233 τοῦ
1100 4173 1288 4234 Holst.
1318 4179 1422 4236 Ed.
1563 4178 1694 4252 γὰρ]
1728 4188 1785 4244 -Ι-
1815 4181 1879 4235 r&
1905 4185 2043 4236 Θεοῦ
2070 4181 2135 4235 Β.
2201 4200 2262 4236 ro
2287 4199 2434 4236 more
2458 4189 2520 4235 ut
2545 4179 2654 4236 vid.
2680 4181 2843 4236 verba
2865 4200 3024 4254 repe-

613 4256 754 4312 tens,
778 4247 925 4303 unde
948 4248 1077 4304 haec
1102 4249 1291 4305 delevi.
1503 4250 1557 4307 8.
1593 4252 1732 4324 αὐτῷ
1760 4251 1827 4307 Β.
1852 4252 2016 4324 ἑαυτῷ
2047 4252 2143 4307 Ht.
2163 4200 2779 4322 ¹fzd.1aegendumne
2802 4253 3021 4323 ἔχοντ-εἰ

620 4335 704 4373 12.
743 4317 773 4387 ἦ
797 4319 892 4373 alt.
919 4337 1100 4374 assum
1142 4331 1260 4376 tum
1283 4338 1350 4375 ex
1374 4338 1423 4377 a.
1680 4339 1700 4376 1
1746 4362 1761 4377 .
1799 4324 1980 4395 ὥσπερ
2004 4340 2054 4377 ει.
2310 4339 2392 4389 14.
2430 4322 2625 4394 σοφοῖ]
2653 4322 2945 4393 σοφισθείη
2971 4342 3024 4380 a.

613 4403 702 4513 115.
741 4389 804 4514 δὲ)
905 4390 1068 4515 αἴθει-ξιξ
1136 4408 1200 4446 .a.
1226 4392 1495 4462 δυναμωθῇ
1526 4391 1626 4446 Ht.
1651 4340 1756 4482 1133.
1851 4462 1898 4518 B
2078 4393 2176 4518 18}
2199 4393 2446 4447 οἰκετικὸν
2472 4391 2748 4517 [ἔίκετικὸν
2775 4392 2869 4520 ¹131]
2898 4394 3025 4450 Ba.

613 4480 771 4586 Ακῖιτὶιικ
803 4482 832 4515 ν
871 4464 2155 4615 Stssfim'laqumm221229mfffistffivisssfffff
2176 4466 2235 4534 ‘v
2259 4472 3029 4618 αὀθῖολιαῖιῖὶῗΐὲὶξῆθεξάνιέξ

617 4601 741 4674 (D.)
773 4600 872 4657 Ht.
898 4600 1201 4658 emendant
1223 4602 1371 4658 Aub.
1589 4617 1676 4670 25.
1711 4605 1926 4674 ἐροῦμεν
1947 4606 2108 4660 πάλιν
2128 4603 2234 4660 hoc
2259 4604 2448 4659 ordme
2473 4604 2541 4659 B.
