3238 5158
200 365 285 432 ix.
314 388 416 451 24.
576 368 694 435 IN
754 369 822 435 S.
872 369 1384 437 JOANNEM.
1475 369 1667 436 LIB.
1701 370 1824 434 VI.
1916 370 2120 435 CAP.
2168 370 2223 436 Ι.
2475 372 2600 435 177

197 535 418 629 βούλ.
499 539 773 637 οὐκοῦν,
818 541 903 619 οὐ
959 540 1076 619 διὰ
1131 547 1260 619 τοῦ
1308 540 1564 640 Ἀγίου
1625 538 2044 636 Πνεύματος
2067 582 2076 586 ·
2099 540 2173 616 αἱ
2228 542 2372 614 τῶν
2406 536 2593 615 Ἰου-
2625 570 2660 613 e

197 663 420 741 δαίων
454 666 835 762 συνθῆκαι,
870 663 1408 767 προσετίθεσαν
1442 661 1587 765 γὰρ
1640 661 1990 765 ἁμαρτίας
2038 661 2149 767 ἐφ’
2191 658 2593 763 ἁμαρτίαις,

195 786 400 865 αὐτοὶ
455 785 588 884 μὲν
635 785 779 891 πρὸ
834 786 1127 868 πάντων
1181 786 1309 867 τὸν
1358 787 1444 882 κἐκ
1496 790 1626 885 τῆς
1681 784 2034 869 ἀπειθείας
2090 783 2394 885 ὄλεθρον
2448 790 2602 865 ταῖς

194 908 472 989 ἑαυτῶν
528 910 992 1013 ἐπισύροντες
1057 916 1432 1018 κεφαλαῖς,
1491 907 2094 1012 παραπέμποντες
2168 905 2242 987 δὲ
2316 911 2434 986 καὶ
2495 897 2604 990 ἐἷς

133 1040 169 1101 5
194 1032 479 1136 ἑτέρους
544 1032 661 1113 διὰ
725 1042 855 1115 τοῦ
918 1034 1224 1114 κωλύειν
1287 1031 1541 1117 αὐτοὺς
1607 1035 1995 1133 ὁμολογεῖν
2054 1029 2181 1111 τὸν
2240 1029 2597 1134 Χριστόν·

195 1158 634 1251 δυσσεβείας
711 1157 843 1256 μὲν
919 1155 1062 1258 γὰρ
1135 1160 1262 1254 τῆς
1343 1155 1659 1260 ἐσχάτης
1734 1154 2144 1252 ἀνάμεστον
2216 1155 2441 1240 ὅντως
2517 1154 2603 1236 τὸ

190 1278 607 1383 ἐγχείρημα,
652 1281 853 1381 πλὴν
904 1279 1228 1388 ἀνηνύτῳ
1283 1278 1661 1381 πράγματι
1716 1284 2111 1429 σφαλερῶς
2165 1280 2603 1380 ἐγκειμένους

198 1406 505 1510 διαγελᾷ
562 1403 800 1506 λέγων
855 1407 897 1484 ό
956 1404 1365 1512 ψαλμωδός
1416 1415 1458 1452 “
1485 1403 1705 1505 Κύριε
1761 1404 1837 1481 ἐν
1889 1403 2073 1507 ὀργῇ
2129 1437 2271 1481 σου
2324 1437 2596 1484 συντα-
2694 1407 2892 1522 ξιξ-ξ·

198 1535 244 1574 “
278 1525 524 1634 ράξεις
579 1527 855 1626 αὐτοὺς,
903 1563 1019 1635 κᾳι
1076 1525 1572 1634 καταφάγεται
1630 1524 1884 1610 αὐτούς
1940 1535 2106 1629 πῦρ,
2154 1525 2282 1605 τὸν
2327 1561 2604 1629 καρπον
2629 1559 2664 1598 a
2717 1545 2838 1598 616
2857 1544 2937 1598 A·

97 1669 171 1709 ¹0
202 1658 247 1696 “
281 1650 520 1731 αὐτῶν
564 1650 710 1733 ἀπὸ
764 1656 898 1755 γῆς
954 1654 1273 1748 ἀπολεῖς,
1317 1654 1434 1730 καὶ
1484 1647 1568 1729 τὸ
1619 1648 1915 1752 σπέρμα
1963 1651 2200 1728 αὐτῶν
2241 1647 2387 1729 ἀπὸ
2437 1654 2606 1730 υἱῶν

201 1783 246 1820 “
283 1775 708 1878 ἀνθρώπων·
772 1775 884 1855 ὅτι
917 1775 1208 1855 ἔκλιναν
1243 1780 1342 1858 εἰς
1390 1770 1480 1852 σὲ
1530 1772 1740 1869 κακὰ,
1779 1775 2284 1875 διελογίσαντο
2325 1771 2607 1872 βουλὴν

201 1907 246 1944 “
284 1897 378 1997 ἣν
425 1900 511 1978 οὐ
566 1899 667 1999 μὴ
719 1900 1068 1979 δύνωνται
1118 1897 1447 1998 στῆναι.”
1533 1897 1857 2002 ἴσχυσαν
1905 1895 2051 2001 γὰρ
2102 1898 2427 1996 οὐδαμῶς
2473 1894 2608 1996 τὴν

202 2021 564 2127 θεομάχον
598 2031 941 2126 κρατῦναι
976 2020 1280 2121 βουλὴν,
1318 2023 1544 2101 καίτοι
1590 2018 1950 2104 πολλάκις
2004 2025 2121 2100 καὶ
2173 2019 2289 2100 διὰ
2336 2023 2608 2123 μυρίων

201 2146 784 2250 ἐπιχειρήσαντες
837 2144 1130 2250 τρόπων
1184 2146 1541 2251 ἀφανίσαι
1594 2142 1728 2242 τὴν
1783 2141 2009 2252 δόξαν
2044 2148 2402 2246 Χριστοῦ.
2498 2142 2608 2224 διὸ

98 2282 177 2343 15
204 2273 322 2349 καὶ
376 2268 723 2351 τέθεινται
779 2277 1023 2369 νῶτος,
1069 2268 1457 2366 τουτέστιν,
1495 2271 1574 2348 ἐκ
1628 2268 2032 2371 προσώπου
2084 2266 2451 2370 γεγόνασι,
2492 2271 2607 2347 καὶ
2698 2284 2876 2347 Ib·13·

202 2393 296 2499 ἐξ
361 2394 770 2499 ὀφθαλμῶν
842 2403 971 2475 τοῦ
1043 2391 1336 2473 πάντων
1396 2391 1810 2490 Δεσπότου,
1875 2392 2158 2475 δικαίως
2232 2392 2607 2476 ἀκούοντες

205 2527 251 2565 “
285 2516 698 2621 Πορεύεσθε
763 2522 865 2628 τῷ
931 2520 1120 2626 φωτὶ
1183 2525 1314 2598 τοῦ
1380 2549 1608 2620 πυρος
1672 2518 1869 2615 ὑμῶν
1929 2518 2048 2596 καὶ
2110 2521 2202 2623 τῇ
2267 2519 2605 2624 φλογὶῃ
2571 2513 2605 2548 ‘
2698 2529 2783 2581 Fa·
2804 2529 2839 2578 1·
2864 2540 2939 2578 1¹·

205 2640 794 2748 “ε’ξεκαύσατε.”
2628 2633 2672 2698 b

195 2881 603 2970 Ἐφώνησαν
657 2879 772 2949 οὖν
826 2884 939 2951 τὸν
995 2882 1348 2972 ἄνθρωπον
1401 2883 1478 2946 ὲκ
1534 2880 1842 2970 δευτέρου
1902 2882 1980 2948 ὃς
2041 2876 2121 2947 ἦν
2178 2881 2445 2968 τυφλὸς,
2501 2879 2607 2944 καὶ
2639 2890 2713 2943 24

104 3019 179 3061 20
309 3003 496 3076 εἶπον
551 3008 733 3096 αὐτῷ
774 3010 906 3077 Aac
959 3010 1157 3080 δόξαν
1211 3016 1308 3095 τῷ
1354 3010 1526 3095 Θεῷ·
1603 3006 1792 3087 ἡμεῖς
1846 3005 2119 3086 οἴδαμεν
2172 3009 2272 3075 ὅτι
2326 3005 2516 3073 οὗτος
2570 3010 2607 3073 ὁ

308 3134 663 3224 ἅνθρωπος
715 3137 1115 3226 ἁμαρτωλός
1169 3136 1367 3202 ἐστιν.

320 3306 793 3407 Ἀποστῆσαι
834 3310 962 3407 τῆς
999 3313 1098 3392 εἰς
1135 3305 1468 3409 Χριστὸν
1505 3306 1859 3414 εὐφημίας
1902 3304 2030 3386 τὸν
2066 3305 2448 3409 ανθρωπον
2485 3306 2614 3384 οὐκ

209 3429 741 3583 ἰσχύσαντες,
706 3465 921 3540 ετερω
958 3465 1140 3535 προς
1178 3430 1409 3511 τούτω
1446 3430 1919 3531 μεθοδεύειν’
1883 3437 2322 3535 επιχειροῦσι
2372 3428 2606 3536 λόγω,

211 3556 331 3634 καὶ
390 3557 693 3664 χρηστῷ
757 3552 1028 3659 τρόπον
1084 3553 1244 3634 τινὰ
1297 3561 1400 3664 τῷ
1454 3553 1891 3654 δελεάσματι
1944 3589 2128 3659 προς
2180 3552 2308 3633 τὸν
2363 3557 2616 3633 οικεῖον

111 3697 183 3759 25
212 3677 591 3759 καθελκειν
643 3679 1042 3782 ἐπείγονται
1097 3713 1400 3776 σκοπον,
1456 3713 1540 3758 το
1596 3678 1674 3760 δε
1725 3680 1898 3779 μηδ’
1959 3677 2151 3763 ολως
2205 3682 2613 3777 μεμνῆσθαι
2639 3711 2675 3754 ο

211 3806 570 3906 Χριστοῦ,
645 3799 826 3904 μήτε
900 3800 1047 3904 μὴν
1117 3802 1624 3906 ἀνακηρύττειν
1695 3800 1913 3883 αὐτὸν
1986 3806 2085 3886 ὡς
2157 3799 2421 3904 ἰατρὸν,
2498 3795 2615 3878 διά

211 3932 521 4006 πολλῶν
594 3928 1000 4008 ἀναπείθειν
1070 3926 1649 4032 ε’κμηχανῶμενοι
1726 3923 1993 4028 λόγων,
2066 3924 2614 4028 πανουργότατα

212 4049 383 4128 λίαν
446 4053 705 4154 χρῆναι
767 4047 901 4147 μὲν
966 4045 1165 4158 δόξαν
1226 4051 1587 4131 ἀναθεῖναι
1652 4057 1746 4157 τῷ
1809 4046 1963 4156 Oea}
2028 4046 2146 4129 διά
2219 4046 2302 4127 τὸ
2374 4043 2616 4144 θαῦμά

214 4178 473 4278 φασιν,
509 4174 835 4271 εὐσεβεῖν
870 4175 947 4255 ἐν
982 4174 1216 4283 τούτω
1253 4172 1759 4274 πλαττόμενοι,
1797 4175 2340 4254 συνδιακεῖσθαι
2388 4166 2617 4274 γεμὴν

291 4409 344 4448 2.
381 4392 771 4463 προσετίθεσαν
796 4393 863 4448 Β.
888 4393 1291 4478 προσετέθησαν
1316 4394 1498 4449 Holst.
1526 4393 1631 4448 Ed.
1906 4409 1987 4448 10.
2025 4390 2155 4481 ἀπὸ]
2190 4398 2247 4456 -Ι-
2278 4393 2366 4460 τῆς
2395 4391 2492 4445 Ht.
2515 4389 2618 4445 Ed.

221 4481 308 4520 12.
344 4466 543 4534 στῆσαι
565 4463 858 4520 emendans
882 4476 946 4519 ut
969 4464 1225 4521 adnotat
1212 4482 1328 4553 1pse
1350 4464 1496 4520 Aub.
1524 4462 1700 4547 (ναῒ.)
1864 4463 1946 4518 16.
1985 4462 2258 4518 ἀκούοντες
2280 4471 2622 4532 assumptum

214 4552 283 4590 u
312 4533 379 4590 Β.
553 4550 637 4606 19.
675 4536 766 4589 τὸν
787 4534 1059 4607 ἄνθρωπον
1083 4535 1140 4590 ἐκ
1164 4534 1407 4606 δευτέρου
1432 4535 1536 4590 hoc
1561 4534 1749 4588 ordine
1776 4534 1842 4590 B.
2005 4550 2090 4589 20.
2129 4532 2280 4589 οὗτος
2302 4534 2331 4586 ὁ
2356 4531 2624 4602 ἅνθρωπος

215 4605 287 4663 Β»
312 4607 344 4661 ὁ
368 4608 604 4664 τοιοῦτος
624 4604 896 4676 ἅνθρωπος
923 4604 1021 4662 Ht.
1047 4608 1077 4661 ὁ
1098 4610 1331 4663 τοιοῦτος
1351 4605 1623 4678 ἅνθρωπος
1646 4604 1797 4662 οὗτος
1821 4604 1925 4660 Ed.

307 4706 454 4755 VOL.
486 4707 565 4754 11.
1346 4708 1457 4753 Aa
