3238 5158
196 331 332 398 xiv.
366 352 465 419 19.
575 331 692 397 IN
753 331 822 397 S.
870 332 1392 399 JOANNEM.
1482 333 1678 398 LIB.
1727 332 1849 397 IX.
1939 333 2144 398 CAP.
2191 331 2246 397 Ι.
2481 333 2608 395 475

200 504 247 543 “
285 498 488 576 λείαν
522 494 669 579 ἀπὸ
707 502 1126 598 καταβολῆς
1170 495 1513 598 κόσμου.”
1572 495 2010 576 συνέσονται
2061 494 2203 600 γὰρ
2254 498 2372 575 καὶ
2421 529 2610 592 συμ-

201 622 745 716 βασιλεύσουσι
791 629 895 731 τῷ
932 628 1259 730 Χριστῷ,
1300 625 1417 701 καὶ
1453 628 1598 705 τοῖς
1637 621 1986 722 οὐρανίοις
2031 619 2614 725 ἐντρυφήσουσιν

204 748 525 846 ἀγαθοῖς,
578 748 1004 855 σύμμορφοι
1058 747 1437 850 γεγονότες
1492 750 1619 847 τῆς
1675 743 2148 827 ἀναστάσεως
2203 746 2441 841 αὐτοῦ,
2498 746 2614 823 καὶ

206 873 335 971 τῆς
367 869 500 971 μὲν
531 874 833 976 ἀρχαίας
871 877 1152 977 φθορᾶς
1198 870 1609 974 διαδράντες
1659 868 1827 955 τοὺς
1874 867 2212 974 βρόχους,
2251 873 2496 973 μακρᾷ
2539 865 2617 946 δὲ

134 1012 179 1074 5
209 997 327 1073 καὶ
382 995 721 1103 ἀμυθήτῳ
773 994 1324 1100 περιβληθέντες
1387 995 1550 1100 ζωῇ,
1608 998 1726 1075 καὶ
1791 992 2274 1094 ἀτελευτήτως
2340 998 2444 1099 τῷ
2509 993 2614 1069 ἀεὶ
2637 1001 2681 1066 b

209 1115 418 1220 ζῶντι
455 1120 808 1224 συζῶντες
845 1120 1224 1228 Δεσπότῃ.
1305 1120 1416 1201 ὅτι
1452 1120 1598 1224 γὰρ
1637 1125 1703 1200 οἱ
1739 1123 2049 1225 θεοφιλῆ
2091 1121 2207 1198 καὶ
2254 1116 2618 1224 ἐξαίρετον

211 1242 667 1345 ἀσκήσαντες
700 1246 886 1344 βίον,
923 1244 1399 1329 ἀδιαλείπτως
1444 1244 1881 1325 συνέσονται
1930 1249 2034 1350 τῷ
2068 1247 2393 1349 Χριστῷ,
2429 1246 2608 1321 θεω·

209 1377 498 1472 ροῦντες
533 1368 871 1470 δηλονότι
908 1368 994 1450 τὸ
1030 1376 1220 1450 θεῖον
1260 1371 1486 1450 αὐτοῦ·
1516 1371 1636 1449 καὶ
1678 1368 1988 1473 ἅῤῥητον
2026 1363 2323 1464 κάλλος,
2356 1374 2610 1470 σαφη-

0 1581 19 1612 U
211 1499 347 1572 νιεῖ
387 1491 621 1595 λε’γων
657 1495 697 1574 6
739 1500 1038 1578 Παῦλος
1077 1505 1121 1543 “
1142 1492 1321 1575 ’Ότι
1371 1492 1584 1577 αὐτὸς
1637 1495 1677 1572 6
1719 1493 1984 1596 Κύριος
2033 1494 2109 1572 ἐν
2145 1489 2611 1587 κελεύσματι,

0 1694 21 1730 Ἴ
90 1647 182 1689 10
213 1625 258 1663 “
294 1618 371 1695 ἐν
411 1625 618 1723 φωνῇ
669 1621 1135 1725 ἀρχαγγέλου
1186 1622 1302 1699 καὶ
1349 1620 1425 1699 ἐν
1473 1617 1841 1720 σάλπιγγι
1890 1621 2079 1696 Θεοῦ
2127 1614 2619 1715 καταβήσεται

214 1751 260 1790 “
296 1742 418 1822 ἀπ’
496 1743 820 1846 οὐρανοῦ,
896 1747 1015 1826 καὶ
1089 1748 1157 1824 οἶ
1234 1746 1467 1845 νεκροὶ
1540 1744 1618 1822 ἐν
1692 1746 1998 1847 Χριστῷ
2078 1737 2619 1840 ἀναστήσονται

214 1875 260 1914 “
294 1872 606 1970 πρῶτον,
665 1866 904 1950 ἔπειτα
974 1869 1172 1969 ἡμεῖς
1246 1874 1314 1948 οἱ
1390 1865 1643 1970 ζῶντες
1708 1872 1773 1947 οἱ
1837 1863 2407 1968 περιλειπόμενοι
2478 1861 2621 1943 σῦν

214 2000 259 2040 “
294 1993 533 2077 αὐτοῖς
606 1993 1184 2097 ἁρπαγησόμεθα
1257 1995 1334 2073 ἐν
1412 1989 1749 2098 νεφέλαις
1830 1996 1928 2074 εἰς
2010 1987 2420 2087 ἀπάντησιν
2492 1995 2620 2066 τοῦ
2643 2015 2681 2059 o

213 2126 260 2164 “
301 2119 576 2270 Κυρίου
619 2124 714 2202 εἰς
752 2120 946 2267 ἀέρα,
984 2121 1102 2198 καὶ
1154 2120 1377 2202 οὕτως
1425 2115 1736 2199 πάντοτε
1773 2114 1915 2195 σὺν
1957 2114 2202 2222 Κυρίῳ
2233 2110 2617 2212 ἐσόμεθα·”

0 2240 1 2245 ¹
95 2271 127 2311 1
145 2265 183 2326 5
216 2245 332 2320 καὶ
383 2241 613 2324 πάλιν
648 2277 833 2347 προς
883 2278 1047 2328 τους
1097 2252 1391 2346 νεκροῦν
1425 2242 1807 2343 ελομένους
1854 2239 1948 2321 τὰ
1996 2240 2073 2319 ἐν
2116 2236 2374 2347 κόσμῳ
2422 2234 2621 2336 πάθη

213 2376 260 2413 “
297 2368 730 2449 Ἀπεθάνετε
808 2366 976 2472 γὰρ,
1037 2372 1157 2447 καὶ
1231 2366 1277 2466 ἡ
1356 2364 1495 2469 ζωὴ
1572 2368 1772 2466 ὑμῶν
1845 2363 2229 2467 κε’κρυπται
2302 2395 2447 2440 συν
2518 2364 2623 2467 τῷ
2713 2361 2919 2492 &⁰2¹5-

217 2501 260 2539 “
218 2498 642 2665 αΧριστῷ
661 2495 736 2572 ἐν
791 2499 894 2602 τῷ
951 2497 1140 2601 Θεῷ,
1199 2490 1374 2571 ὅταν
1428 2493 1470 2571 6
1526 2489 1852 2596 Χριστος
1917 2491 2303 2639 φανερωθῇ
2369 2485 2413 2585 ἡ
2480 2482 2621 2590 ζωὴ

218 2621 523 2717 “υμῶν,
559 2617 721 2698 τότε
773 2621 892 2699 καὶ
944 2620 1139 2717 υμεῖς
1190 2616 1805 2724 φανερωθήσεσθε
1854 2649 1999 2695 συν
2034 2615 2227 2720 αὐτῷ
2263 2615 2338 2692 ἐν
2375 2610 2625 2719 δόξῃῗ

220 2743 497 2823 οὐκοῦν·
557 2744 1296 2849 ἀνακεφαλαιώσομαι
1348 2739 1494 2844 γάρ
1547 2749 1680 2822 τοῦ
1729 2738 1958 2842 λόγου
2005 2735 2139 2838 τὴν
2176 2736 2499 2836 δύναμιν·
2563 2739 2629 2831 οἱ

100 2896 194 2938 20
220 2864 354 2965 μὲν
385 2871 534 2945 τῶν
576 2867 653 2946 ἐν
698 2864 954 2975 κόσμῳ
1010 2873 1247 2946 κακῶν
1298 2868 1600 2968 ἐρασταὶ
1656 2864 2210 2970 κατοιχήσονται
2262 2861 2445 2965 πρὸς
2500 2858 2629 2941 τὸν
2716 2913 2732 2929 .

222 2986 425 3097 ᾅδην,
486 2993 603 3070 καὶ
664 2993 740 3071 ἐκ
800 2990 1201 3094 προσώπου
1265 2989 1699 3093 γενήσονται
1764 2995 2119 3093 Χριστοῦ·
2198 2985 2629 3067 συνέσονται

221 3114 452 3218 γεμὴν
495 3117 688 3223 αὐτῷ
736 3119 853 3196 καὶ
906 3114 1541 3215 συνδιαιτήσονται
1593 3114 1711 3195 διὰ
1763 3113 2035 3197 παντὸς
2083 3117 2149 3192 οἶ
2199 3115 2327 3211 τῆς
2376 3112 2629 3213 ἀρετῆς
2654 3122 2698 3188 d

218 3243 542 3345 ἐρασταὶ,
602 3243 722 3321 καὶ
785 3237 913 3320 τὸν
972 3241 1363 3344 ἀῤῥαβῶνα
1432 3246 1562 3320 τοῦ
1630 3238 2048 3338 Πνεύματος
2121 3239 2337 3334 ἀσινῆ
2414 3233 2628 3334 τηρή-

219 3400 505 3464 σαντες,
542 3366 884 3450 συνόντες
921 3363 998 3443 δέ
1037 3362 1395 3463 δηλονότι,
1433 3368 1550 3444 καὶ
1586 3363 1673 3443 τὸ
1708 3360 2097 3466 θεοπρεπὲς
2139 3363 2358 3442 αὐτοῦ
2407 3358 2625 3438 κατό-

105 3522 193 3583 25
224 3494 491 3597 ψονται
566 3489 842 3573 κάλλος
915 3488 1446 3572 ἀδιακωλύτως·
1553 3498 1596 3535 “
1626 3483 1903 3568 Ἔσται
1975 3485 2119 3590 γάρ
2190 3519 2335 3582 σοι,
2412 3486 2628 3593 φησὶ,
2724 3502 2969 3569 Eeb-19·

221 3625 268 3663 “
310 3614 575 3719 Κύριος
614 3622 769 3721 φῶς
812 3611 1120 3710 αἰώνιον,
1158 3615 1274 3693 καὶ
1327 3615 1366 3692 6
1409 3610 1599 3697 Θεὸς
1651 3612 1834 3719 δόξα
1881 3613 2092 3692 σου·”
2156 3614 2273 3690 καὶ
2324 3606 2506 3694 εἰκὸς
2558 3607 2635 3688 δὲ

224 3749 439 3820 τοῦτο
502 3741 909 3832 βούλεσθαι
976 3740 1249 3838 δηλοῦν
1316 3735 1444 3817 τὸν
1503 3737 1797 3840 Κύριον,
1857 3736 2031 3817 ὅταν
2089 3733 2457 3833 ἀκούωμεν
2518 3732 2639 3811 λεί-

2714 1498 2735 1532 ι
2757 1483 2932 1532 Thess.

2707 1550 2775 1600 iv.
2790 1550 2864 1608 16,
2882 1558 2957 1613 17.

225 3896 483 3965 γοντος
518 3864 678 3944 ’Ἔτι
732 3863 964 3969 μικρὶν
1026 3873 1146 3943 καὶ
1208 3871 1238 3943 ὁ
1299 3864 1559 3968 κόσμος
1614 3898 1707 3967 με
1764 3859 1983 3943 οὐκέτι
2041 3858 2269 3969 θεωρεῖ,
2319 3862 2509 3963 ὑμεῖς
2566 3853 2638 3937 δὲ

228 3983 512 4091 θεωρεῖτέ
540 4022 652 4091 με,
691 3988 789 4067 ’ὅτι
829 3983 966 4089 ἐγῶ
1005 3985 1097 4095 ζῶ
1138 3996 1256 4066 καὶ
1298 3989 1487 4092 ὑμεῖς
1527 3984 1821 4094 ζήσεσθε.
1900 3983 2372 4090 διαψεύσεται
2410 3980 2638 4084 γεμὴν

104 4140 202 4201 3ο
228 4111 580 4209 οὐδαμῶς,
624 4110 852 4218 μικρὶν
897 4107 1073 4190 εἶναι
1130 4109 1367 4212 λε’γων
1420 4106 1550 4189 τὸν
1604 4107 1880 4216 μεταξὺ
1933 4106 2197 4214 χρόνον
2243 4110 2371 4205 τῆς
2427 4108 2635 4185 οἱονεὶ

226 4232 763 4339 ἀποκαλύψεως
817 4234 1055 4315 αὐτοῦ.
1143 4238 1312 4341 Θεῷ
1367 4232 1509 4338 γὰρ
1567 4238 1671 4341 τῷ
1726 4235 1831 4313 ἀεὶ
1887 4231 2038 4312 ὄντι
2096 4233 2213 4311 καὶ
2271 4231 2311 4309 6
2364 4230 2636 4333 μακρὸς
2659 4279 2695 4321 0

300 4437 353 4492 6.
393 4436 657 4506 ἐξαίρετος
682 4434 746 4491 Ε.
966 4448 1016 4505 7.
1053 4434 1399 4491 ἀδιαλείπτως
1425 4434 1489 4489 Ε.
1493 4434 1554 4490 F.
1585 4435 1688 4489 Ed.
1715 4454 1811 4507 mg
1815 4434 2079 4504 ,domum
2081 4458 2181 4492 τως
2207 4434 2310 4490 Ed.

227 4511 321 4566 alt.
347 4517 689 4577 assumptum
715 4524 778 4561 ex
808 4506 872 4562 E.
1124 4523 1206 4561 11.
1242 4506 1326 4560 ἀπ’
1358 4506 1421 4560 Ε.
1448 4516 1510 4561 ut
1535 4524 1638 4576 sup
1642 4525 1698 4561 ra
1727 4455 1828 4578 7635
1846 4506 1900 4562 d.
1925 4507 2027 4562 απὸ
2056 4506 2158 4562 Ed.
2269 4507 2318 4559 οἷ
2343 4436 2637 4574 νειεροὶῗὁ
2574 4509 2629 4567 -Ι-

228 4583 277 4637 οἶ
305 4579 407 4635 Ed.
434 4579 606 4633 invito
634 4578 698 4633 E.
922 4594 1002 4630 12.
1040 4584 1245 4645 πρῶτον
1272 4577 1778 4648 Ε.οἰ.1.ο.πρῶτοι
1805 4578 1907 4633 Ed.

1346 4679 1525 4745 3P2
