3238 5158
607 275 737 338 460
1215 273 1293 338 B.
1341 271 1768 339 CYRILLI
1829 270 2412 337 ALEXANDR.
2620 268 2759 334 xiv.
2795 284 2905 344 12,
2940 282 3052 349 13.

612 435 880 519 διδόναι
929 443 1076 522 τοῖς
1122 442 1448 541 γνησίοις
1495 438 1588 520 τὰ
1630 436 1890 542 ἀγαθά·
1949 438 2126 541 ὅπερ
2164 435 2245 519 ἀν
2284 437 2594 531 αἰτήσητε
2578 434 2876 544 φησιν
2918 432 3055 510 ἐπὶ

552 594 588 637 e
615 570 708 670 τῷ
760 564 1039 668 ὀνόματί
1080 601 1232 670 μου,
1268 565 1453 645 τοῦτο
1497 566 1777 660 ποιήσω,
1813 563 2321 662 τετελεσμένον
2368 567 2499 641 τοῦ
2544 564 2800 662 καιροῦ
2856 552 3053 635 καθ’

613 722 696 766 ον
739 686 898 786 ἔδει,
936 690 1260 795 φησιν,’
1224 724 1301 768 εν
1347 693 1451 795 τῷ
1495 690 1626 787 τῆς
1679 686 2175 772 ταπεινώσεως
2231 685 2614 793 φαίνεσθαι
2668 678 3048 786 σχήματι.

609 810 961 915 τετήρηκα
1016 811 1100 892 τὸ
1162 811 1438 915 πρέπον
1498 809 1617 891 διὰ
1680 809 1814 912 τὴν
1868 812 2310 962 ρίκονομίαν·
2400 811 2553 889 νυνὶ
2613 803 2693 888 δὲ
2755 802 3051 884 λοιπὸν

610 936 1225 1020 ἀκατακαλύπτως
1270 939 1369 1020 ὡς
1405 931 1596 1021 Θεὸς
1640 934 2054 1039 ἐνεργήσειν
2088 932 2640 1037 ἐπαγγέλλομαι
2674 965 2769 1011 τα
2808 934 3047 1024 Θεοῦ,
3072 943 3113 1003 5

612 1060 697 1140 οὐ
751 1055 881 1139 τὸν
927 1058 1223 1162 Πατέρα
1282 1064 1412 1159 τῆς
1478 1093 1664 1140 ουτω
1729 1065 2168 1163 θεοπρεποῦς
2232 1058 2451 1166 δόξης
2514 1052 3045 1204 ἐξωθούμενος,

611 1187 783 1264 ἀλλ’
830 1183 942 1263 ἵνα
1000 1178 1370 1294 δοξασθη
1343 1219 1402 1265 εν
1451 1181 1545 1292 rc}
1601 1191 1761 1292 Τὶᾧ.
1843 1181 2322 1290 δοξαζομένου
2375 1181 2519 1287 γὰρ
2573 1186 2704 1260 τοῦ
2752 1211 3037 1279 γεννη-

610 1342 859 1407 ματος,
895 1308 1439 1415 δοξασθήσεται
1472 1305 1762 1392 πάντως
1799 1310 1875 1388 ἑν
1912 1308 2105 1416 αὐτῷ
2141 1341 2257 1387 και
2296 1307 2336 1387 5
2373 1302 2732 1409 γεννήσας
2764 1300 3036 1382 αὐτόν.

614 1428 804 1517 Θεὸς
855 1430 1001 1534 γὰρ
1050 1429 1140 1511 ἂν
1175 1430 1360 1512 κατὰ
1410 1431 1642 1536 φύσιν
1687 1430 2031 1536 ὑπάρχων
2067 1432 2109 1511 5
2151 1429 2329 1516 Υἱὸς
2382 1431 2499 1510 καὶ
2549 1427 2666 1509 διὰ
2710 1431 3045 1507 πολλῶν

610 1553 745 1655 μὲν
816 1553 1072 1660 ἑτέρων
1147 1553 1712 1661 καταπέφανται·
1798 1555 2001 1636 οὐδὲν
2066 1553 2144 1635 δὲ
2217 1554 2434 1655 ἦττον
2507 1556 2625 1634 καὶ
2698 1550 2823 1633 διὰ
2896 1559 3041 1631 τοῦ
3070 1577 3139 1618 ¹0

613 1677 953 1785 δέχεσθαι
997 1676 1127 1781 μὲν
1163 1678 1293 1765 τὰς
1337 1685 1484 1760 τῶν
1520 1680 1746 1783 ἁγίων
1781 1678 2014 1786 εὐχὰς,
2048 1686 2388 1786 χορηγεῖν
2425 1677 2498 1760 δὲ
2547 1680 2786 1760 αὐτοῖς
2839 1671 3040 1778 ἅπερ

544 1818 590 1883 d
614 1801 703 1885 ἂν
740 1810 996 1885 αἰτοῖεν
1034 1806 1150 1885 καὶ
1186 1805 1600 1900 βούλοιντο.
1678 1811 1836 1890 πῶς
1884 1805 2011 1885 οὖν
2047 1807 2174 1885 οὐκ
2207 1802 2297 1883 ἂν
2334 1805 2376 1884 5
2416 1800 2675 1905 Πατὴρ
2712 1803 2791 1881 ἐν
2831 1800 3041 1905 αὐτῷ

611 1926 1026 2035 δοξάζὸιτος
1078 1927 1326 2032 ὥσπερ
1361 1928 1507 2033 γὰρ
1545 1933 1662 2010 καὶ
1699 1927 1986 2014 εἰκότως
2022 1927 2113 2010 ἀν
2149 1929 2585 2034 κατεψέχθη,
2608 1931 2805 2005 Θεοῦ
2842 1922 3038 2005 κατὰ

614 2052 845 2159 φύσιν
901 2053 1030 2133 οὐκ
1095 2051 1303 2138 ὄντος
1367 2062 1498 2134 τοῦ
1561 2054 2051 2158 προελθόντος
2111 2052 2202 2161 ἐξ
2268 2054 2487 2134 αὐτοῦ
2550 2047 3031 2155 γεννήματος·

611 2178 839 2262 οὕτως
873 2175 1079 2258 ἔσται
1115 2175 1308 2259 πολὺ
1346 2179 1515 2259 λίαν
1551 2179 1868 2278 εὐκλεὴς,
1904 2177 2091 2258 Θεὸν
2128 2179 2314 2283 ἔχων
2349 2175 2719 2278 ἀληθινὸν,
2760 2177 2887 2255 καὶ
2936 2173 3035 2255 τὰ
3062 2197 3125 2257 15

612 2298 852 2381 πάντα
889 2300 1235 2406 ἰσχύοντα
1271 2306 1449 2408 δρᾶν
1484 2337 1559 2384 τε
1612 2306 1793 2401 ὁμοῦ
1844 2305 1962 2383 καὶ
2010 2302 2268 2406 ἑτέροις
2306 2299 2749 2408 χαρίζεσθαι,
2777 2298 2917 2381 τὸν
2946 2302 3032 2380 ἐκ

611 2427 739 2523 τῆς
777 2424 1029 2510 οὐσίας
1065 2426 1282 2506 αὐτοῦ
1318 2423 1775 2530 προελθόντα
1810 2423 2111 2528 καρπόν.

724 2554 816 2630 Εἰ
853 2547 930 2630 δὲ
978 2556 1074 2636 εἰς
1125 2549 1351 2659 δόξαν
1385 2551 1735 2633 συντείνει
1771 2559 1900 2632 τοῦ
1940 2548 2233 2656 Πατρὸς
2275 2547 2362 2632 τὸ
2412 2552 2488 2632 ἐν
2523 2554 2673 2634 τοῖς
2710 2553 3025 2652 θεοπρε-

605 2675 824 2757 πέσιν
880 2676 1292 2782 ἀξιώμασιν
1346 2677 1657 2780 ὁρᾶσθαι
1711 2673 1842 2757 τὸν
1888 2675 2088 2775 Υἰὸν,
2144 2683 2346 2759 ποῖος
2400 2683 2529 2756 τοῦ
2584 2671 3029 2775 κολάζεσθαι

554 2835 590 2878 e
613 2798 834 2902 λόγος
916 2800 1258 2907 ἐξελεῖται
1338 2800 1468 2880 τὸν
1540 2800 1909 2904 αἱρετικὸν,
1986 2800 2489 2905 ἀναισχύντοις
2575 2800 3027 2906 δυσφημίαις
3053 2828 3114 2868 20

611 2925 1207 3027 κατασμικρύνειν
1243 2924 1462 3005 αὐτὸν
1493 2923 1970 3029 πολυτρόπως
2006 2926 2090 3005 οὐ
2123 2926 2691 3021 καταδείσαντας
2753 2925 2900 3027 ἐρῶ
2946 2922 3024 3003 δὲ

608 3048 791 3152 πρὸς
845 3049 1120 3135 τούτοις
1175 3050 1433 3153 ἕτερον,
1480 3056 1636 3134 ταῖς
1688 3049 1971 3130 ἐκείνων
2016 3049 2504 3133 ἀπαιδευσίαις
2560 3048 2645 3128 οὐ
2692 3048 3022 3149 μετρίως,

612 3177 710 3258 ὡς
758 3176 1046 3282 ἐγῷμαι,
1090 3173 1520 3278 μαχόμενον.
1614 3177 1676 3253 εἰ
1726 3172 1870 3277 γὰρ
1918 3172 2270 3279 εὐχόμεθα
2318 3180 2422 3282 τῷ
2464 3174 2621 3281 Υἰῷ
2676 3174 2794 3252 καὶ
2844 3174 3020 3275 παρ’

610 3297 829 3377 αὐτοῦ
866 3297 1207 3401 ζητοῦμεν
1243 3296 1334 3378 τά
1365 3296 1743 3399 αἰτήματα,
1782 3301 1898 3379 καὶ
1934 3295 2149 3384 αὐτὸς
2193 3297 2461 3379 διδόναι
2506 3294 3017 3399 κατεπαγγέλ-

611 3431 834 3519 λεται,
875 3429 1033 3506 πῶς
1087 3423 1215 3501 οὐκ
1270 3418 1362 3501 ἂν
1411 3422 1518 3523 εἴη
1575 3421 1799 3529 φύσει
1854 3419 2073 3535 ΘεδςΙ
2099 3426 2218 3503 καὶ
2271 3425 2349 3503 ἐκ
2399 3428 2593 3503 Θεοῦ
2645 3430 2778 3502 τοῦ
2833 3421 3021 3502 κατὰ
3048 3446 3113 3508 25

612 3545 842 3650 φύσιν
900 3546 1465 3647 γεγεννημένοςς
1546 3553 1607 3626 εἰ
1673 3545 1818 3650 γὰρ
1875 3542 1978 3645 μὴ
2044 3550 2267 3632 οὕτως
2333 3547 2518 3652 ἔχειν
2582 3547 3017 3644 ὑπολαμβά-

614 3702 862 3749 νουσιν
898 3667 1135 3767 αὐτὸν,
1173 3667 1474 3771 γενητὸν
1508 3669 1585 3751 δὲ
1623 3667 1795 3751 εἶναι
1833 3671 2156 3774 λέγουσι,
2185 3670 2369 3752 κατὰ
2403 3671 2481 3751 τί
2509 3672 2877 3768 διοίσομεν
2918 3673 3021 3752 ἔτι

280 3807 415 3863 805
438 3806 515 3862 Δ·
554 3821 591 3861 a
613 3798 759 3872 τῶν
808 3792 1385 3893 ἐπικαλουμένων
1433 3793 1562 3874 τὸν
1612 3795 1823 3895 ἥλιον
1864 3793 1910 3897 ἢ
1967 3793 2094 3876 τὸν
2152 3793 2453 3901 οὐρανὸν
2507 3795 2731 3897 ἤγουν
2775 3795 3021 3899 ἕτερόν

611 3950 683 3997 τι
751 3923 897 3997 τῶν
952 3917 1416 4018 κτισμάτωνς
1499 3925 1558 3999 εἰ
1626 3918 1771 4022 γὰρ
1845 3922 1962 4000 καὶ
2030 3919 2328 4027 σφόδρα
2402 3919 2821 4022 κακούργως
2892 3925 3022 4021 τῆς

611 4043 882 4122 ἑαυτῶν
950 4042 1251 4147 ἀλογίας
1328 4041 1414 4125 τὸ
1497 4043 1815 4131 ἀκαλλὲς
1899 4044 2459 4143 δυσωπούμενοι,
2533 4043 2809 4141 κτίσμα
2890 4046 3021 4144 μὲν
3045 4070 3109 4130 30

611 4165 960 4268 λέγουσιν
1009 4168 1228 4249 αὐτὸν
1275 4171 1351 4249 ἐν
1400 4168 1543 4276 ἴσῳ
1596 4176 1745 4252 τοῖς
1800 4169 2060 4253 ἄλλοις
2114 4171 2530 4268 κτίσμασιν,
2579 4169 3023 4274 ἀσύγκριτον

687 4475 734 4514 1.
770 4457 1044 4529 αἰτήσηται
1067 4460 1133 4515 Ε.
1386 4459 1438 4514 6.
1476 4460 1796 4553 θεοπρεποῦς
1821 4459 1964 4516 Catt.
1988 4459 2291 4533 πρεπούσης
2315 4459 2420 4517 Ed.
2679 4476 2764 4516 10.
2801 4462 3018 4518 κατακέ-

608 4532 775 4604 φιιται
801 4531 865 4587 Ε.
1079 4548 1168 4602 31.
1206 4528 1287 4601 ε’ν]
1317 4530 1702 4602 Ιιθςειιάιιπιηο
1726 4531 1818 4586 οὐκ
1842 4532 1937 4587 ἒνὲ
