3238 5158
242 329 444 419 ix.13,
474 353 578 416 14.
667 334 783 401 IN
842 335 913 401 S.
960 329 1489 402 JOANNEM.'
1565 335 1913 402 LIB.VI.
2004 337 2212 402 CAP.
2259 337 2316 401 Ι.
2503 337 2629 400 163
2738 362 2745 374 ·

238 530 413 596 μητο
473 495 560 578 τὸ
634 499 1076 607 παράδοξον,
1143 501 1324 600 ὁμοῦ
1399 501 1484 580 δέ
1547 511 1618 581 τι
1693 503 1814 580 καὶ
1887 506 2283 604 κατορθοῦν
2360 499 2631 579 οἴονται

240 630 627 702 συντελοῦν
691 625 931 707 αὐτοῖς
1005 631 1102 707 εἰς
1176 625 1544 718 εὐσεβείας
1619 623 1995 732 ὑπόληψιν
2071 629 2169 709 ὡς
2243 625 2320 702 ἐν
2393 623 2633 702 ἔθεσιν

239 743 661 846 Ἰουδαῖκοῖς,
700 750 819 827 καὶ
872 744 1164 847 νομικὸν
1210 749 1569 848 ἐπίταγμα
1618 748 1969 854 διεξάγειν
2013 754 2111 833 εἷς
2159 746 2381 852 πέρας
2434 748 2591 828 ἐπεί
2594 793 2626 808 -
2656 760 2701 826 b

237 900 502 969 γονται.
607 872 686 950 ἐν
737 869 871 972 μὲν
923 868 1070 973 γὰρ
1124 873 1228 977 τῷ
1284 873 1826 979 Δευτερονομίῳ
1882 872 2068 955 Θεὸς
2135 873 2174 950 5
2234 869 2457 976 φύσει
2518 873 2635 951 καὶ

179 1015 213 1076 5
238 991 572 1093 ἀληθινὸς
623 992 709 1075 τὸ
756 993 859 1096 μὴ
908 997 1053 1074 δεῖν
1077 994 1397 1097 ’ἑτέρωσε
1449 994 2008 1103 παραφέρεσθαί
2051 1030 2177 1076 ποι
2225 1002 2372 1074 τῶν
2411 1001 2629 1102 φιλο-

235 1114 411 1197 θέων
467 1114 599 1199 τὸν
663 1126 831 1199 νοῦν
892 1115 1357 1218 ἐκδιδάσκων,
1417 1118 1597 1219 μήτε
1657 1118 1804 1219 μὴν
1857 1121 2026 1224 παρ’
2086 1116 2305 1199 αὐτὸν
2359 1119 2643 1198 οἴεσθαί

233 1273 425 1326 τινας
474 1239 653 1323 εἶναι
705 1239 929 1341 θεοὺς,
973 1241 1482 1344 προσεδρεύειν
1527 1242 1603 1323 δὲ
1652 1241 1851 1350 μόνῳ
1903 1248 2007 1350 τῷ
2057 1243 2241 1323 κατὰ
2291 1240 2637 1342 ἀλήθειαν

232 1363 642 1464 ἐπιτάττων,
678 1364 879 1447 ἀλλὰ
922 1371 1039 1447 καὶ
1074 1368 1243 1446 λίαν
1273 1367 1853 1468 ἐκπικραίνεσθαι
1893 1366 2076 1447 κατὰ
2108 1372 2255 1446 τῶν
2290 1365 2531 1470 ἕτερόν
2567 1401 2638 1447 τι

231 1488 428 1592 παρὰ
465 1498 678 1570 τοῦτο
717 1498 1008 1597 φρονεῖν
1045 1498 1600 1589 συμβουλεῦσαι
1645 1490 2119 1589 τολμώντων,
2161 1491 2347 1570 οὕτω
2402 1488 2637 1596 φησίν

171 1620 277 1690 0“
309 1609 493 1695 Ἐὰν
530 1610 608 1694 δε
654 1614 1140 1718 παρακαλέσῃ
1189 1648 1278 1693 σε
1327 1613 1368 1693 5
1418 1612 1740 1720 αδελφός
1786 1648 1928 1694 σου
1975 1616 2054 1695 ἐκ
2098 1612 2373 1717 πατρός
2410 1647 2551 1693 σου
2587 1611 2633 1714 ἢ

233 1737 387 1816 “ε’κ
430 1736 707 1840 μητρός
757 1772 920 1836 σου,
958 1735 1004 1838 ἢ
1058 1738 1099 1817 5
1151 1733 1298 1820 υιός
1349 1770 1491 1817 σου
1538 1733 1584 1836 ἢ
1630 1737 1675 1836 ἡ
1716 1736 2040 1839 θυγάτηρ
2073 1771 2243 1834 σου,
2288 1734 2334 1837 ἢ
2372 1737 2415 1837 ἡ
2454 1734 2635 1838 γυνή

229 1868 458 1942 “σου
493 1862 539 1962 ἡ
576 1862 653 1941 ἐν
686 1867 792 1969 τῷ
828 1859 1083 1969 κόλπω
1127 1894 1292 1958 σου,
1328 1857 1374 1961 ἢ
1426 1861 1465 1939 5
1519 1860 1739 1967 φίλος
1788 1863 1829 1941 5
1880 1860 2043 1946 ἰ’σος
2092 1867 2185 1967 τῇ
2234 1865 2449 1969 ψυχῇ
2497 1894 2637 1939 σου
2662 1894 2699 1938 e

231 1992 275 2032 ‘⁶
311 1983 558 2090 λάθρα
595 1985 833 2087 λέγων
870 1989 1350 2088 Πορευθῶμεν
1387 1987 1505 2065 καὶ
1555 1984 2072 2087 λατρεύσωμεν
2106 1989 2294 2069 θεοῖς
2343 1982 2634 2088 ἑτέροις,

230 2116 274 2154 “
308 2109 394 2188 οὐ
460 2107 942 2209 συνθελήσεις
1000 2109 1195 2215 αὐτῷ
1255 2110 1373 2188 καὶ
1430 2109 1557 2189 οὐκ
1621 2107 2018 2215 εἶσακούσῃ
2078 2110 2318 2206 αὐτοῦ,
2374 2111 2493 2188 καὶ
2558 2108 2643 2186 οὐ

130 2253 200 2316 15
229 2239 274 2279 ‘⁴
229 2232 644 2403 6(φείσεται
696 2235 737 2313 5
786 2230 1174 2340 ὀφθαλμός
1221 2267 1367 2313 σου
1416 2233 1522 2313 ἐπ’
1564 2233 1780 2339 αὐτῷ,
1826 2234 1943 2312 καὶ
1999 2234 2127 2312 οὐκ
2180 2230 2642 2331 ἐπιποθήσεις

229 2356 513 2466 “αὖτῷ
566 2354 729 2436 οὐδε
776 2354 878 2456 μὴ
929 2352 1321 2440 σκεπᾶσεις
1369 2355 1612 2436 αὐτόν·
1673 2355 2177 2458 ,ἀναγγέλλων
2222 2358 2644 2457 ἀναγγελεῖς

227 2489 272 2528 “
306 2478 404 2559 τὰ
453 2483 625 2585 περὶ
675 2481 917 2561 αὐτοῦ.
921 2479 962 2507 ”
1020 2480 1358 2561 Ἰουδαῖοί
1400 2514 1477 2560 τε
1526 2477 1755 2559 πάλιν
1787 2477 1971 2583 πρὸς
2014 2477 2204 2578 μόνα
2246 2478 2648 2574 βλέποντες

219 2600 317 2684 τὰ
365 2602 639 2709 ετέρων
687 2605 1138 2704 πταίσματα,
1177 2607 1293 2684 καὶ
1344 2602 1429 2684 τὸ
1479 2605 1648 2684 καθ’
1687 2601 1844 2688 ἑνὸς
1894 2601 2188 2706 ὁρισθὲν
2221 2600 2648 2705 πράγματος

221 2726 415 2808 κατὰ
473 2726 749 2814 παντὸς
803 2730 1168 2814 ἀσυνέτως
1222 2727 1697 2836 ἐκδεξάμενοι,
1734 2725 1901 2811 τοὺς
1958 2726 2270 2810 ἁλόντας
2324 2726 2446 2805 ε’πί
2494 2758 2646 2804 τισι

122 2887 197 2929 20
218 2859 373 2936 τοῖς
451 2851 599 2960 ἔξω
677 2850 899 2950 νόμου
970 2855 1304 2957 παρῆγον
1367 2854 1483 2931 ἐπὶ
1546 2849 1712 2935 τοὺς
1776 2850 2153 2955 ἄρχοντας,
2210 2855 2424 2947 τιμᾶν
2490 2847 2641 2928 οἶό-

215 3010 431 3076 μενοι
513 2980 628 3056 καὶ
701 2975 820 3056 διὰ
891 2976 1150 3056 τούτου
1215 2975 1341 3055 τὸν
1404 2974 1816 3076 νομοθέτην.
1931 2972 2048 3052 διὰ
2119 2972 2387 3070 ταύτην
2452 2968 2647 3070 οἶμαι
2672 2991 2717 3055 d

216 3100 358 3202 τὴν
408 3100 674 3198 αἰτίαν,
724 3099 852 3181 τὸν
905 3098 1038 3200 μὲν
1079 3098 1377 3200 Ἰησοῦν
1428 3097 1714 3204 ἐζήτουν
1769 3099 2101 3200 λε’γοντες
2153 3108 2198 3144 “
2229 3102 2392 3177 Ποῦ
2444 3097 2644 3175 ἐστιν

217 3229 622 3308 “ε’κεῖνος
604 3287 624 3319 ,
626 3224 668 3252 ”
732 3227 1049 3326 ἀνευρεῖν
1093 3225 1170 3303 δὲ
1230 3225 1629 3323 οὐδαμόθεν
1682 3222 2138 3328 ισχύσαντες,
2186 3222 2492 3323 ἄγουσιν
2548 3221 2647 3303 ὡς

213 3351 297 3430 ἐν
375 3347 682 3456 δευτέρα
766 3346 966 3455 τάξει
1053 3345 1181 3428 τὸν
1254 3349 1364 3451 ἐφ’
1440 3344 1499 3455 ᾦ
1574 3346 1658 3427 τὸ
1747 3352 1992 3445 θαῦμα
2075 3345 2485 3443 τετελεστο,
2559 3344 2647 3422 δι’

119 3498 193 3562 ²5
215 3466 496 3558 οἰκείας
571 3506 837 3575 ωσπερ
896 3474 1522 3578 ἐπισφραγιοῦντα
1594 3474 1843 3577 φωνῆς
1915 3468 2001 3550 τὸ
2077 3468 2441 3549 λελύσθαι
2525 3467 2655 3546 τὸν

213 3596 458 3696 νόμον
536 3598 614 3676 ἐν
686 3603 835 3679 τοῖς
910 3597 1062 3675 κατ’
1140 3593 1361 3675 αὐτὸν
1430 3593 1630 3697 παρὰ
1705 3601 1836 3674 τοῦ
1913 3592 2492 3697 θεραπεύσαντος
2577 3594 2653 3671 ἐν

212 3755 275 3802 σ
451 3754 553 3799 ατ

274 3717 523 3926 αβέτι
552 3756 772 3923 ‘ge'
693 3877 778 3923 ου
824 3843 1127 3946 μετρίως
1183 3839 1658 3948 ἄσχάλλουσι
1709 3802 1829 3920 δια
1880 3840 1965 3920 τὸ
2017 3820 2358 3943 γενέσθαι
2409 3835 2653 3938 πηλὸν

209 3972 292 4051 ἐν
331 3965 722 4075 σαββάτῳ
759 3963 999 4073 σαφες
1037 3965 1206 4066 ἡμῖν
1243 3963 1660 4047 καθιστᾶς”
1629 3999 1669 4044 ο
1703 3962 2052 4066 μακάριος
2077 3959 2652 4065 Εὑαγγελιστὴς,

116 4120 191 4178 30
213 4092 653 4196 ἐπιτηδείως
711 4090 1257 4200 ἐπισημαίνεται
1322 4087 1455 4188 τὴν
1510 4097 1639 4168 τοῦ
1701 4086 2131 4191 πράγματος
2196 4084 2647 4187 γελοιότητα,
2679 4120 2714 4163 e

286 4388 349 4445 5:
391 4358 632 4441 “ripae''
649 4367 1142 4460 ἔπαρὸφερεστεποῖ
1165 4369 1248 4437 (¹¹=
1272 4366 1500 4436 ἑτέρωσε
1517 4364 1942 4491 παριίῗέρεσθαί
1966 4365 2082 4433 ποι)
2111 4364 2177 4419 Β.
2201 4364 2390 4436 ἑτέρως
2415 4362 2656 4434 παραφέ-

209 4445 425 4517 ρεσθαί
448 4462 553 4499 ποι
576 4440 682 4496 Ed·
825 4441 879 4496 8.
916 4439 1096 4529 ἔτερόν
1122 4439 1187 4493 Β.
1214 4439 1423 4528 Migne.
1445 4436 1635 4508 ἑτέρων
1715 4438 1823 4492 0181
1869 4436 1970 4491 Ed.
2107 4451 2191 4489 12.
2230 4457 2332 4491 σου
2356 4431 2657 4488 secundum

208 4532 333 4575 om.
364 4514 599 4584 Migne.
748 4527 835 4582 13.
867 4514 970 4565 λατ
967 4507 1264 4596 ρεύσωμεν]
1289 4507 1605 4599 λαλῆσωμεν
1629 4525 1678 4562 a.
1852 4509 1936 4562 16.
1974 4506 2245 4575 σκεπάσῃς
2267 4522 2316 4559 a.
2346 4502 2659 4576 [σκεπάσας

210 4584 353 4660 (IV.
395 4584 473 4642 28
501 4583 573 4637 tl·
578 4580 627 4654 )]
822 4580 904 4637 18.
942 4579 1134 4651 ἑτέρων
1157 4579 1226 4636 Β.
1248 4579 1427 4651 ἐτέρου
1451 4577 1556 4634 Ed.

1400 4678 1511 4728 ‘Y'2

2726 1621 2882 1670 Deuf..

2727 1687 2830 1735 xiii.
2855 1684 2903 1744 6,
2924 1685 2972 1742 8,

2728 1767 2778 1817 9·

2737 3105 2902 3168 Supra.

2734 3184 2942 3221 ver.12.
