3238 5158
236 300 503 367 xiv.11.
633 302 749 368 IN
809 302 877 369 S.
926 303 1443 373 JOANNEM.
1533 306 1727 371 LIB.
1772 305 1895 372 IX.
1985 306 2200 372 CAP.
2246 305 2304 372 Ῑ.
2516 301 2649 367 458

235 469 609 553 κοινωνίας
647 470 689 549 5
724 465 949 572 λόγος
999 474 1099 555 εἶς
1135 467 1269 569 τὴν
1297 476 1445 551 τῶν
1480 467 1915 570 θελημάτων
1949 467 2336 571 ὁμοιότητα
2371 467 2650 566 βλέπει,

233 596 395 675 πῶς
431 588 523 673 ἀν
562 592 844 698 ἔχοιμεν
880 591 1103 694 αὐτὴν
1140 592 1324 692 μετὰ
1357 601 1488 674 τοῦ
1527 591 1823 698 Πατρὸς
1872 597 1991 675 καὶ
2040 592 2223 693 μετὰ
2269 599 2400 674 τοῦ
2434 596 2644 688 Υἶοῦ,

234 715 469 796 καίτοι
520 718 675 798 κατ’
715 718 1019 803 ἐκείνους
1072 718 1200 798 οὐκ
1251 716 1480 799 ὄντων
1524 718 1983 817 ὁμοουσίων;
2069 716 2115 820 ἢ
2171 714 2315 821 γὰρ
2371 714 2650 819 ἀνάγκη
2673 726 2717 791 b

234 837 502 921 λοιπὸν
555 844 672 921 καὶ
727 842 913 943 ἡμᾶς
970 840 1065 922 τὰ
1122 840 1445 944 γέλωτος
1505 842 1678 949 ἀξια
1738 849 2185 952 φρονοῦντας
2243 846 2461 923 εἰπεῖν
2519 839 2649 933 ὅτι,

159 983 202 1046 5
230 962 373 1065 τὴν
409 965 672 1046 οἰκείαν
708 963 1211 1053 διακόπτοντες
1247 967 1502 1075 φύσιν,
1542 964 1628 1046 τὸ
1665 964 1799 1065 μὲν
1831 966 2061 1068 ἥμισυ
2108 972 2213 1074 τῷ
2252 968 2521 1069 Πατρὶ,
2565 964 2651 1047 τὸ

237 1089 320 1170 δὲ
375 1089 616 1194 ἕτερον
664 1091 835 1192 ἡμῖν
884 1093 1002 1173 καὶ
1055 1096 1160 1201 τῷ
1208 1096 1366 1200 Υἱῷ
1421 1091 1847 1189 δεδώκαμεν,
1906 1093 2092 1171 οὕτω
2145 1125 2226 1171 τε
2280 1093 2357 1173 ἐν
2412 1092 2651 1177 αὐτοῖς

238 1209 420 1294 εἶναι
456 1214 831 1315 νοούμεθα·
882 1212 929 1318 ἢ
966 1214 1521 1321 παραιτούμενοι
1557 1215 1692 1316 τὴν
1726 1215 2196 1322 ἀποπληξίαν
2232 1223 2361 1296 τοῦ
2396 1214 2650 1319 λόγου,

239 1336 487 1445 φαμὲν
522 1338 632 1421 ὅτι
668 1348 825 1426 ταῖς
867 1339 1051 1421 κατὰ
1102 1337 1412 1441 θέλησιν
1447 1342 1731 1444 ἀρεταῖς
1780 1342 1897 1420 καὶ
1943 1345 2035 1446 τῇ
2082 1341 2518 1448 συμμορφίᾳ
2557 1346 2649 1446 τῇ

237 1460 425 1567 πρὸς
475 1463 560 1544 τὸ
612 1462 803 1546 θεῖόν
835 1498 912 1545 τε
962 1467 1081 1545 καὶ
1129 1462 1540 1569 ἀπόῤῥητον
1576 1463 1857 1550 κάλλος
1890 1463 2485 1572 καταφαιδρύνειν
2518 1461 2650 1546 τὸν

124 1619 156 1661 1
169 1620 214 1659 0
241 1590 501 1668 οἰκεῖον
534 1585 1059 1693 σπουδάζοντες
1109 1597 1304 1685 νοῦν,
1345 1587 1480 1689 τὴν
1516 1593 1647 1689 τῆς
1705 1588 2072 1674 κοινωνίας
2119 1591 2392 1673 ἑαυτοῖς
2439 1622 2642 1691 περι-

238 1711 637 1813 ποιούμεθα
678 1712 914 1819 χάριν.
995 1709 1108 1818 ἀρ’
1146 1714 1273 1795 οὖν
1309 1715 1535 1800 οὕτως
1584 1716 1880 1818 ε’ροῦμεν
1918 1711 2261 1818 ὑπάρχειν
2295 1715 2371 1793 ἐν
2407 1715 2645 1817 Πατρὶ
2669 1744 2708 1789 ο

239 1833 372 1915 τὸν
428 1833 633 1929 wau,
700 1835 929 1941 ἤγουν
991 1837 1335 1944 σχετικὴν
1399 1842 1517 1919 καὶ
1587 1836 2207 1938 ἐπιτετηδευμένην
2281 1835 2650 1917 κοινωνίαν

238 1960 427 2067 ἔχειν
469 1962 652 2067 πρὸς
704 1959 835 2043 τὸν
875 1961 1376 2064 γεννήσαντα;
1444 1964 1674 2043 καίτοι
1723 1962 1801 2043 τί
1845 1963 2108 2063 δήποτε
2160 1959 2279 2042 διὰ
2325 1964 2454 2061 τῆς
2505 1967 2651 2040 τῶν

240 2084 476 2188 ἔργων
512 2086 847 2188 ἰσότητός
881 2121 959 2168 τε
996 2090 1113 2168 καὶ
1147 2087 1564 2190 ὁμοιότητος
1600 2089 2085 2190 ποδηγεῖσθαι
2134 2083 2480 2182 βούλεται
2520 2082 2651 2165 τὸν

125 2235 151 2274 ¹
168 2232 211 2290 5
240 2210 585 2316 ἡμέτερον
621 2221 792 2293 νοῦν
826 2215 941 2295 ε’πὶ
976 2212 1062 2294 τὸ
1097 2218 1358 2320 χρῆναι
1404 2211 1771 2295 πιστεύειν
1805 2209 2355 2309 ἀνενδοιάστως,
2398 2214 2495 2296 ὡς
2543 2210 2649 2311 εἴη

237 2333 375 2435 μὲν
412 2335 625 2421 αὐτὸς
661 2339 738 2417 ἐν
775 2339 1037 2442 Πατρὶ,
1074 2338 1218 2445 ἔχει
1254 2336 1332 2419 δὲ
1367 2338 1460 2417 αὖ
1494 2335 1724 2435 πάλιν
1756 2338 1833 2418 ἐν
1868 2339 2096 2443 ἑαυτῷ
2133 2334 2262 2416 τὸν
2297 2335 2641 2433 Πατέρα;

240 2455 291 2559 ἢ
327 2458 471 2566 γὰρ
507 2461 667 2567 οὐχὶ
702 2469 890 2544 πᾶσι
933 2461 1481 2566 προδηλότατον
1517 2463 1635 2542 καὶ
1686 2459 1951 2562 ἀληθὲς
2003 2457 2329 2565 ὑπάρχον
2363 2461 2643 2562 ὁρᾶται,

242 2584 356 2665 ὅτι
426 2584 562 2685 τὴν
633 2594 780 2667 τῶν
837 2586 1072 2690 ἔργων
1133 2588 1614 2691 λαμπρότητα
1686 2586 1856 2689 παρ’
1923 2585 2128 2685 ἡμῶν
2188 2582 2649 2692 ἐξετάζεσθαι

245 2707 506 2810 θελων,
542 2716 940 2867 moa-Oem‘y'u
929 2713 1357 2794 &lxvvo’w‘
1321 2710 1573 2793 εαυτὸν
1606 2717 1713 2821 τῷ
1758 2710 1909 2820 ἰδίω
1950 2712 2210 2813 Πατρὶ,
2248 2711 2345 2793 ὡς
2393 2707 2647 2790 οὐδένα
2670 2723 2717 2789 d

124 2854 216 2899 20
244 2831 475 2938 λόγον
528 2836 837 2942 ἐχούσης
890 2836 993 2917 ἔτι
1046 2841 1175 2937 τῆς
1230 2838 1382 2917 κατ’
1429 2837 1688 2917 οὐσίαν
1743 2838 2087 2934 διακοπῆς
2151 2836 2269 2915 καὶ
2333 2836 2649 2941 φυσικῆς

240 2956 677 3063 ἑτερότητος,
711 2965 770 3040 εἱ
824 2967 974 3047 τοῖς
1030 2995 1213 3046 ισοις
1267 2963 1643 3069 ἐπαυχοῖεν
1691 2957 2250 3064 κατορθώμασιν
2299 2955 2511 3043 αὐτός
2568 2991 2648 3038 τε

239 3085 360 3166 καὶ
396 3085 438 3164 5
479 3083 764 3189 Πατήρ.

351 3209 371 3237 8
547 3206 569 3235 Ι
735 3207 758 3238 ἱ
1705 3209 2216 3241 ἈἈἈἈ

233 3367 389 3438 ροις
434 3338 588 3415 τισὶ
630 3331 766 3434 τὴν
797 3332 985 3438 πρὸς
1030 3332 1163 3417 τὸν
1197 3331 1391 3416 Θεὸν
1426 3335 1904 3439 συμμορφίαν
1945 3331 2472 3433 ἐπιτηδεύοντες
2513 3335 2643 3431 τῆς

118 3477 209 3540 ²5
238 3455 422 3563 πρὸς
469 3456 690 3540 αὐτὸν
723 3460 1089 3544 κοινωνίας
1144 3460 1557 3567 ἀξιούμεθα.
1639 3457 2186 3562 ε’ποικτείροντες
2219 3454 2363 3560 γὰρ
2408 3453 2644 3557 ἀλλή-

239 3590 435 3683 λους,
465 3585 583 3664 καὶ
619 3589 767 3664 τῶν
799 3586 929 3684 τῆς
963 3582 1250 3686 ἀγάπης
1284 3582 1512 3689 ἔργων
1545 3583 1780 3690 ἀπρὶξ
1808 3580 2214 3691 ἐξημμένοι,
2236 3583 2354 3662 καὶ
2388 3586 2643 3661 πᾶσαν

237 3707 767 3808 ἐπιτηδεύοντες
811 3706 946 3807 τὴν
980 3710 1057 3788 ἐν
1090 3714 1196 3817 τῷ
1240 3709 1407 3790 καθ’
1448 3709 1637 3809 ἡμᾶς
1684 3707 1827 3816 βίῳ
1874 3706 2310 3806 σεμνότητα,
2346 3703 2509 3786 τότε
2546 3704 2638 3804 δὴ

235 3828 523 3930 μόλις’
486 3866 564 3911 εν
601 3834 768 3941 Θεῷ
802 3828 978 3913 εἶναι
1011 3830 1400 3935 λεγόμεθα.
1484 3865 1602 3912 και
1641 3828 1916 3936 μάρτυς
1951 3833 1993 3911 5
2026 3828 2364 3932 Ἰωάννης
2402 3829 2641 3932 λε’γων

237 3963 283 4002 “
315 3956 451 4036 Εν
504 3954 735 4065 τούτῳ
789 3989 1242 4059 γινωσκομεν
1296 3956 1405 4037 ὅτι
1455 3958 1535 4038 ἐν
1586 3958 1782 4067 αὐτῷ
1834 3954 2080 4054 ἐσμέν·
2170 3956 2212 4035 5
2272 3954 2509 4057 λέγων
2563 3988 2642 4034 εν
2663 3990 2700 4034 e
2730 3956 2975 4085 sssff‘ff·

118 4097 209 4158 30
235 4087 282 4126 “
317 4078 512 4187 αὐτῷ
545 4079 781 4181 με’νειν
816 4080 1091 4189 ὀφείλει
1134 4078 1369 4167 καθως
1417 4082 1678 4166 ἐκεῖνος
1725 4077 2209 4184 περιεπάτησε
2260 4082 2377 4160 καὶ
2424 4075 2639 4163 αὐτὸς

234 4210 281 4250 “
313 4204 805 4306 περιπατεῖν,”
861 4206 982 4285 καὶ
1049 4203 1278 4287 πάλιν
1339 4217 1387 4255 “
1419 4207 1688 4308 Ὑμεῖς,
1763 4207 2019 4314 φησὶν,
2096 4202 2137 4286 ὃ
2210 4201 2333 4284 ἀπ’
2411 4205 2638 4310 ἀρχῆς
2729 4225 2911 4291 1b.24.

308 4490 397 4546 23.
431 4474 595 4530 εἷπεῖν
618 4481 673 4529 et
694 4497 752 4531 εν
773 4474 865 4532 alt.
887 4483 1167 4547 mumpta
1187 4493 1253 4532 ex
1278 4476 1346 4532 E.
1610 4488 1698 4547 27.
1735 4478 2014 4547 σεμνότητι
2042 4475 2108 4533 Ε.
2371 4475 2457 4530 28.
2496 4476 2527 4529 ὁ
2550 4490 2637 4529 αι·

237 4554 519 4618 cumptum
542 4561 610 4600 ει
634 4544 701 4600 Ε.
