3238 5158
229 367 494 455 viii-37·
633 369 746 434 IN
809 370 876 434 s.
924 338 1474 436 JoANNEMJ
1529 371 1837 437 LIB.V.
1927 369 2249 435 CARV.
2554 373 2633 437 71

228 532 544 613 συνιέναι
609 532 834 614 πόθεν
894 536 1081 634 ἡμᾶς
1146 538 1537 638 ἀναγκαῖον
1592 534 1936 637 ἐπιζητεῖν
2002 534 2133 634 τὴν
2200 532 2382 614 κατὰ
2448 533 2641 614 Θεὸν

226 657 606 757 εὐγένειαν,
682 661 799 737 καὶ
871 657 999 739 τὸν
1074 660 1492 762 ἐλευθεροῦν
1558 659 1911 764 ἰσχύοντα
1980 657 2369 758 μανθάνειν
2427 656 2631 737 Υἱόν.

224 779 747 878 μελετάτωσαν
802 783 1041 862 τοίνυν
1094 781 1196 883 μὴ
1253 785 1568 890 ὑψηλοῖς
1633 784 2115 888 ἐξογκοῦσθαι
2172 780 2638 888 φρονήμασιν

228 908 296 983 οἱ
345 911 497 988 τοῖς
549 907 626 984 ἐν
663 903 920 1014 κόσμῳ
972 909 1341 1011 χαίροντες
1392 907 1779 1015 ἀξιώμασι,
1820 905 1999 1006 μηδὲ
2053 910 2179 1005 τῆς
2228 911 2374 984 τῶν
2411 905 2635 1006 ἁγίων
2659 918 2703 983 b

159 1053 198 1114 5
231 1030 871 1133 κατατρεχέτωσαν
927 1031 1146 1137 δόξης
1200 1066 1277 1111 τε
1333 1035 1449 1110 καὶ
1504 1031 1816 1135 χάριτος,
1874 1036 1935 1108 εἲ
1991 1032 2108 1109 καὶ
2160 1028 2407 1131 μικροί
2454 1062 2636 1110 τινες

229 1153 308 1230 ἐκ
356 1160 632 1254 μικρῶν
676 1150 1026 1256 γεγόνασι
1082 1153 1265 1233 κατὰ
1320 1154 1580 1255 σάρκα·
1641 1155 1725 1234 οὐ
1781 1152 1925 1255 γὰρ
1979 1153 2063 1232 τὸ
2121 1155 2196 1232 ἐν
2232 1151 2637 1253 ἀνθρώποις

231 1275 577 1378 λαμπρὸν
615 1273 789 1356 εἶναι
844 1281 1102 1357 δοκοῦν
1143 1281 1352 1382 ἀρκεῖ
1391 1276 1574 1381 πρὸς
1626 1277 1982 1387 εὐγένειαν
2018 1274 2152 1375 τὴν
2189 1273 2389 1378 παρὰ
2428 1280 2629 1382 Θεῷ,

230 1398 434 1478 ἀλλὰ
491 1399 576 1479 τὸ
629 1402 705 1479 ἐν
738 1401 879 1509 βίῳ
937 1404 1053 1480 καὶ
1108 1401 1400 1504 τρόποις
1453 1408 1603 1486 τοῖς
1659 1406 1735 1481 ἐν
1776 1403 1994 1506 ἀρετῇ
2047 1397 2383 1506 διαφανὲς
2434 1399 2635 1478 ἐλεύ-

230 1529 442 1627 θερον
478 1523 701 1609 ὅντως
738 1528 855 1604 καὶ
891 1525 1142 1627 εὐγενῆ
1180 1524 1308 1606 τὸν
1345 1526 1728 1630 ἄνθρωπον
1764 1523 2253 1628 ἀπεργάζεται.
2293 1533 2337 1570 “
2357 1521 2634 1625 ἐπράθη
2725 1519 2810 1650 {²52
2835 1520 2932 1571 οἷ’·

155 1695 202 1736 0
231 1658 277 1695 ‘⁶
313 1645 444 1747 μὲν
500 1654 600 1733 εἶς
662 1652 931 1728 δοῦλον
984 1648 1337 1756 Ἰωσὴφ,”
1398 1648 1586 1729 καθὰ
1649 1649 2076 1752 γέγραπται,
2135 1647 2306 1727 ἀλλ’
2365 1645 2456 1747 ἦν
2516 1650 2636 1727 καὶ

230 1773 460 1856 οὕτως
540 1772 912 1876 ἐλεύθερος
991 1775 1082 1878 τῇ
1172 1774 1355 1853 κατὰ
1443 1772 1695 1880 ψυχὴν
1768 1773 2084 1879 εὐγενείᾳ
2148 1770 2628 1875 ,διαλάμπων

231 1893 506 1998 πατρὸς
562 1896 637 1976 δὲ
685 1896 909 2004 ἐξέφυ
958 1896 1090 1997 μὲν
1131 1896 1505 2000 ἐλευθέρου
1550 1900 1670 1976 καὶ
1716 1895 1808 1999 ἦν
1861 1896 2083 1980 ὅντως
2118 1896 2395 1992 Ἠσαῦ,
2432 1893 2634 1974 ἀλλὰ
2657 1910 2695 1954 0

232 2024 326 2124 τῇ
367 2027 515 2100 τῶν
549 2019 838 2123 τρόπων
873 2021 1299 2126 αἶσχρότητι
1354 2022 1439 2101 τὸ
1491 2018 1982 2123 δουλοπρεπὲς
2031 2021 2389 2101 ἐπεδείκνυ
2439 2019 2625 2126 φρό-

235 2177 453 2243 νημα.
555 2146 855 2247 εὐγενεῖς
920 2146 1046 2225 οὖν
1104 2147 1247 2248 ἄρα
1310 2144 1511 2248 παρὰ
1564 2149 1753 2251 Θεῷ,
1810 2141 2132 2246 καθάπερ
2193 2144 2321 2223 οὖν
2378 2144 2635 2245 ἀρτίως

123 2300 207 2363 15
233 2266 627 2370 εἰρήκαμεν,
685 2270 820 2373 οὐχ
874 2274 940 2349 οἶ
997 2277 1321 2350 πλοῦτον
1376 2270 1679 2374 ἔχοντες,
1736 2270 1853 2347 καὶ
1910 2265 2299 2372 χρημάτων
2352 2300 2635 2369 περιου-

232 2391 433 2476 σίαις
515 2391 1024 2497 περιχεόμενοι,
1104 2396 1222 2473 καὶ
1303 2398 1676 2495 λαμπραῖς
1758 2391 2240 2496 ἐπιχαίροντες
2321 2396 2475 2474 ταῖς
2556 2393 2635 2469 ἐν

234 2515 493 2625 κόσμῳ
548 2524 805 2617 τιμαῖς,
860 2516 1031 2598 ἀλλ’
1090 2523 1157 2599 οὶ
1215 2516 1356 2626 βίῳ
1421 2521 1669 2624 σεμνῷ
1730 2518 1847 2595 καὶ
1904 2516 2234 2622 πολιτείᾳ
2292 2513 2632 2623 συννόμῷ

233 2643 622 2746 διαφανεῖς.

261 2875 430 2947 Οἶδα
485 2884 587 2953 ὅτι
639 2882 898 2973 σπέρμα
941 2882 1243 2973 Ἁβραάμ
1296 2883 1468 2950 ἐστε·
1540 2882 1713 2948 ἀλλὰ
1769 2878 2012 2973 ζητεῖτέ
2067 2904 2149 2959 με
2202 2876 2606 2961 ἀποκτεῖναι,
2661 2888 2735 2951 37

124 3040 211 3081 20
691 3012 795 3077 ὅτι
845 3011 883 3078 ὁ
940 3009 1134 3085 λόΓοο
1187 3012 1224 3077 ὃ
1277 3009 1435 3087 ὲμὸο
1488 3009 1564 3074 οὐ
1619 3004 1821 3098 χωρεῖ
1871 3008 1942 3074 ἐν
1997 3002 2169 3085 ὑμῖν.
2659 2997 2704 3061 d

365 3173 866 3277 Πολυτρόπως
933 3175 1169 3257 αὐτοῖς
1244 3173 1329 3253 τὸ
1403 3175 1481 3253 ἐκ
1553 3177 1683 3272 τῆς
1756 3173 2179 3275 συγγενείας
2251 3174 2380 3270 τῆς
2454 3168 2637 3272 πρὸς

231 3295 575 3406 Ἀβραιόιμ
639 3295 974 3403 καύχημά
1038 3332 1116 3376 τε
1182 3299 1298 3376 καὶ
1367 3295 1708 3404 φρόνημα
1767 3302 2141 3379 παντελῶς
2206 3300 2464 3375 εἰκαῖον
2519 3299 2638 3375 καὶ

234 3421 571 3518 οὐδεμίαν
606 3421 774 3526 ἕχον
809 3419 942 3522 τὴν
986 3420 1240 3520 ὄνησιν
1286 3419 1693 3519 ἐπιδεικνὺς,
1733 3419 1825 3501 τὰ
1875 3416 2170 3501 τοιαῦτά
2221 3426 2478 3527 φησιν,
2520 3418 2636 3498 ἵνα

235 3544 507 3649 ζητῶσι
555 3542 687 3646 τὴν
733 3548 970 3645 ἀληθῆ
1024 3547 1141 3623 καὶ
1183 3549 1355 3697 Θεῷ
1408 3544 1638 3648 φίλην
1680 3544 2052 3646 εὐγένειαν.
2129 3545 2266 3650 ὁρᾷ
2315 3541 2456 3645 γὰρ
2507 3543 2637 3621 οῦκ

132 3699 211 3762 25
236 3702 336 3751 εις
374 3667 615 3771 σάρκα
654 3665 864 3765 Θεος,
902 3665 1085 3746 κατὰ
1134 3666 1218 3747 τὸ
1266 3667 1631 3769 εἶρημενον
1667 3669 1835 3771 παρ’
1876 3668 2094 3747 αυτοῦ
2130 3674 2258 3746 τοῦ
2298 3668 2636 3768 Σωτῆρος

233 3790 441 3891 ἡμῶν
496 3796 828 3894 Χριστοῦ
885 3802 929 3839 “
958 3791 1059 3871 H
1118 3789 1323 3898 σὰρξ
1383 3792 1512 3871 οὐκ
1568 3795 1843 3896 ὠφελεῖ
1889 3790 2152 3888 οὖδὲν,”
2210 3789 2636 3894 ἁποδεχεται
2723 3787 2893 3917 SPIZ}

231 3921 529 4013 μαλλον
567 3918 683 3994 καὶ
732 3915 1022 3996 ἐπαίνου
1062 3949 1332 3999 παντος
1385 3914 1583 4021 ἀξιοῖ
1625 3950 1710 3995 το
1760 3917 1836 3994 ἐν
1873 3921 2146 4022 ψυχαῖς
2182 3948 2477 4016 ευγενες,
2518 3948 2635 3993 και
2659 3943 2695 3986 0

230 4072 662 4142 συγγενειαν
718 4035 902 4118 οἶδεν
956 4037 1251 4144 ἔχοντας
1303 4041 1565 4138 ἀληθῆ,
1625 4040 1904 4141 οὕσπερ
1959 4035 2048 4117 ἂν
2102 4036 2148 4137 ἡ
2202 4044 2349 4117 τῶν
2403 4037 2637 4141 ἔργων

231 4161 565 4262 ὁμοιότης
619 4161 776 4262 ἤτοι
824 4168 971 4241 τῶν
1006 4165 1189 4240 ἐθῶν
1223 4161 1268 4263 ἡ
1322 4161 1671 4262 ταυτότης
1722 4165 1820 4246 εἲς
1870 4161 2044 4260 μίαν
2082 4157 2330 4263 ὥσπερ
2378 4160 2638 4264 ἀρετὴν

307 4409 361 4449 2.
397 4392 707 4464 ἐλευθεροῦν
728 4410 779 4448 a.
802 4391 1017 4462 ε’λευθερ
1123 4414 1152 4447 ν
1178 4391 1244 4447 Β.
1269 4391 1486 4482 ε’λευθε
1488 4397 1623 4446 ὦσαι
1650 4389 1833 4446 Holst.
1858 4389 1962 4445 Ed.
2070 4391 2183 4445 υἱὸν
2205 4387 2565 4460 μεμαθήκαμεν
2587 4406 2637 4444 ει.

239 4480 325 4520 10.
359 4463 481 4534 μεν]
517 4464 706 4534 ψγᾶρ
640 4462 834 4532 ἆρΗῒ.
859 4462 1006 4517 unde
1018 4414 1135 4517 Ἴ.
1282 4479 1366 4517 11.
1404 4413 1658 4518 ουτωςΒ.
1683 4460 1834 4518 οὗτος
1859 4461 1959 4517 Ht.
1987 4459 2090 4516 Ed.
2257 4476 2341 4515 12.
2379 4461 2471 4528 ἐέξ
2573 4460 2638 4514 Β.

371 4534 469 4591 Ht.
496 4533 601 4589 Ed.
819 4549 901 4604 13.
939 4533 1203 4587 ἐπεδείκνυ
1228 4532 1295 4587 Β.
1322 4533 1609 4589 ἐπεδείκνυε
1639 4531 1739 4586 Ht.
1767 4530 1873 4587 Ed.
2088 4544 2175 4602 25.
2210 4534 2271 4585 τὸ
2294 4548 2403 4585 om.
2496 4532 2639 4601 igne.

310 4604 674 4678 ,συγγένειαν
699 4603 766 4660 Β.
794 4603 895 4659 Ht.
921 4604 1181 4675 εὐγένειαν
1203 4602 1352 4659 Aub.
1533 4620 1622 4674 29.
1655 4602 1816 4659 ἐθνῶν
1842 4601 1909 4658 Β.
1939 4601 2038 4657 Ht.
2063 4601 2368 4657 emendavit
2390 4601 2537 4655 Aub-
