3238 5158
217 357 434 443 ix.17.
590 366 704 430 IN
766 366 833 431 s,
882 367 1394 433 JOANNEM,
1488 367 1837 431 L113.vl.
1927 324 2298 431 CAP.1.'
2495 367 2614 428 171

216 530 557 629 ἀληθείας
607 532 796 636 ὅρων
847 536 976 614 οὐκ
1023 537 1410 641 ἀποφοιτᾷ.
1485 534 1784 613 δείλαιοι
1834 538 2213 635 τοιγαροῦν
2259 536 2376 610 καὶ
2426 533 2614 609 ἀλα-

218 649 413 752 ζόνες
450 660 518 735 οὶ
556 661 966 759 Φαρισαῖοι,
1004 655 1171 741 τοὺς
1207 656 1337 756 μὲν
1372 656 1555 760 ὀρθὰ
1591 660 1708 736 καὶ
1747 663 2038 764 φρονεῖν
2074 655 2452 755 ἑλομένους
2506 657 2622 735 καὶ
2648 668 2694 734 d

219 775 480 877 λέγειν,
530 783 964 885 παραπαίειν
1007 782 1408 885 ἡγούμενοι,
1454 780 2061 885 ἐπαναγκάζὸντες
2116 777 2192 859 δὲ
2248 783 2365 859 καὶ
2420 774 2470 859 ἃ
2523 779 2624 878 μὴ

221 901 420 999 θέμις
458 910 678 984 εἰπεῖν
712 909 875 1011 περὶ
933 916 1062 987 τοῦ
1111 905 1545 1014 παραδόξως
1594 912 1694 989 εἰς
1742 903 1834 986 τὰ
1882 902 2054 1009 παρ’
2092 906 2353 984 ἐλπίδα
2406 903 2624 983 καλέ-

156 1043 194 1104 5
220 1058 493 1138 σαντος
542 1027 672 1109 τὸν
706 1030 988 1128 ἕτοιμον
1022 1029 1153 1130 μὲν
1190 1036 1285 1115 εἶς
1331 1031 1811 1136 εὐχαριστίας,
1843 1026 2057 1132 ε’γγῦς
2107 1024 2181 1108 δὲ
2230 1027 2368 1128 ἤδη
2422 1037 2621 1127 λαμ-

218 1156 411 1252 πρᾶς
446 1147 902 1255 ἐπιγνώσεως
940 1151 1058 1234 διὰ
1092 1162 1221 1235 τοῦ
1256 1153 1678 1259 παραδόξου
1713 1152 2208 1255 γεγενημένον.

792 1393 879 1460 ‘0
934 1394 1006 1461 δὲ
1061 1388 1243 1461 εἶπεν
1296 1397 1399 1461 ὅτι
1450 1396 1802 1484 προφήτης
1856 1394 2051 1462 ἐστίν.

340 1562 533 1670 Ὀξῦ
583 1564 767 1645 κατὰ
816 1568 1108 1671 καρδίας
1156 1566 1485 1672 δέχονται
1530 1564 1759 1661 βέλος
1808 1572 1876 1647 οὶ
1924 1565 2053 1647 τὸν
2097 1564 2314 1671 ὀρθὸν
2349 1564 2477 1665 μὲν
2515 1570 2630 1647 καὶ

60 1793 67 1802 ⁸
224 1687 499 1767 δίκαιον
535 1689 618 1768 οῦ
652 1692 1108 1793 προσιέμενοι
1146 1691 1392 1793 λόγον,
1430 1689 1655 1791 μόνον
1688 1690 1764 1771 δὲ
1800 1688 1886 1770 τὸ
1938 1697 2038 1797 τῷ
2088 1688 2338 1799 φθόνῳ
2375 1694 2630 1771 δοκοῦν
2655 1722 2691 1766 e

116 1840 195 1882 10
225 1816 594 1914 θηρᾶσθαι
643 1811 1186 1918 σπουδάζοντες·
1272 1826 1314 1863 “
1347 1817 1466 1895 Οὐ
1488 1819 1503 1830 “
1520 1815 1666 1919 γὰρ
1718 1814 2151 1923 ἐπιτεύξεται
2206 1813 2447 1900 δόλιος
2502 1813 2631 1916 θή-

226 1947 273 1983 “
306 1937 505 2040 ρας,”
545 1937 733 2018 κατὰ
776 1937 859 2019 τὸ
911 1939 1437 2043 γεγραμμένον.
1514 1940 2006 2044 περιτρέπεται
2062 1938 2207 2044 γὰρ
2247 1942 2485 2025 αὐτοῖς
2534 1944 2632 2024 εἶς

223 2057 314 2139 τὸ
378 2060 578 2162 παρὰ
640 2063 935 2165 γνώμην
999 2062 1083 2144 τὸ
1150 2064 1621 2163 σπούδασμα,
1684 2067 1803 2143 καὶ
1875 2062 2070 2144 πολῦ
2142 2067 2270 2163 τῆς
2344 2063 2635 2148 ἐλπίδος

226 2181 680 2291 ἐσφάλησαν
714 2185 1079 2287 ἀδοκήτως
1125 2191 1564 2271 ἀκούσαντες
1587 2186 1755 2269 ’Ότι
1803 2190 2139 2297 προφήτης
2186 2187 2352 2267 ἐστί.
2434 2220 2627 2288 συμ-

227 2316 491 2415 φρονεῖ
528 2307 672 2413 γὰρ
721 2318 868 2395 τοῖς
911 2309 1172 2398 ἄλλοις
1220 2311 1488 2416 ἄριστά
1540 2348 1622 2415 γε
1674 2319 1901 2394 ποιῶν
1938 2314 1979 2392 ὁ
2016 2310 2631 2416 τεθεραπευμένος.

118 2461 200 2521 15
230 2437 299 2512 οἱ
336 2431 469 2531 μὲν
503 2431 648 2539 γὰρ
685 2436 815 2514 οὐκ
851 2435 1213 2521 ἀσυνέτως
1251 2434 1386 2536 τὴν
1408 2445 1533 2516 τοῦ
1569 2437 1997 2540 πράγματος
2033 2436 2264 2543 φύσιν
2299 2441 2633 2534 διεσκεμ-

230 2556 454 2656 μένοι,
502 2557 886 2663 ἄνθρωπον
944 2558 1381 2664 ἁμαρτωλὸν
1435 2560 1657 2662 μηδὲν
1713 2568 1857 2641 τῶν
1902 2559 2243 2641 τοιούτων
2286 2559 2640 2640 δύνασθαι

232 2686 414 2785 δρᾶν
446 2684 991 2789 ἀποφαίνονται·
1057 2686 1097 2764 ὁ
1137 2684 1213 2765 δὲ
1250 2688 1362 2792 ἐφ’
1404 2683 1463 2795 ᾧ
1500 2686 1585 2766 τὸ
1624 2692 1864 2783 θαῦμα
1901 2684 2335 2779 τετέλεσται,
2371 2717 2632 2784 μονον·
2662 2719 2698 2759 a
2753 2700 2976 2760 ΒΗΑ.

233 2809 396 2911 ουχὶ
469 2806 601 2906 τὴν
665 2809 742 2887 ε’ν
807 2810 1087 2893 ἐκείνοις
1162 2811 1462 2911 γνώμην
1526 2815 1955 2915 ἶχνηλατῶν,
2019 2806 2405 2913 προφήτην
2467 2803 2648 2886 εἷναί

236 2939 495 3034 φησιν,
531 2934 729 3012 οὔπω
771 2932 902 3031 μὲν
938 2935 1252 3036 ἀκριβῶς
1300 2934 1406 3018 τίς
1456 2934 1614 3012 ε’στι
1668 2931 1850 3012 κατὰ
1900 2930 2243 3032 ἀλήθειαν
2278 2929 2635 3029 ἐκμαθὼν,

124 3089 210 3129 20
236 3054 675 3163 τετριμμένῳ
722 3060 796 3138 δὲ
843 3055 1043 3160 παρὰ
1093 3065 1240 3141 τοῖς
1276 3055 1644 3141 Ἰουδαίοις
1688 3055 2195 3157 ἀκολουθήσας
2237 3053 2634 3159 πράγματι.

235 3174 329 3277 ἦν
371 3178 517 3281 γὰρ
566 3181 803 3264 αὐτοῖς
857 3184 933 3261 ἐν
975 3181 1116 3262 ἔθει
1170 3180 1550 3287 προφήτας
1605 3184 2003 3261 ἀποκαλεῖν
2044 3177 2209 3263 τοῦς
2263 3212 2641 3282 τερατουρ-

235 3301 435 3406 γοῦς,
473 3306 572 3388 ὡς
606 3306 719 3411 ἐφ’
761 3302 1083 3407 ἁγιότητι
1120 3306 1739 3409 μαρτυρουμένους
1776 3304 1894 3385 διὰ
1931 3313 2144 3384 τοῦτο
2179 3302 2377 3406 παρὰ
2416 3308 2633 3384 Θεοῦ.

239 3426 460 3529 ὅνπερ
497 3428 624 3507 οῦν
654 3427 925 3532 τρόπον
961 3430 1205 3508 ἐκεῖνοι
1240 3438 1606 3513 ποιοῦντες
1659 3431 1890 3532 ὀρθῶς
1924 3429 2052 3507 οὐκ
2102 3432 2293 3507 αἰδοῖ
2332 3432 2423 3533 τῇ
2475 3430 2638 3530 περὶ

237 3548 326 3632 τὸ
363 3550 751 3647 σάββατον
786 3551 872 3631 τὸ
921 3556 1050 3651 τῆς
1102 3555 1526 3653 θεοσημείας
1574 3549 1997 3657 ἀτιμάζουσι
2047 3550 2369 3654 μέγεθος,
2406 3551 2525 3631 διά
2559 3585 2636 3631 τε
2659 3566 2705 3633 b

128 3704 212 3764 25
238 3683 456 3756 τοῦτο
523 3679 641 3755 καὶ
698 3677 1048 3778 ἁμαρτίας
1109 3677 1526 3757 ἀνυπαίτιον
1580 3683 1958 3763 παντελῶς
2015 3673 2197 3756 εἶναι’
2255 3684 2445 3781 φασι
2512 3673 2641 3756 τὸν

236 3797 749 3904 ἐνεργήσαντα·
807 3798 936 3881 τὸν
972 3798 1188 3882 αὐτὸν
1225 3797 1422 3900 οἶμαι
1474 3804 1591 3881 καὶ
1642 3801 1850 3885 οὗτος
1893 3800 2163 3904 τρόπον
2206 3798 2339 3899 τὴν
2376 3802 2490 3881 ἐπὶ
2539 3805 2643 3908 τῷ

237 3922 607 4034 σαββάτῳ
669 3925 1200 4028 σμικρολογίαν
1259 3924 1807 4028 παρωσάμενος,
1868 3923 2001 4024 τὴν
2060 3927 2176 4005 ἐπὶ
2238 3932 2385 4008 τοῖς
2446 3925 2643 4021 ἀμεί-

240 4083 452 4133 νοσιν
485 4048 824 4149 ἀπονέμει
860 4047 1086 4156 δόξαν
1120 4054 1224 4157 τῷ
1271 4047 1357 4129 τὸ
1406 4049 1708 4144 βλέπειν
1744 4047 2251 4156 δωρησαμένῳ,
2289 4047 2373 4128 ὃν
2409 4051 2526 4127 καὶ
2569 4049 2646 4126 ἐν

2719 1804 2967 1856 Ρων.ιίἰ.

2726 1879 2804 1937 ²⁷·

315 4281 370 4352 9.
406 4265 565 4332 μόνον
587 4262 840 4318 emendat
867 4262 1066 4334 Heyee.
1089 4266 1246 4331 μόνος
1271 4262 1338 4318 Β.
1361 4265 1503 4338 μόνῳ
1529 4261 1635 4317 Ed.
1741 4264 1802 4316 τὸ
1826 4279 1930 4316 aas.
1957 4279 2022 4314 ex
2052 4261 2117 4315 B.
2379 4274 2463 4313 11.
2497 4279 2645 4327 περι-

240 4356 488 4405 τρεπεται
514 4334 580 4388 Β.
605 4355 779 4402 παρατ
824 4333 989 4388 ’πεται
1015 4333 1196 4389 Holst.
1226 4334 1329 4389 Ed.
1598 4347 1682 4401 15.
1718 4333 1811 4387 οὐκ
1834 4331 2093 4388 ἀσυνέτως
2114 4330 2208 4400 τὴν
2228 4332 2323 4384 τοῦ
2344 4330 2647 4420 πράγματος

239 4405 415 4479 φύσιν
437 4405 542 4459 hoc
567 4404 754 4458 ordine
834 4444 847 4458 .
872 4404 965 4458 οὐκ
987 4404 1250 4461 ἀσυνέτως
1271 4412 1395 4476 post
1418 4403 1587 4476 φύσιν
1610 4413 1678 4457 tr.
1707 4403 1810 4458 Ed.
2088 4418 2172 4456 22.
2211 4401 2281 4456 ὥς
2304 4399 2376 4472 ἐφ
2415 4399 2448 4453 ἆ
2503 4401 2647 4468 ότητι

241 4474 498 4532 emendat
525 4475 722 4545 Heyse.
750 4477 975 4546 ὁσεπαγι
1007 4474 1087 4530 ὅτι
1118 4497 1170 4530 τι
1197 4475 1263 4530 Β.
1290 4477 1360 4532 ὣς
1385 4475 1595 4547 ἐπάγειν
1617 4473 1698 4529 ὅτι
1722 4496 1772 4529 τι
1799 4473 1897 4528 Ht.
1924 4474 1995 4529 ὥς
2008 4473 2140 4565 gneo
2176 4472 2331 4542 plura
2367 4469 2434 4524 ad
2473 4471 2593 4529 ens)
2618 4486 2649 4523 ο

244 4546 387 4673 (ἐπὶ
398 4545 641 4671 Haffi'idqt
663 4544 883 4670 {dnss’m
906 4546 1022 4629 {pse
1045 4546 1191 4602 Aub.
1267 4546 1399 4602 Post
1424 4549 1561 4601 Θεοῦ
1588 4554 1788 4610 autem,
1813 4544 1977 4601 verba
2000 4565 2081 4599 οτι
2104 4540 2293 4614 ἀγαθοί
2315 4542 2451 4596 εἰσιν
2473 4557 2504 4594 ο
2528 4538 2648 4593 Cat.

307 4635 368 4673 ar
391 4657 405 4671 .
598 4625 640 4670 tt
716 4633 753 4671 u
797 4656 810 4671 .
835 4625 888 4671 et
911 4627 988 4671 xta
1010 4634 1060 4672 a.

1399 4719 1505 4768 22
