3238 5158
220 370 353 416 vm
379 366 484 437 25.
594 351 708 417 IN
767 349 1397 420 8..JOANNEM.
1484 349 1681 417 LIB.
1711 349 1798 417 V.
1886 349 2092 417 cAP.
2141 350 2262 415 IV.
2530 346 2618 413 23

217 513 769 617 γινωσκόμενος,
814 519 856 599 ὁ
910 516 1203 618 εὐτελὴς
1258 519 1375 598 καὶ
1430 516 1521 625 ἐξ
1567 517 1908 615 εὐτελῶν,
1962 517 2042 596 τί
2087 517 2252 620 περὶ
2306 521 2620 596 σεαυτοῦ

214 638 557 743 λαμπρὸν
591 639 772 745 ἔχεις
820 646 1059 739 εἰπεῖν,
1094 643 1173 721 τί
1216 640 1292 721 δέ
1342 639 1549 748 ἀξιον
1584 639 1814 742 λόγου
1847 646 1995 720 τῶν
2027 642 2191 745 περὶ
2228 647 2373 720 σοῦ
2405 670 2427 735 ;
2489 641 2618 738 τῆς

213 762 354 866 γὰρ
406 765 803 864 Ἰουδαϊκῆς
865 767 1207 849 ἀπονοίας
1274 763 1478 846 ὀὐδὲν
1538 770 1684 845 τῶν
1736 763 2079 845 τοιούτων
2130 761 2619 864 τολμημάτων

233 889 252 913 ‚

210 885 628 991 αλλότριον.
2639 959 2683 1026 b

150 1090 185 1152 5
331 1062 535 1134 Εἶπεν
592 1063 816 1136 αὐτοῖο
870 1071 906 1138 ὃ
949 1069 1209 1137 Ἰησοῦς
1260 1069 1399 1137 Τήν
1450 1068 1661 1161 ἀρχὴν
1712 1071 1751 1140 ὅ
1804 1096 1865 1138 τι
1920 1068 2028 1136 καὶ
2081 1067 2269 1137 λαλῶ
2320 1062 2490 1146 ὑμῖν.

315 1214 821 1319 Ἀτιμάῷμαι,
877 1221 1089 1325 φησί,
1147 1216 1377 1298 καίτοι
1440 1223 1689 1297 καλῶν
1751 1221 1849 1302 εἰς
1909 1218 2193 1298 αἰώνιον
2247 1213 2461 1317 ζωὴν,
2520 1220 2620 1298 εἰς

208 1338 481 1446 ἄφεσιν
548 1342 936 1442 ἁμαρτιῶν,
1001 1345 1100 1425 εἰς
1171 1338 1523 1421 ἀπόθεσιν
1586 1338 1901 1422 θανάτου
1967 1344 2085 1421 καὶ
2149 1345 2455 1449 φθορᾶς,
2520 1343 2620 1423 εἰς

206 1462 608 1566 ἀγιασμὸν,
642 1471 742 1549 εἰς
780 1463 1258 1566 δικαιοσύνην,
1296 1470 1394 1550 εἰς
1433 1462 1679 1573 δόξαν,
1716 1469 1814 1549 εἰς
1860 1463 2195 1569 καύχημα
2241 1460 2424 1567 πρὸς
2475 1467 2619 1542 υἱο-

207 1588 463 1667 θεσίαν
513 1592 733 1667 Θεοῦ·
822 1587 1024 1667 ἀλλὰ
1077 1592 1198 1669 καὶ
1250 1588 1526 1673 τούτοις
1586 1586 1823 1670 ἅπασι
1883 1595 2298 1695 στεφανοῦν
2349 1585 2619 1667 ἐθέλων

109 1745 182 1788 10
209 1711 411 1810 ὑμᾶς,
459 1713 541 1791 ἐν
589 1716 691 1819 τῷ
744 1715 990 1812 μηδενὶ
1046 1711 1573 1814 κατατέταγμαι
1628 1709 1863 1820 λόγῳ,
1915 1715 2033 1793 καὶ
2087 1709 2377 1813 εὐτελὴς
2432 1713 2617 1791 οὕτω
2640 1751 2678 1797 ο

205 1834 662 1937 λελόγισμαι
707 1835 879 1940 παρ’
918 1836 1111 1935 ὑμῖν·
1188 1833 1391 1915 ἀλλά
1436 1839 1554 1916 ναὶ
1599 1837 1836 1917 δίκαια
1881 1835 2175 1941 πάσχω,
2221 1838 2473 1942 φησὶν,
2509 1834 2621 1915 ὅτι

206 1963 323 2041 καὶ
360 1957 603 2061 λόγου
636 1957 807 2063 παρ’
838 1961 1000 2058 ὑμῖν
1028 1957 1483 2061 ἐποιησάμην
1509 1957 1716 2069 ἀρχὴν
1741 1959 1839 2042 ’ὅτι
1877 1963 1994 2041 καὶ
2029 1955 2622 2066 προσπεφώνηκά

207 2118 276 2165 τι
329 2087 480 2162 τῶν
540 2079 832 2163 εἰδότων
886 2086 1219 2191 ὠφελεῖν,
1264 2087 1381 2165 καὶ
1437 2083 1812 2188 διασώζειν
1858 2081 2408 2185 ἐβουλευσάμην
2455 2080 2621 2167 τοῦς

206 2208 407 2312 οἵπερ
474 2205 794 2305 ἔμελλον
849 2212 949 2293 εἰς
1000 2205 1370 2309 τοσαύτην
1423 2205 1991 2314 κατοιχήσεσθαι
2045 2209 2467 2314 μοχθηρίαν,
2524 2209 2621 2291 ὡς

113 2361 183 2420 15
207 2328 469 2436 πικρὰς
546 2328 860 2430 ἀμοιβὰς
936 2329 1353 2412 ἀποδιδόναι
1428 2337 1673 2439 φιλεῖν
1746 2336 1852 2439 τῷ
1922 2331 2294 2437 διασώζειν
2365 2331 2622 2417 αὐτοὺς

210 2453 579 2563 ᾑρημένῳ·

303 2578 567 2661 'Eume
621 2575 706 2658 δέ
754 2611 825 2659 τι
886 2581 1008 2660 καὶ
1073 2579 1314 2685 ἕτερον
1373 2579 1542 2681 ἡμῖν
1601 2577 1720 2661 διὰ
1782 2578 2056 2662 τούτων
2116 2582 2523 2681 ὑποδηλοῦν
2580 2577 2624 2659 ὁ

212 2702 567 2810 Χριστός.
647 2703 785 2783 ἔδει
835 2702 981 2808 γάρ
1031 2739 1145 2807 με,
1184 2708 1438 2812 φησὶν,
1476 2705 1611 2811 οὐχ
1651 2708 1817 2805 ὑμῖν
1854 2705 2045 2790 ὅλως
2091 2707 2623 2809 προσλαλῆσαι

213 2827 398 2908 κατὰ
447 2825 562 2922 τῆν
617 2827 851 2935 ἀρχὴν,
903 2828 1187 2913 ἐκείνοις
1250 2825 1326 2909 δὲ
1384 2835 1680 2930 μᾶλλον
1732 2838 1948 2909 τοῦτο
2002 2827 2421 2933 χαρίζεσθαι
2476 2833 2623 2911 τοῖς
2646 2839 2693 2905 d

118 2984 192 3024 20
213 2949 586 3052 μέλλουσι
623 2954 741 3031 καὶ
777 2953 949 3032 λίαν
985 2952 1320 3051 ἀσμένως
1355 2951 1756 3058 ἐφήδεσθαι
1792 2950 2064 3053 λόγοις,
2101 2953 2217 3031 καὶ
2267 2952 2624 3050 ἀμελλητὶ

214 3073 340 3155 τὸν
365 3074 636 3181 αὐχένα
670 3082 819 3160 τοῖς
855 3077 1346 3179 εὐαγγελικοῖς
1374 3074 1755 3184 ὑποζεῦξαι
1784 3074 2252 3177 διατάγμασι.
2291 3072 2624 3175 σημαίνει

216 3198 290 3279 δὲ
345 3199 466 3278 διὰ
517 3199 794 3279 τούτων
836 3204 983 3279 τῶν
1017 3202 1243 3280 ἐθνῶν
1278 3196 1412 3300 τὴν
1448 3198 1763 3299 πληθύν.
1844 3199 2021 3280 ὅταν
2067 3196 2142 3278 δὲ
2191 3195 2284 3279 τὰ
2329 3205 2624 3279 τοιαῦτα

215 3321 530 3425 λε’γοντα
569 3330 843 3422 νοῶμεν
871 3321 1111 3422 αὑτὸν,
1136 3322 1821 3431 παραφυλαξόμεθα
1852 3322 2081 3405 πάλιν
2116 3329 2263 3403 τῶν
2298 3322 2383 3403 δι’
2422 3325 2623 3403 ἐναν-

217 3447 365 3531 τίας
393 3445 525 3526 τὸν
549 3444 798 3548 λόγον·
837 3449 986 3551 ἐρεῖ
1002 3446 1148 3552 γάρ
1175 3482 1282 3532 τις
1309 3445 1532 3552 τυχὸν
1556 3454 1706 3528 τῶν
1732 3445 2082 3529 εἰωθότων
2106 3452 2623 3552 χριστομαχεῖν

124 3587 195 3647 25
220 3573 307 3649 Εἰ
355 3569 458 3671 μὴ
508 3576 660 3653 τοῖς
703 3569 1074 3654 Ἰουδαίοις
1124 3577 1580 3674 προσλαλεῖν
1630 3573 1708 3650 ἐν
1749 3574 1962 3677 ἀρχῇ,
2006 3578 2298 3672 μᾶλλον
2343 3569 2419 3650 δέ
2473 3576 2623 3654 τοῖς

219 3692 497 3774 ἔθνεσιν
563 3693 725 3791 ἔδει,
785 3693 1171 3798 διήμαρτεν
1236 3693 1380 3799 ἄρα
1441 3703 1570 3775 τοῦ
1633 3696 2034 3799 πρέποντος
2098 3698 2138 3775 ὁ
2202 3694 2399 3793 Υἱὸς,
2461 3696 2622 3799 οὐχὶ

220 3824 427 3898 τοῦτο
464 3823 783 3917 μᾶλλον,
819 3819 991 3897 ἀλλ’
1032 3820 1254 3898 ἐκεῖνο
1291 3818 1822 3923 διαπεπραχῶς.
1900 3819 2071 3898 ἀλλ’
2110 3821 2403 3922 ἐροῦμεν
2437 3816 2621 3922 πρὸς
2644 3855 2681 3899 e

219 3947 426 4020 τοῦτο
491 3938 722 4021 πάλιν
778 3941 941 4020 Οὐκ
1006 3946 1101 4026 εἰς
1162 3940 1626 4043 μετάγνωσιν
1685 3948 1833 4023 τῶν
1898 3943 2116 4040 ἰδίων,
2180 3940 2228 4043 ἢ
2291 3949 2437 4023 τῶν
2490 3950 2622 4022 τοῦ

221 4062 511 4168 Πατρὸς
568 4063 999 4166 θελημάτων
1049 4064 1286 4147 ἐλθὼν
1334 4066 1376 4146 ὁ
1427 4065 1628 4165 Υἱὸς,
1663 4063 1758 4146 τὰ
1811 4065 2103 4147 τοιαῦτά
2157 4072 2409 4172 φησιν,
2447 4066 2618 4146 ἀλλ’

291 4256 339 4295 1.
373 4243 571 4297 σαυτὸν
596 4240 664 4297 Β.
688 4241 871 4298 invitia
898 4240 1139 4298 Catenis.
1324 4242 1377 4299 6.
1413 4246 1587 4298 καλῶν
1611 4242 1679 4298 Β.
1699 4244 1883 4299 λαλῦν
1908 4242 2092 4299 Hoht.
2116 4242 2221 4298 Ed.
2417 4257 2500 4298 11.
2536 4244 2622 4297 ναὶ

223 4307 288 4364 Β.
316 4309 414 4366 Ht.
442 4312 527 4367 καὶ
550 4311 656 4368 Ed.
829 4329 913 4379 14.
951 4311 1391 4386 κατοιχῆσεσθαι]
1417 4314 1608 4369 ἐλάσαι
1633 4331 1683 4368 a.
1866 4327 1951 4387 17.
1988 4314 2051 4369 δέ
2070 4335 2121 4369 τι
2144 4311 2393 4369 emendat
2419 4312 2618 4384 Heyae.

221 4377 266 4432 δ’
290 4380 365 4435 ἔτι
390 4381 495 4436 Ed.
841 4399 925 4454 19.
960 4384 1288 4455 χαρίσασθαι
1311 4401 1361 4440 a.
1477 4387 1586 4440 τοῖς
1607 4382 1867 4453 μέλλουσι
1892 4385 2093 4441 inserui
2116 4402 2181 4440 ex
2206 4401 2239 4439 a
2260 4383 2620 4448 abbreviatam,

222 4465 379 4506 censu
471 4452 483 4465 ‘
525 4462 667 4509 ente.
905 4469 993 4509 20.
1029 4453 1285 4525 ἀμελλητὶ
1308 4455 1531 4510 correxi.
1555 4455 1773 4525 ἀμελητὶ
1798 4455 1903 4512 Ed.
2151 4471 2238 4527 23.
2274 4455 2497 4527 λέγοντα
2556 4460 2616 4519 -1-

223 4521 313 4588 μὶν
336 4521 435 4578 Ht.
548 4563 563 4579 .
778 4522 867 4579 26.
902 4522 985 4594 8ιὴ
1199 4542 1252 4582 a.
1276 4524 1339 4596 a»)
1362 4525 1589 4599 ἥμαρτεν
1614 4525 1699 4598 (ε-
1724 4524 2024 4600 διήμαρτεν)
2050 4525 2118 4584 Β.
2140 4526 2366 4597 ἥμαρτεν
2392 4522 2492 4579 Ht.
2605 4562 2621 4579 .

228 4605 311 4662 ²9·
345 4593 468 4650 Υἱὸς
490 4593 609 4651 Ba.
633 4591 840 4665 Ἰησοῦς
867 4593 966 4651 Ht.
985 4546 1179 4653 w
