3238 5158
586 330 716 395 368
1182 319 1272 395 ΔΒ.
1318 329 1742 395 CYRILLI
1802 328 2378 395 ALEXANDR.
2589 326 2726 392 xiii.
2755 325 2866 404 26,
2895 339 3010 406 27.

534 528 569 571 e
594 494 810 573 αὐτὸν
863 491 1394 595 τετελεσμένης,
1450 499 1567 575 καί
1627 492 1909 579 οὐδενὸς
1966 494 2051 574 τὸ
2106 491 2454 594 παράπαν
2508 489 3008 596 ἐλλείψαντος

593 623 740 695 τῶν
794 617 1200 697 τελούντων
1249 624 1346 703 εἰς
1409 616 1625 718 τιμὴν
1680 622 1798 697 καὶ
1860 617 2205 713 διάθεσιν,
2262 622 2408 695 τῶν
2466 615 2703 694 αὐτῶν
2759 612 3006 716 εἴχετο

593 738 1207 839 σπουδασμάτων,
1246 742 1331 821 οὐ
1378 748 1535 824 ταῖς
1572 739 2077 844 μεταγνώσεσι
2112 739 2198 819 τὸ
2233 746 2465 823 κακῶς
2501 737 2729 845 δόξαν
2761 739 2998 817 ἐπαν·

595 862 1040 964 ορθούμενος,
1106 866 1191 945 οὐ
1262 867 1694 965 μεθίσταται
1764 862 1897 965 τὴν
1957 863 2255 966 καρδίαν
2315 867 2394 943 ἐκ
2465 867 2594 961 τῆς
2665 861 3006 957 ἀθέσμου

593 991 892 1086 βουλῆς,
934 989 1019 1068 οὐ
1073 987 1614 1093 δακρυῤῥοήσας
1671 987 1862 1073 ὅλως
1918 989 2031 1096 ἐφ’
2072 986 2179 1072 οἷς
2232 989 2350 1068 καί
2404 984 2627 1086 μόνον
2674 987 2994 1083 ἐνθυμη·
3034 1005 3074 1066 5

597 1112 807 1209 θῆναι
861 1109 1320 1212 τετόλμηκεν,
1371 1114 1540 1192 ἀλλ’
1595 1113 1699 1193 ἔτι
1751 1112 2089 1219 χειρόνως
2145 1111 2472 1219 διψήσας
2527 1115 2655 1211 τῆς
2710 1113 2994 1188 δυσσε-

592 1234 794 1329 βείας
849 1235 934 1316 τὸ
988 1236 1238 1340 πέρας,
1292 1235 1410 1315 διὰ
1465 1235 1955 1337 τολμημάτων
2007 1236 2365 1337 ἡττῆσθαι
2419 1241 2678 1331 κακῶν,
2733 1231 3006 1326 εἰσ-ἦλθε

594 1356 853 1439 λοιπὸν
910 1369 940 1441 ὁ
998 1363 1333 1459 σατοινᾶς,
1391 1359 1718 1464 καθάπερ
1792 1359 1953 1440 τινὰ
2011 1359 2255 1461 πύλην
2309 1364 2436 1460 τῆς
2498 1367 2627 1439 τοῦ
2693 1355 2998 1464 φυλάτ-

594 1515 841 1568 τοντος
895 1481 1167 1587 ἐρήμην
1211 1481 1501 1592 νήψεως
1556 1487 2190 1565 ἀναπετασθεῖσαν
2241 1488 2458 1563 αὐτοῦ
2512 1481 2644 1582 τὴν
2695 1483 3006 1584 καρδίαν

260 1631 392 1690 ’188
410 1629 492 1686 Δ.
536 1644 573 1686 a
596 1606 841 1711 εὑρὼν,
897 1614 1014 1688 καὶ
1074 1606 1445 1710 ἀθύρωτον
1498 1607 1672 1688 ὅντα
1732 1607 2109 1711 θεωρήσας
2163 1606 2293 1687 τὸν
2347 1615 2536 1706 νοῦν,
2594 1605 2861 1710 θερμόν
2914 1640 3002 1686 τε
3043 1638 3122 1679 10

597 1730 734 1832 ἤδη
792 1730 974 1836 πρὸς
1048 1729 1133 1813 τὸ
1205 1732 1614 1826 βούλεσθαι
1687 1735 1866 1836 δρᾶν
1931 1729 2116 1832 ἅπερ
2189 1729 2279 1811 ἂν
2344 1729 2564 1837 ἐθέλῃ
2635 1734 2753 1811 καὶ
2827 1732 2996 1808 δια·

597 1854 990 1959 σκέψηται.
2997 1869 3006 1874 ’

710 1978 1199 2081 Τετριμμένον
1264 1977 1343 2058 δὲ
1418 1977 1673 2082 ῶσπερ
1738 1987 1953 2059 τοῦτο
2025 1987 2130 2089 τῷ
2190 1983 2504 2087 πονηρῷ,
2566 1976 2685 2058 διὰ
2745 1977 3006 2077 πάσης

596 2098 847 2204 ὥσπερ
883 2099 1106 2187 ἰόντες
1141 2106 1269 2202 τῆς
1306 2103 1789 2184 θεοπνεύστου
1826 2107 2116 2210 γραφῆς
2162 2103 2581 2207 εὑρήσομεν.
2649 2100 3006 2203 πρόσεισι

599 2223 731 2323 μὲν
767 2223 912 2328 γὰρ
960 2228 1036 2305 ἐν
1072 2228 1328 2331 ἀρχαῖς
1377 2226 1512 2328 τὴν
1557 2234 1702 2307 τῶν
1746 2226 2164 2325 σεβομένων
2201 2227 2328 2308 τὸν
2365 2223 2559 2308 Θεὸν
2600 2224 3004 2328 δοκιμάζων
3043 2259 3120 2319 15

601 2346 919 2451 καρδίαν,
970 2353 1087 2429 καὶ
1140 2349 1495 2454 πονηροὺς
1548 2353 1625 2430 ἐν
1673 2349 1985 2451 πρώτοις
2040 2352 2501 2454 κατασπείρει
2555 2348 2997 2453 λογισμοὺς,

602 2473 720 2551 καί
757 2479 913 2558 ταῖς
948 2479 1045 2557 εἰς
1080 2472 1166 2554 τὸ
1204 2479 1496 2582 φαῦλον
1530 2474 1817 2573 ἡδοναῖς
1864 2471 2047 2578 πρὸς
2089 2481 2239 2555 πᾶν
2276 2472 2459 2559 εἶδος
2495 2475 2677 2575 ἡμᾶς
2713 2472 3005 2578 ε’ρεθίζει

603 2597 1107 2696 πταισμάτων·
1183 2598 1515 2700 μάλιστα
1569 2596 1648 2680 δὲ
1699 2598 1883 2702 πρὸς
1937 2601 2159 2679 ἐκεῖνο
2211 2600 2457 2681 πίπτει
2511 2597 2761 2703 βαρὺς,
2814 2598 3009 2702 πρὸς

535 2728 581 2797 b
606 2722 782 2826 ὅπερ
845 2721 938 2803 ἂν
997 2723 1243 2830 βλέπῃ
1313 2722 1911 2826 προπεπονθότας
1983 2724 2121 2825 ἤδη
2194 2727 2313 2804 καὶ
2384 2723 3000 2827 προηττωμένους.

604 2845 1057 2951 συνεργάτην
1110 2846 1254 2952 γὰρ
1318 2845 1566 2951 ῶσπερ
1626 2853 1784 2932 ταῖς
1839 2847 2092 2927 ἑαυτοῦ
2154 2849 2618 2949 δυστροπίαις
2677 2848 2791 2926 ἀεί
2845 2881 3007 2931 πως
3039 2881 3120 2922 20

605 2969 886 3076 δέχεται
933 2968 1066 3071 τὴν
1106 2971 1455 3075 ἡμετέραν
1500 2971 1900 3070 ἀσθένειαν,
1939 2973 2055 3052 καί
2104 2970 2190 3051 τὸ
2239 2974 2736 3076 προαδικῆσαν
2769 2972 3009 3054 πάθος

605 3092 735 3173 τὸν
789 3095 1128 3199 ἡμέτερον
1190 3104 1383 3175 νοῦν·
1465 3093 1615 3176 οἷον
1678 3096 1851 3202 φέρε
1918 3099 2158 3193 εἰπεῖν,
2217 3104 2656 3200 παρενοχλεῖ
2710 3094 2843 3195 μὲν
2899 3100 3007 3203 τῷ

606 3219 779 3298 δεῖνι
830 3217 1054 3324 τυχὸν
1108 3220 1224 3299 καί
1282 3218 1554 3322 θερμὴν
1609 3216 1857 3320 ἐπάγει
1909 3218 2042 3317 τὴν
2091 3218 2441 3318 αἴσθησιν
2497 3217 2583 3298 τὸ
2637 3222 2764 3318 τῆς
2819 3252 3010 3322 σαρ-

606 3344 805 3440 κικῆς
868 3342 1126 3441 ἡδονῆς
1189 3341 1745 3447 βδελυρώτατον
1801 3340 2089 3444 κίνημα·
2173 3343 2389 3452 ἑτέρῳ
2455 3340 2533 3422 δὲ
2594 3340 2678 3422 τὸ
2736 3345 3012 3444 κερδῶν

605 3462 965 3561 ἡττᾶσθαι
1019 3471 1278 3561 κακῶν,
1317 3470 1434 3545 καὶ
1490 3464 1807 3546 ἀνόσιων
1859 3462 2249 3571 χρημάτων
2293 3464 2661 3570 πορισμὸν
2705 3466 3011 3569 ἄριστον
3040 3500 3120 3560 ²5

608 3581 783 3665 εἶναι
819 3589 1018 3667 δοκεῖ
1047 3621 1201 3671 πως
1235 3591 1353 3667 καὶ
1388 3597 1602 3668 τοῦτο
1635 3590 2022 3689 τετίμηται.
2099 3589 2274 3671 ὅταν
2310 3591 2438 3670 οὖν
2471 3590 2744 3696 προσίῃ
2779 3589 3003 3694 μαχό-

549 3741 585 3784 ο
608 3742 842 3809 μενος,
878 3709 1258 3791 σύνοπλον
1293 3708 1599 3792 ποιεῖταί
1644 3712 1729 3793 τὸ
1781 3715 2304 3817 προκρατῆσαν
2336 3715 2413 3794 ἐν
2449 3714 2617 3813 ἡμῖν
2652 3717 2769 3794 καί
2817 3747 3002 3817 προ-

608 3837 1045 3934 πολεμῆσαν
1109 3833 1361 3933 πάθος,
1424 3838 1542 3916 καὶ
1617 3836 1705 3915 δι’
1774 3837 2038 3919 ἐκείνου
2108 3834 2398 3921 πάντως
2456 3837 2627 3937 ἡμῖν
2689 3836 2818 3917 τὸν
2881 3843 3014 3938 τῆς

608 3959 971 4043 ἀπωλείας
1006 3966 1418 4065 μηχανᾶται
1453 3957 1745 4063 τρόπον.
1830 3959 2081 4064 ὥσπερ
2116 3959 2260 4065 γὰρ
2296 3959 2365 4041 εἴ
2405 3995 2515 4045 τις
2562 3966 2710 4041 τῶν
2744 3962 3014 4065 ἄριστα

607 4090 1097 4189 πολεμαρχεῖν
1134 4083 1506 4182 εἰωθότων,
1542 4081 1766 4164 πόλιν
1801 4082 1962 4163 τινὰ
2012 4083 2257 4193 κύκλῳ
2303 4084 2695 4190 περισχὼν,
2732 4088 2851 4164 καὶ
2894 4082 3013 4164 διὰ
3040 4112 3122 4187 30

607 4203 854 4307 πάσης
914 4211 1242 4313 μηχανῆς
1305 4212 1661 4288 εἰσελθεῖν
1714 4205 2172 4310 ἐπειγόμενος
2234 4209 2351 4290 ἐπὶ
2406 4208 2498 4289 τὰ
2551 4216 2682 4289 τοῦ
2734 4208 3014 4314 τείχους

607 4501 750 4612 οιῐΙὲ
769 4484 951 4559 αὐτὸν]
976 4486 1165 4544 ταύτὸν
1186 4487 1243 4544 b.
1499 4504 1569 4546 a.
1604 4486 1837 4561 ἠνείχετο
1860 4504 1910 4545 ο.
2185 4504 2276 4560 3¹·
2312 4486 2644 4561 δπιγόμενος
2665 4495 3014 4559 assumptum
