3238 5158
249 348 563 439 xiim-5.
831 356 940 421 IN
999 357 1068 423 s,
1115 357 1633 424 JOANNEM.
1725 359 2087 426 LIB.1x.
2482 361 2651 423 ‘345

249 513 508 598 ἄλλων
545 522 919 624 διενεγκεῖν
955 522 1319 609 ἀσυνέτως
1356 522 1776 625 ὑπολαβὼν,
1809 527 1905 609 ὡς
1943 521 2306 631 ἐξαίρετόν
2341 556 2502 603 τινα
2538 524 2657 603 καὶ

250 638 852 749 ὑπερφυεστάτην
913 643 1172 751 ἀρετὴν
1236 649 1828 753 κατορθώσαντα,
1883 652 2003 729 καὶ
2058 648 2425 732 πολιτείας
2487 643 2657 727 ὁδὸν
2679 680 2717 722 a
2773 668 2893 725 721
2908 665 2988 724 Δ.

249 761 438 866 ἀήθη
492 800 566 847 τε
619 775 771 855 τοῖς
824 770 1084 857 ἄλλοις
1146 775 1264 853 καὶ
1329 772 1606 872 ἀστιβῆ
1663 773 2132 853 διανύσαντα.
2238 770 2357 852 ὅτε
2416 771 2656 851 τοίνυν

249 892 732 996 παραπέπηγέ
774 929 928 980 πως
983 904 1130 981 τοῖς
1183 897 1441 1002 ἔχουσι’
1496 932 1567 978 τι
1628 894 1993 1001 λαμπρὸν,
2049 892 2134 977 τὸ
2190 902 2434 975 νοσεῖν
2487 893 2652 976 ἔσθ’

184 1028 222 1091 5
253 1010 372 1094 ὅτε
433 1015 567 1117 τὴν
623 1019 1051 1128 ὑπεροψίαν,
1108 1028 1264 1107 πῶς
1326 1023 1455 1103 οὐκ
1512 1021 1652 1102 ἔδει
1708 1029 1858 1106 τοῖς
1915 1018 2149 1124 ἁγίοις
2206 1017 2657 1103 ἀποστόλοις

247 1139 538 1242 μετρίου
611 1141 1072 1248 φρονήματος
1146 1144 1627 1251 ὑπογραμμὸν
1699 1145 2039 1248 γενέσθαι
2111 1141 2466 1249 Χρὶστόν,
2538 1142 2658 1223 ἵνα

247 1261 476 1343 τύπον
530 1265 811 1372 ἔχοντες
872 1273 987 1351 καὶ
1044 1270 1280 1353 εἰκόνα
1344 1268 1474 1351 τὸν
1529 1268 1872 1351 ἁπάντων
1931 1269 2225 1374 Κύρων,
2280 1271 2400 1348 καὶ
2454 1268 2657 1349 αὐτοὶ

248 1386 435 1468 κατὰ
488 1388 574 1471 τὸ
630 1396 886 1475 δοκοῦν
929 1400 1034 1503 τῷ
1082 1399 1250 1504 Θεῷ
1302 1392 1430 1477 τὸν
1477 1400 1733 1476 οἰκεῖον
1782 1390 2380 1494 μεταπλάσσοιεν
2432 1400 2651 1489 νοῦν;

247 1508 341 1611 ἦν
394 1514 520 1594 οὖν
573 1516 716 1621 ἀρα
769 1515 905 1618 τὴν
959 1517 1185 1600 νόσον
1237 1521 1374 1625 οὐχ
1428 1517 1680 1623 ἑτέρως
1734 1518 2028 1626 ἐξελεῖν,
2083 1524 2144 1599 εἰ
2195 1514 2298 1620 μὴ
2353 1516 2473 1597 διὰ
2525 1524 2656 1598 τοῦ

144 1663 225 1706 10
251 1635 540 1744 διδάξαι
581 1647 848 1747 σαφῶς
894 1651 1250 1725 τοσοῦτον
1285 1643 1564 1724 οἴεσθαι
1599 1649 1748 1723 τῶν
1785 1643 2041 1722 ἄλλων
2076 1641 2435 1743 ἡττᾶσθαι
2469 1639 2657 1722 κατὰ

250 1757 383 1860 τὴν
418 1759 663 1870 δόξαν,
700 1768 798 1851 ὦς
835 1769 950 1847 καὶ
989 1769 1065 1847 ἐν
1100 1766 1365 1849 δούλου
1416 1765 1618 1875 τάξει
1666 1765 2240 1847 κατατάττεσθαι
2290 1770 2455 1863 δεῖν,
2492 1761 2655 1846 οὐδὲ
2676 1773 2727 1840 b

251 1884 475 1986 αὐτὴν
536 1890 1117 1997 καταφρίττοντα
1188 1889 1321 1991 τὴν
1394 1894 1631 1998 οἰκέτῃ
1701 1892 2133 1996 πρέπουσαν
2202 1891 2658 1994 λειτουργίαν
2719 1914 2723 1918 “

250 2011 748 2116 ἀποπληροῦν,
787 2014 905 2094 διὰ
942 2024 1073 2098 τοῦ
1109 2018 1227 2097 καὶ
1267 2014 1624 2118 ἀπονίζειν
1658 2022 1805 2097 τῶν
1838 2018 2181 2122 ἀδελφῶν
2214 2012 2362 2100 τοὶς
2400 2009 2654 2104 πόδας,

250 2136 369 2213 καὶ
404 2132 645 2218 λέντιον
679 2138 1100 2241 περιθέσθαι
1135 2137 1253 2220 διὰ
1300 2137 1435 2241 τὴν
1470 2140 1742 2245 χρείαν.
1823 2139 2024 2242 ἄθρει
2074 2136 2220 2242 γὰρ
2270 2137 2467 2222 ὅπως
2515 2138 2650 2216 ἀν-

144 2277 223 2339 15
252 2261 702 2361 δραποδῶδες
748 2261 834 2344 τὸ
876 2262 1127 2369 χρῆμά
1157 2267 1380 2363 ἐστιν,
1419 2299 1602 2345 οσον
1639 2268 1736 2350 εἶς
1770 2264 1898 2365 ἔθη
1935 2265 2124 2413 φημι
2159 2258 2253 2342 τὰ
2285 2264 2362 2341 ἐν
2398 2258 2658 2369 κόσμῳ

250 2384 369 2462 καὶ
404 2381 534 2468 τὰς
570 2385 712 2493 ἔξω
754 2384 1040 2492 τριβάς.
1122 2388 1595 2493 ὑπογραμμὸς
1643 2394 2029 2491 τοιγαροῦν
2064 2387 2357 2490 μετρίου
2411 2419 2490 2466 τε
2540 2389 2658 2466 καὶ

249 2509 843 2610 συνεσταλμένου
880 2511 1421 2621 φρονήματος”
1374 2547 1610 2595 απασι
1661 2519 1811 2597 τοῖς
1861 2509 2046 2592 κατὰ
2092 2509 2222 2591 τὸν
2252 2511 2437 2608 βίου’
2496 2545 2660 2593 ουτε

248 2666 395 2736 γαρ
448 2631 693 2734 μόνοις
745 2645 895 2723 τοῖς
948 2644 1325 2741 μαθηταῖς·
1387 2638 1688 2741 γέγονεν
1734 2639 1775 2718 5
1831 2636 2183 2741 Χριστός.
2270 2634 2389 2715 διὰ
2443 2645 2656 2717 τοῦτο

250 2788 370 2836 και
406 2757 448 2836 5
483 2759 872 2847 θεσπέσιος
907 2767 1228 2860 Παῦλος,
1266 2760 1484 2843 αὐτον
1519 2759 1757 2842 εἰκόνα
1792 2758 2271 2864 παραλαβὼν,
2309 2765 2409 2844 εἶς
2445 2768 2655 2839 τοῦτο
2679 2797 2715 2841 ο

143 2908 228 2951 20
251 2881 632 2987 προτρέπει
680 2884 918 2989 λέγων
954 2897 999 2935 “
1026 2892 1268 2968 Τοῦτο
1322 2886 1678 2993 φρονείτω
1734 2885 2038 2969 ἕκαστος
2091 2887 2167 2964 ἐν
2217 2885 2383 2983 ὑμῖν
2439 2881 2481 2963 5
2535 2885 2655 2964 καὶ
2743 2899 2992 2963 Phil.ii‚5.

251 3013 298 3053 ‘⁶
334 3008 412 3085 ἐν
468 3012 775 3119 Χριστῷ
846 3011 1167 3113 ’Ῑησοῦ·”
1269 3012 1389 3091 καὶ
1459 3007 1692 3092 πάλιν
1746 3020 1790 3059 “
1827 3014 1944 3116 Τῇ
2025 3005 2653 3114 ταπεινοφροσύνῃ
2741 3032 2822 3082 Ib-
2849 3046 2896 3096 3-

252 3138 298 3178 “
332 3130 707 3232 ἀλλήλους
770 3134 1151 3237 ἡγούμενοι
1215 3132 1693 3239 ὑπερέχοντας
1755 3132 2088 3214 ἑαυτῶν.”
2174 3127 2447 3231 θεσμὸς
2509 3127 2653 3234 γὰρ

249 3252 538 3357 ἀγάπης
589 3259 706 3336 καὶ
756 3257 1167 3366 ὀμοψυχίας
1212 3260 1289 3338 ἐν
1335 3255 1746 3366 φρονήματι
1799 3255 2069 3358 γίνεται
2124 3259 2457 3363 ταπεινῷ.
2537 3252 2657 3334 ἵνα

250 3378 328 3459 δὲ
376 3377 511 3479 τὴν
546 3388 675 3461 τοῦ
724 3378 1152 3485 πράγματος
1204 3379 1583 3488 ὑπόληψιν
1630 3387 1726 3466 εἷς
1777 3381 1967 3489 ὕψος
2015 3379 2238 3488 ἐξάρῃ
2285 3377 2497 3481 μέγα,
2534 3380 2657 3459 καὶ

142 3527 224 3590 25
250 3501 353 3605 μή
403 3537 474 3583 τι
524 3511 671 3585 τῶν
717 3505 1083 3611 τυχόντων
1128 3510 1520 3610 δεδρᾶσθαι
1578 3505 1991 3606 νομίσωμεν
2037 3500 2240 3609 παρὰ
2286 3508 2651 3606 Χριστοῦ,

249 3626 478 3709 πάλιν
513 3630 915 3731 ἀναγκαίως
960 3630 1002 3709 5
1051 3627 1439 3715 θεσπέσιος
1477 3627 2039 3733 Εὑαγγελιστὴς
2085 3623 2653 3733 προκαταπλήτ-

248 3785 445 3832 τεται
482 3750 615 3851 τὴν
653 3755 959 3833 ἐνοῦσαν
993 3755 1188 3861 αὐτῷ
1238 3751 1463 3860 δόξαν
1498 3787 1576 3834 τε
1615 3787 1733 3833 και
1770 3752 2130 3860 ἐξουσίαν,
2170 3754 2287 3831 καὶ
2336 3748 2421 3832 τὸ
2473 3783 2655 3830 κατα

247 3872 544 3956 πάντων
597 3873 880 3980 κράτος,
926 3879 1011 3957 δι’
1068 3874 1169 3957 ὧν
1220 3886 1454 3986 φησιν
1501 3873 1809 3964 Εἶδως”
1777 3913 1872 3958 οτι
1928 3871 2316 3980 παρέδωκεν
2371 3880 2558 3985 αὐτῷ
2623 3884 2653 3958 ὁ
2681 3892 2727 3958 d

252 3997 485 4108 Πατηρ
524 4007 615 4086 εἷς
651 4035 781 4086 τας
817 4005 1079 4109 χεῖρας.
1158 4002 1384 4082 καίτοι
1430 3999 1598 4106 γὰρ,
1637 4003 1890 4109 φησὶν,
1930 4001 2059 4079 οὑκ
2103 3997 2504 4102 ἠγνοηκῶς,
2546 3997 2658 4079 ὅτι

138 4160 225 4221 30
249 4121 546 4206 πάντων
594 4122 746 4229 ἔχοι
800 4124 933 4226 τὴν
978 4124 1340 4232 ἐξουσίαν,
1388 4128 1504 4206 καὶ
1562 4124 1659 4208 ’ὅτι
1714 4123 1858 4206 ἀπὶ
1910 4125 2084 4205 Θεοῧ
2136 4121 2413 4230 ἐξῆλθεν,
2451 4155 2659 4203 τουτ-

249 4247 474 4349 έστιν,
525 4250 604 4330 ἐκ
657 4252 787 4349 τῆς
842 4248 1098 4333 οὐσίας
1153 4247 1496 4351 ἐγεννήθη
1550 4256 1679 4329 τοῦ
1737 4253 1931 4329 Θεοῦ
1990 4249 2106 4327 καὶ
2160 4244 2475 4350 Πατρός,
2535 4254 2656 4327 καὶ

250 4373 419 4481 πρὶς
483 4372 648 4455 Θεὶν
712 4371 991 4477 ὑπάγει,
1056 4373 1411 4471 τουτέστι,
1473 4370 1701 4454 πάλιν
1764 4372 2051 4472 ἀνίησιν
2112 4375 2210 4456 εἰς
2281 4365 2654 4475 οὑρανοὺς,

253 4550 422 4662 coa
448 4532 933 4678 ram-ew]
958 4536 1081 4661 ‘2⁵⁶
1107 4533 1176 4592 E.
1387 4533 1476 4590 28.
1508 4530 1615 4605 ὅτι]
1648 4539 1707 4598 -Ι-
1734 4532 1902 4588 mium
1927 4531 2135 4604 Migne.
2347 4545 2440 4602 3ο.
2472 4529 2585 4602 ἔχει
2607 4545 2659 4585 c.

851 4627 962 4661 ml,

337 4705 484 4753 τοι.
515 4707 594 4753 11.
1399 4705 1440 4750 ῑ
1467 4709 1513 4773 y
