3238 5158
630 338 721 402 48
1242 342 1319 406 B.
1369 341 1792 407 CYRILLI
1851 340 2427 407 ALEXANDR.
2770 337 2904 403 viii.
2936 354 3045 421 29.

634 506 752 585 ἐπὶ
798 501 884 586 τὸ
929 508 1237 586 τοιῶσδε
1283 505 1503 612 τυχὸν
1537 513 1792 587 λαλεῖν
1827 506 2264 611 ὁρμώμενος·
2325 508 2511 586 οὕτω
2556 502 2782 585 πάλιν
2824 503 3042 581 εὐσε-

635 634 932 722 βοῦντες
1010 628 1586 730 ὑποτοπήσωμεν
1664 629 1798 729 τὴν
1870 637 1999 710 τοῦ
2077 628 2657 733 παραδείγματος
2737 627 3049 723 δύναμιν

636 749 1120 844 ἀναβαίνοντα
1171 751 1299 832 τὸν
1334 750 1536 850 Υὶὸν,
1583 754 1867 856 ἐπείπερ
1920 755 2119 832 ἐστὶν
2173 750 2387 836 αὐτὸς
2443 755 2562 831 καὶ
2620 749 2864 851 Λόγος
2917 752 3047 828 καὶ

636 873 873 976 σοφία
918 883 1046 953 τοῦ
1087 880 1278 954 Θεοῦ
1325 878 1442 955 καὶ
1482 873 1795 978 Πατρὸς,
1832 874 1924 954 τὰ
1974 877 2050 955 ἐν
2099 874 2294 981 αὐτῷ
2350 874 2836 975 διαλέγεσθαι.
2916 873 3047 950 καὶ

637 996 923 1100 ἐπείπερ
976 999 1178 1078 ἐστὶν
1222 999 1350 1078 οὐκ
1396 996 1895 1083 ἀνυπόστατος
1953 996 2206 1099 ὥσπερ
2259 999 2301 1077 5
2358 996 2820 1099 ἀνθρώπινος,
2860 996 3039 1074 ἀλλ’
3071 1019 3105 1080 5

635 1117 958 1206 ἐνούσιός
1027 1154 1105 1201 τε
1180 1125 1299 1201 καὶ
1403 1157 1504 1202 ων
1571 1125 1669 1207 ὡς
1739 1122 1924 1202 ἰδίαν
1981 1121 2165 1225 ἔχων
2228 1124 2305 1201 ἐν
2364 1123 2602 1223 Πατρὶ
2674 1122 2791 1200 καὶ
2852 1117 3046 1218 μετὰ

639 1241 934 1345 Πατρὸς
976 1242 1108 1344 τὴν
1147 1246 1475 1352 ὕπαρξιν,
1514 1248 1644 1326 οὐκ
1694 1242 1869 1325 εἶναι
1904 1248 2097 1350 μόνος
2130 1243 2392 1351 4ε’νθοὶδε
2443 1246 2697 1349 φησὶν,
2733 1239 2908 1322 εἶναι
2962 1241 3044 1322 δὲ

636 1371 782 1470 μετ’
820 1368 1038 1447 αὐτοῦ
1079 1377 1197 1449 καὶ
1236 1366 1363 1449 τὸν
1399 1363 1818 1475 πέμψαντα
1853 1364 2091 1448 αὐτόν.
2170 1366 2344 1448 ὅταν
2382 1365 2458 1445 δὲ
2505 1367 2691 1471 λέγῃ
2735 1364 2821 1444 τό
2861 1373 3039 1446 Μετ’

574 1518 612 1562 e
637 1492 813 1594 ἐμοῦ,
850 1493 1183 1592 σημαίνει
1219 1526 1289 1571 τι
1321 1490 1548 1572 πάλιν
1585 1491 1974 1594 θεοπρεπές
2023 1526 2102 1572 τε
2152 1495 2270 1570 καὶ
2322 1487 2698 1589 μυστικόν·
2760 1490 2842 1568 οὐ
2889 1487 3041 1592 γὰρ

632 1612 866 1712 δήπου
900 1623 1278 1714 νομιοῦμεν
1312 1617 1531 1695 ἐκεῖνο
1567 1613 1806 1716 λέγειν
1842 1612 2079 1712 αὐτὸν,
2110 1613 2222 1695 ὅτι
2258 1612 2511 1715 ὥσπερ
2547 1610 2638 1692 ἂν
2670 1612 2776 1711 εἴη
2811 1612 3038 1716 τυχὸν
3070 1652 3138 1691 10

627 1734 810 1832 μετὰ
845 1735 1226 1842 προφήτου
1262 1735 1470 1834 Θεὸς,
1509 1737 1978 1841 συνασπίζων
2015 1737 2351 1838 δηλονότι
2394 1742 2487 1840 τῇ
2539 1734 2758 1842 οἰκείᾳ
2808 1733 3027 1814 δυνά-

628 1891 766 1956 μει,
804 1862 919 1938 καὶ
967 1866 1123 1945 ταῖς
1171 1862 1548 1959 εὖμενείαις
1597 1863 1989 1963 ἐπικουρῶν
2025 1861 2182 1960 ἤτοι
2228 1867 2382 1943 ταῖς
2436 1859 2557 1939 διὰ
2603 1866 2734 1938 τοῦ
2787 1860 3029 1938 Πνεύ-

627 2015 854 2080 ματος
907 1981 1375 2086 ἐλλάμψεσιν
1429 1989 1528 2067 εἷς
1580 1983 2028 2088 προφητείαν
2081 1984 2393 2133 ἐγείρων,
2449 1987 2636 2063 οὕτω
2698 1985 2815 2062 καὶ
2875 1985 3029 2081 μετ’

630 2106 849 2185 αὐτοῦ
885 2105 1012 2186 τὸν
1049 2105 1529 2207 γεννήσαντα·
1590 2106 1794 2187 ἀλλὰ
1844 2112 1962 2187 καὶ
2003 2110 2079 2188 έν
2116 2106 2392 2192 τούτοις
2438 2109 2689 2206 τίθησι
2733 2103 2819 2187 τό
2863 2113 3032 2186 Μετ’

631 2230 791 2334 ἐμοῦ
828 2231 993 2310 καθ’
1035 2231 1274 2334 ἕτερον
1308 2230 1602 2333 τρόπον·
1665 2266 1764 2316 εις
1799 2229 1930 2331 τὴν
1967 2229 2190 2331 αὐτὴν
2226 2230 2370 2333 γάρ
2404 2265 2527 2329 μοι
2565 2228 2867 2337 φύσιν’
2830 2235 3032 2309 εστὶν
3067 2262 3135 2321 15

630 2361 661 2433 ὁ
703 2347 1020 2459 πέμψας
1057 2353 1155 2457 με’
1181 2361 1393 2458 φησι,
1431 2353 1619 2439 Θεὸς
1658 2355 1994 2455 δηλονότι
2031 2359 2147 2434 καὶ
2190 2355 2471 2505 Πατήρ.

744 2476 958 2556 Κατὰ
1020 2474 1183 2557 τόδε
1248 2475 1531 2578 νοήσεις
1594 2476 1680 2557 τὸ
1745 2482 2002 2584 σχῆμα
2067 2481 2184 2558 καὶ
2240 2476 2327 2557 τὸ
2386 2481 2462 2557 ἐν
2519 2483 2622 2586 τῷ
2684 2474 3032 2599 προφήτῃ

289 2621 484 2746 {38⁶⁹-
445 2619 524 2677 A.
568 2634 605 2678 a
628 2601 947 2700 κείμενον
986 2600 1270 2709 Ἡσαΐᾳ
1322 2606 1483 2705 περὶ
1539 2608 1870 2706 Χριστοῦ
1919 2613 1964 2651 “
1996 2608 2235 2682 Γνῶτε
2289 2600 2456 2701 ἔθνη
2512 2604 2629 2681 καὶ
2682 2592 3027 2699 ἡττᾶσθε,

288 2775 339 2827 9
359 2696 504 2813 ιέᾐί
630 2734 675 2772 “
709 2725 793 2805 ὅτ
793 2728 1032 2827 ιμεθ’
1091 2726 1294 2826 ἡμῶν
1350 2728 1391 2806 5
1446 2723 1694 2822 Θεὸς,”
1743 2725 2051 2829 ἁρμόσει
2119 2724 2252 2827 μὲν
2306 2724 2450 2828 γὰρ
2517 2726 2557 2804 5
2623 2726 2739 2805 ἐπὶ
2797 2723 3031 2831 τούτω

628 2848 852 2952 λόγος
888 2853 1006 2931 καὶ
1041 2851 1149 2931 ἐπ’
1190 2850 1383 2957 αὐτῷ
1427 2846 1558 2947 τὴν
1598 2856 1729 2929 τοῦ
1779 2849 2141 2954 σώζεσθαι
2189 2849 2685 2947 πεποιημένοις
2734 2848 3021 2927 ἐλπίδα·
3061 2886 3138 2926 20

630 2975 820 3081 φασὶ
876 2972 953 3055 δὲ
1007 2975 1199 3076 ὅμως
1246 2976 1362 3054 καὶ
1414 2971 1609 3052 οὗτοι
1659 2971 1744 3053 τό
1798 2975 1993 3053 Μεθ’
2032 2972 2236 3073 ἡμῶν
2271 2974 2312 3052 5
2350 2971 2556 3069 Θεὸς,
2595 2973 2728 3076 οὐχ
2777 2958 3031 3074 ὅσπερ

629 3096 722 3179 ἂν
786 3098 854 3179 εἴ
918 3133 1027 3184 τις
1097 3096 1496 3197 ὑπονοήσαι
1568 3093 1813 3201 τυχὸν,
1888 3097 1999 3176 ὅτι
2072 3093 2427 3198 συνεργὸς
2496 3093 2627 3193 μὲν
2691 3092 2835 3196 γὰρ
2910 3096 3030 3174 καὶ

627 3219 1254 3324 συμπαραστάτης
1308 3220 1515 3300 ἔσται
1553 3219 1764 3316 Θεὸς,
1802 3217 2125 3299 ἀλλ’ὅτι
2161 3221 2325 3318 με’θ
2365 3220 2588 3317 ἡμῶν,
2623 3219 3023 3315 τουτέστιν,

627 3343 786 3451 ἐξ
745 3351 970 3443 ημῶν.
1045 3344 1419 3446 ανθρωπος
1455 3342 1588 3442 μὲν
1624 3340 1766 3447 γὰρ
1805 3342 2098 3445 γέγονεν
2133 3343 2174 3422 5
2210 3350 2338 3423 τοῦ
2378 3348 2568 3422 Θεοῦ
2608 3338 2870 3442 Λόγος,
2908 3343 3030 3421 καὶ

626 3470 704 3546 ἐν
763 3466 994 3576 τούτῳ
1057 3466 1322 3550 πάντες
1385 3466 1973 3566 διασεσώσμεθα,
2029 3469 2146 3546 καὶ
2210 3464 2676 3572 διεῤῥήξαμεν
2743 3463 2833 3543 τὰ
2897 3473 3027 3544 τοῦ
3059 3491 3134 3552 25

626 3589 940 3670 θανᾶτου
1006 3588 1266 3687 δεσμὰ,
1346 3593 1463 3669 καὶ
1533 3588 1667 3689 τὴν
1736 3591 1816 3670 ἐκ
1887 3594 2018 3689 τῆς
2087 3591 2438 3692 ἁμαρτίας
2510 3585 3029 3687 ἀπεδυσοὶμεθα

625 3714 930 3821 φθορὰν,
1004 3713 1291 3814 ἐπείπερ
1364 3711 1858 3813 καταβέβηκεν
1931 3719 2029 3799 εἰς
2117 3714 2323 3812 ἡμᾶς,
2393 3714 2510 3791 καὶ
2583 3711 2747 3809 μεθ’
2822 3712 3028 3812 ἡμῶν

553 3850 599 3918 b
624 3837 919 3939 γέγονεν
954 3839 995 3917 5
1028 3838 1105 3916 ἐν
1139 3840 1391 3942 μορφῇ
1423 3843 1553 3916 τοῦ
1591 3840 1785 3916 Θεοῦ
1822 3833 2166 3941 ὑπάρχων
2203 3832 2390 3918 Θεὸς
2429 3832 2691 3935 Λόγος.
2773 3831 3027 3939 ὥσπερ

694 4056 750 4112 3.
784 4039 938 4096 αὐτὸς
960 4040 991 4092 5
1015 4037 1146 4094 θεὸς
1171 4037 1257 4110 (===
1284 4036 1462 4108 αυτὸς)
1491 4036 1558 4092 Β.
1583 4046 1638 4092 et
1660 4037 1735 4092 ita
1761 4036 1882 4110 Syr.
1907 4038 2062 4096 αὐτὸς
2085 4039 2216 4095 θεὸς
2241 4036 2344 4094 Ed.
2682 4035 2736 4092 6.
2773 4037 2874 4107 ζωὴ
2902 4035 3024 4108 Syr.

623 4141 689 4253 Ξ.
697 4108 1299 4286 fflaeffigssiffisgz
1318 4122 1913 4284 ξῖ,;ἓῖξ.·;ῑ·..ῗ,;ρῗῑ·.
1941 4194 2045 4251 Ε.
2300 4142 2385 4262 13:
2413 4132 2933 4249 223222323023
2953 4122 3025 4274 ξ.

624 4268 690 4323 Β.
694 4287 743 4324 a.
890 4281 973 4338 17.
1013 4265 1218 4336 νοήσεις
1238 4267 1299 4319 τὸ
1329 4265 1391 4320 Β.
1394 4283 1442 4319 a.
1467 4264 1712 4334 νοῆσοιτο
1742 4265 1838 4320 Ht.
1866 4264 1970 4321 Ed.
2125 4265 2316 4320 18—20.
2351 4265 2751 4335 Γνῶτε--λόγος
2828 4273 2921 4317 .et
2944 4280 3024 4317 810

618 4363 729 4418 fere
747 4361 846 4417 Ht.
863 4361 1027 4432 μεθΗ
1003 4366 1144 4432 ημῶν
1165 4363 1196 4415 5
1220 4361 1370 4426 Θεὸς,
1393 4364 1555 4430 γνῶτε
1577 4360 1702 4451 ἔθνη
1726 4397 2056 4416 ..........
2074 4361 2105 4413 5
2127 4361 2289 4431 λόγος
2303 4359 2450 4415 Aub.
2596 4375 2681 4413 20.
2707 4340 2930 4412 ἐπαῦτου
2952 4356 3021 4410 Β.

618 4433 699 4489 ὄπ
724 4434 883 4488 αὐτοῦ
911 4433 1008 4487 Ht.
1030 4433 1134 4488 Ed.
1310 4446 1396 4498 24.
1435 4427 1522 4500 ἐξ]
1550 4428 1623 4487 εἷς
1658 4430 1719 4497 ἐξ
1754 4429 1899 4485 haud
1936 4432 2073 4485 male
2108 4438 2171 4484 ut
2202 4429 2313 4485 vid.
2338 4429 2485 4484 Aub.
2511 4427 2585 4485 εἷς
2608 4446 2719 4484 non
2744 4427 2903 4482 habet
2929 4427 3019 4490 Β.,

616 4502 780 4559 habet
810 4513 987 4559 autem
1014 4505 1066 4573 (e
1098 4503 1208 4572 eil.)
1232 4520 1281 4557 a.
1496 4515 1582 4572 25.
1622 4500 1954 4570 διεσώσμεθα
1980 4501 2046 4557 Β.
2078 4501 2177 4556 Ht.
2201 4501 2610 4570 διασεσώσμεθα
2633 4497 2935 4555 emendavit
2955 4506 3022 4552 ut

619 4573 728 4630 vid.
753 4576 896 4631 Aub.
