3238 5158
249 326 380 392 xiv.
414 349 467 393 1.
822 334 939 398 IN
998 335 1066 400 S.
1114 335 1630 402 JOANNEM.
1723 338 1916 403 LIB.
1963 338 2087 406 IX.
2522 336 2653 400 399

252 501 356 600 τῷ
391 498 648 600 χρῆναι
684 499 1240 581 κατακολουθεῖν
1276 501 1471 608 αὐτῷ
1508 501 2038 603 διηντλήκαμεν
2072 498 2360 600 πόνους,
2396 502 2516 581 καὶ
2560 505 2657 585 εἷς
2682 503 2728 570 ἃ

251 618 506 722 ζημίαν
561 621 878 724 ἱδρώτων
932 625 1310 732 ἐκτελευτᾷ
1371 622 1456 705 τὸ
1511 626 1955 730 ἐπιχείρημα,
2010 626 2240 705 καίτοι
2295 625 2474 729 ζωῆς
2529 628 2657 722 τῆς

250 742 452 848 παρὰ
495 750 665 852 Θεῷ
718 745 1075 855 πρόξενον
1124 746 1300 828 εἷναι
1357 752 1638 829 δοκοῦν.
1715 748 1946 830 ταῦτά
1997 784 2109 831 τοι
2164 752 2330 831 καθ’
2366 744 2657 834 ἑαυτοὺς

252 872 781 968 διενθυμεΐσθαι
837 869 1004 957 τοὺς
1063 871 1390 973 μαθητὰς
1452 873 1537 954 τὸ
1603 873 1893 958 ἀπεικὸς
1956 874 2184 955 οὐδέν·
2270 870 2510 972 ἐπειδὴ
2575 871 2654 952 δὲ

184 1011 221 1074 5
251 993 672 1095 κεκλιμένην
744 997 982 1080 αὐτοῖς
1054 995 1189 1096 τὴν
1261 996 1578 1078 διάνοιαν
1653 1000 2092 1101 ἐπανορθοῦν
2167 997 2306 1077 ἔδει
2384 994 2644 1094 πάλιν,

252 1119 644 1220 ἀναγκαῖον
706 1117 958 1223 ὥσπερ
1022 1128 1169 1205 τοῖς
1232 1123 1554 1202 ἐντεῦθεν
1614 1125 2117 1225 διαλογισμοῖς
2177 1156 2256 1202 τε
2321 1125 2440 1202 καὶ
2504 1122 2647 1202 δεί-

250 1276 479 1340 μασιν
514 1244 899 1346 ἀντεπάγει
944 1242 1028 1325 τὸ
1079 1243 1486 1352 φάρμακον,
1523 1245 1759 1327 ὅπλον
1788 1280 1867 1326 τε
1901 1251 2265 1326 ποιεῖσθαι
2308 1246 2441 1346 τὴν
2476 1249 2653 1326 ἀτα-

250 1367 583 1474 ραξίαν’
546 1367 901 1449 επιτάττει
949 1367 1184 1472 λέγων
1223 1365 1339 1464 Μη
1379 1367 1891 1477 ταρασσέσθω“
1861 1407 2036 1477 opem
2070 1373 2105 1465 ἧ
2154 1366 2437 1479 καρδίαι.
2515 1405 2652 1473 ορα

254 1491 501 1594 γεμὴν,
569 1528 764 1579 οπως
828 1492 1416 1594 ἐπεσκιασμένως
1481 1495 1721 1577 αὐτοῖς
1794 1498 1923 1595 τῆς
1995 1493 2341 1594 ἐσομένης
2412 1494 2650 1579 αὐτοῖς
2728 1559 2739 1570 ,

141 1648 172 1688 1
186 1648 226 1687 0
254 1618 741 1724 μικροψυχίας
795 1619 1245 1724 ὑπισχνεῖται
1295 1616 1430 1720 τὴν
1484 1617 1773 1725 ἄφεσιν.
1848 1617 2463 1702 ἀκατακαλύπτως
2516 1654 2647 1717 μεν
2673 1645 2709 1688 θ

253 1741 402 1846 γὰρ
461 1743 547 1822 οὐ
611 1743 861 1850 φησὶν,
917 1740 1028 1821 ὅτι
1091 1741 1621 1845 συγγνώσομαι
1683 1745 1802 1822 καὶ
1867 1740 2372 1843 ἠσθενηκόσιν,
2431 1739 2478 1842 ἢ
2538 1742 2646 1822 ὅτι

253 1866 656 1966 συνεῖτομαι
707 1865 933 1947 πάλιν
986 1864 1191 1947 οὐδὲν
1235 1866 1453 1968 ἧττον
1488 1867 2029 1972 ἀρνησαμένοις,
2066 1865 2114 1968 ἢ
2164 1866 2640 1974 πεφευγόσιν,

250 1994 368 2072 ἵνα
416 1991 519 2093 μὴ
573 1991 702 2073 τὸν
745 1994 822 2071 ἐκ
878 1999 1007 2071 τοῦ
1060 1997 1422 2093 γελᾶσθαι
1479 1989 1721 2098 φόβον
1767 1992 2129 2077 ὁλοτελῶς
2178 1988 2636 2092 ἀποστήσας,

252 2119 368 2197 καὶ
432 2117 565 2218 τὴν
624 2119 701 2197 ἐκ
766 2123 895 2195 τοῦ
957 2115 1433 2219 προσκρούειν
1494 2114 1833 2197 ὑπόνοιαν
1893 2118 2253 2201 ὁλοτελῶς
2317 2114 2637 2222 ἀφελὼν,

137 2254 218 2316 15
250 2249 448 2323 λεῖον
499 2244 738 2326 αὐτοῖς
793 2236 1300 2343 ἀπεργάσηται
1350 2238 1435 2320 τὸ
1489 2236 2018 2341 πλημμέλημα,
2060 2243 2180 2320 καὶ
2231 2241 2398 2345 παρ’
2439 2237 2644 2320 οὐδὲν

250 2372 611 2447 ποιεῖσθαι
662 2363 919 2471 διδάξῃ
965 2363 1098 2463 τὴν
1131 2367 1208 2444 ἐκ
1245 2369 1373 2464 τῆς
1410 2364 1777 2468 ἀρνήσεως
1810 2369 2115 2473 μέμψιν.
2179 2363 2263 2445 τὸ
2300 2363 2378 2445 δὲ
2418 2364 2507 2463 δὴ
2540 2363 2643 2465 μὴ

249 2493 511 2596 χρῆναι
574 2488 1061 2594 ταράττεσθαι
1123 2488 1381 2593 λέγων,
1437 2489 1707 2590 μέσους
1765 2488 2020 2574 αὐτοῦς
2085 2491 2376 2574 ἐλπίδος
2433 2489 2643 2570 ἐτίθει

248 2619 367 2696 καὶ
426 2618 773 2716 δείματος,
829 2615 914 2694 ἵν’
970 2611 1413 2714 ἠσθενηκόσι
1475 2614 1605 2713 μὲν
1661 2616 1779 2694 καὶ
1841 2620 2204 2695 παθοῦσιν
2258 2616 2498 2699 αὐτοῖς
2557 2612 2641 2694 τὸ
2665 2622 2703 2689 a'
2759 2633 2980 2693 761Δ.

248 2739 720 2843 ἀνθρώπινον,
775 2739 820 2838 ἡ
879 2741 1007 2838 τῆς
1066 2735 1501 2840 ἡμερότητος
1565 2741 1771 2822 ἐλπὶς
1828 2735 2009 2841 πρὸς
2066 2737 2152 2818 τὸ
2217 2740 2645 2845 ἀνασφῆλαι

135 2890 223 2932 20
249 2868 629 2969 συμμαχῇ·
726 2862 1053 2965 ὀλιγάκις
1112 2862 1187 2943 δὲ
1244 2862 1521 2943 πταίειν
1576 2864 1615 2942 ὁ
1672 2870 1801 2942 τοῦ
1855 2860 2334 2966 προσκρούειν
2389 2860 2645 2947 αὐτοὺς

247 2988 591 3093 ἐπιτρέπῃ
629 2984 884 3095 φόβος,
921 2987 1207 3090 ἐπείπερ
1240 2988 1479 3070 αὐτοῖς
1515 3021 1714 3067 ουπω
1749 2990 1973 3086 μετῆν
2007 3020 2092 3066 το
2140 2983 2243 3087 μὴ
2290 2986 2644 3066 δύνασθαι

245 3111 647 3193 διαπίπτειν
683 3110 895 3208 ὅλως,
933 3111 1133 3190 οὔπω
1168 3111 1823 3217 κατημφιεσμένοις
1868 3109 2001 3212 τὴν
2038 3110 2312 3191 ἀνωθεν
2345 3145 2463 3189 και
2511 3107 2645 3211 τὴν
2731 3122 2980 3255 ἰξυῖ-9

242 3235 335 3343 ἐξ
384 3239 616 3342 υψους
672 3235 994 3335 δύναμιν,
1031 3234 1381 3333 τουτέστι,
1421 3234 1553 3335 τὴν
1589 3232 1709 3314 διὰ
1760 3244 1887 3315 τοῦ
1932 3232 2352 3336 Πνευματος
2400 3233 2636 3339 χάριν.

241 3360 598 3441 ἐπιτάττει
661 3366 1044 3461 τοιγαροῦν
1095 3357 1197 3459 μὴ
1264 3357 1769 3463 ταράττεσθαι,
1826 3359 2006 3459 ὁμοῦ
2060 3356 2192 3459 μὲν
2245 3357 2635 3455 διδάσκων,

129 3512 216 3574 25
244 3483 357 3563 ὅτι
411 3518 546 3587 περ
610 3483 974 3589 προσήκοι
1029 3482 1118 3582 δὴ
1173 3481 1462 3567 πάντως
1517 3483 1842 3580 ἀμείνους
1908 3479 2085 3564 εἶναι
2148 3485 2417 3570 δειλίας
2479 3482 2643 3570 τοὺς
2665 3492 2708 3555 b

240 3609 715 3713 ἀγωνίζὲσθαι
784 3603 1195 3709 μέλλοντας
1258 3610 1376 3687 καὶ
1431 3606 1595 3691 τούς
1658 3606 1836 3712 ὑπὲρ
1894 3612 2023 3709 τῆς
2086 3613 2184 3693 εἶς
2243 3607 2464 3713 ἄκρον
2520 3611 2634 3690 εὖ·

239 3732 486 3818 κλείας
522 3731 1010 3833 εἶσβήσεσθαι
1043 3728 1328 3817 πόνους·
1406 3729 1594 3833 μέγα
1632 3730 1775 3836 γὰρ
1810 3736 1908 3817 εἷς
1943 3730 2321 3834 εὐτολμίας
2355 3729 2644 3840 ἐφόδων

238 3859 281 3938 ὁ
338 3858 697 3963 ἀτάραχος
756 3864 939 3940 νοῦς·
1004 3857 1184 3954 ὁμοῦ
1238 3853 1316 3935 δὲ
1373 3856 1463 3935 αὖ
1516 3850 1747 3937 πάλιν
1801 3855 2286 3961 ἀμυδρότερον
2338 3856 2471 3958 μὲν
2525 3861 2644 3938 καὶ

238 3966 330 4063 οὐ·
368 3982 663 4089 σφόδρα
701 3986 1089 4088 διαφανῶς,
1126 3982 1584 4084 ὑποσπείρων
1624 3981 1694 4059 δ’
1735 3981 1862 4060 οὖν
1892 3979 2085 4080 ὅμως
2134 3986 2263 4083 τῆς
2314 3981 2644 4090 ἀφέσεως

123 4139 211 4199 30
236 4106 371 4210 τὴν
420 4108 698 4205 ἐλπίδα,
756 4110 872 4185 καὶ
932 4111 993 4185 εἶ
1050 4105 1328 4207 γένοιτό
1382 4139 1536 4188 πως
1595 4104 1837 4189 αὐτοῖς
1901 4102 1986 4184 τὸ
2044 4104 2134 4209 ἐξ
2193 4107 2644 4211 ἀνθρωπίνης

311 4385 360 4443 7.
399 4369 673 4441 ἆντεπάγει
699 4369 764 4425 Ε.
789 4368 1094 4458 ἀντεπάγειν
1119 4367 1223 4424 Ed.
1529 4368 1581 4423 8.
1617 4366 1854 4422 ἐπιτάττε
1881 4366 2005 4436 (sio)
2035 4367 2099 4423 E.
2205 4367 2543 4457 ταραττέσθω
2571 4369 2638 4424 Ε.

239 4442 325 4498 18.
362 4442 602 4510 δείματος
628 4440 693 4495 Ε.
716 4463 805 4511 γρ.
829 4439 1070 4509 δείματος
1093 4439 1237 4494 Aub.
1262 4456 1373 4509 mg.
1399 4438 1681 4529 δείγματος
1697 4437 1842 4492 Aub.
2091 4453 2177 4510 25.
2211 4438 2497 4529 προσήκει
2495 4439 2640 4494 Catt.

234 4512 726 4655 ΞέωἱίἑῖιῗῐλιμέἔςΕΕ.
752 4510 1028 4580 εὐτολμίαν
1052 4509 1155 4566 Ed.
1180 4511 1413 4565 εὐτονίαν
1435 4528 1485 4566 a.
1510 4510 1741 4566 εὐτονίας
1763 4526 1811 4563 c.
1838 4507 2003 4564 Cord.
2312 4511 2398 4565 28.
2433 4530 2530 4578 μιν
2552 4526 2639 4564 aa·
