3238 5158
194 354 603 444 xvii.12‚13.
667 356 783 421 IN
833 353 1453 425 SJOANNEM.
1543 354 1738 420 ΜΒ.
1787 354 1911 420 XI.
2001 334 2359 426 cA'P.1x.
2471 357 2595 421 τοι

199 518 390 605 Θεός
421 553 443 616 ;
501 523 585 601 οὐ
622 521 766 625 γὰρ
804 520 895 602 ἄν
929 556 997 602 τι
1034 518 1301 625 δράσαι
1336 526 1481 601 τῶν
1509 518 1737 601 ὄντων
1768 519 1860 600 τά
1889 525 2122 605 ἶδικῶς
2156 519 2602 625 ἐνεργήματα

199 651 416 746 Θεοῦ,
452 647 553 746 μὴ
589 647 747 752 οὐχὶ
784 653 996 727 τοῦτο
1033 645 1359 750 ὑπάρχον
1394 646 1787 743 οὐσιωδῶς,
1826 644 2002 749 ὅπερ
2049 643 2139 725 ἂν
2168 643 2345 726 εἶναι
2381 643 2601 751 τυχὸν

198 771 628 871 οἶησαίμεθα
663 769 791 851 τὸν
828 771 1040 851 Θεόν.
1114 768 1470 873 ἀποσώζει
1523 768 1600 848 δὲ
1638 768 1866 850 ποῖλιν
1900 772 1977 849 ἐν
2011 776 2103 877 τῇ
2142 770 2307 850 καθ’
2347 767 2601 849 ἑαυτὸν

200 895 466 1001 θεωρίᾳ
519 893 604 976 τὸ
662 897 738 974 ἐν
794 894 1038 995 νοήσει
1102 898 1407 975 διπλοῦν
1463 890 1582 973 διὰ
1644 892 1777 993 τὴν
1837 892 2017 993 μετὰ
2077 892 2350 998 σαρκὸς
2412 898 2601 973 οἷκο-

131 1043 173 1104 5
204 1018 482 1117 νομίαν.
581 1018 923 1126 ἀποφέρει
980 1016 1112 1118 μὲν
1176 1019 1321 1119 γάρ
1385 1050 1541 1100 πως
1603 1020 1734 1116 τῆς
1797 1022 2095 1120 γενητῆς
2161 1018 2448 1126 φύσεως
2514 1016 2598 1098 τὸ
2623 1038 2659 1082 Θ

202 1141 580 1245 διασώζειν
628 1140 982 1223 δύνασθαι
1033 1176 1152 1222 και
1203 1147 1442 1244 τηρεῖν
1498 1139 1588 1220 τὰ
1649 1139 1908 1244 οἷσπερ
1962 1138 2055 1221 ἂν
2107 1152 2319 1222 τοῦτο
2379 1141 2601 1246 τυχὸν

202 1266 586 1372 ὀφείληται
620 1268 702 1344 δι’
745 1263 1132 1364 εὐσέβειαν,
1157 1265 1539 1365 ἀνατίθησι
1576 1264 1652 1345 δε
1689 1273 1783 1374 τῷ
1821 1266 2086 1372 ὀνόματι
2126 1274 2254 1345 τοῦ
2286 1264 2597 1368 Πατρὸς,

201 1389 392 1494 μόνῃ
429 1395 519 1494 τῇ
557 1390 711 1496 θείᾳ
744 1387 1175 1494 προσνέμων
1211 1387 1430 1496 φύσει
1466 1387 1561 1469 τὰ
1597 1394 1978 1493 θεοπρεπῆ.
2053 1388 2172 1470 διὰ
2207 1387 2353 1493 γὰρ
2387 1398 2600 1470 τοῦτο

203 1512 455 1610 πάλιν,
492 1515 718 1594 καίτοι
760 1514 1212 1618 τετηρηκέναι
1267 1511 1506 1614 λέγων
1547 1512 1715 1598 τοῦς
1760 1512 2105 1615 μαθητὰς,
2144 1514 2229 1593 οὐ
2283 1521 2431 1597 τοῖς
2475 1517 2603 1592 ἀν-

94 1672 175 1714 10
206 1634 672 1739 θρωπότητος
705 1637 988 1741 μέτροις
1024 1634 1157 1738 τὴν
1193 1645 1322 1717 τοῦ
1357 1638 1911 1741 κατορθώματος
1950 1634 2327 1746 ὑπόληψιν
2363 1639 2601 1743 ἐχαρί-

207 1795 418 1859 σατο,
454 1768 984 1867 πεπληρῶσθαι
1021 1761 1097 1842 δὲ
1133 1768 1423 1861 μᾶλλον
1456 1762 1515 1841 ἐν
1554 1765 1824 1868 ὀνόματι
1864 1761 2058 1865 λέγει
2092 1768 2195 1869 τῷ
2230 1770 2360 1842 τοῦ
2388 1767 2601 1859 Θεοῦ,

207 1887 353 1993 ἔξω
406 1885 536 1986 μέν
570 1921 726 1972 πως
772 1889 986 1970 τιθεὶς
1032 1883 1285 1966 ἑαυτὸν
1319 1895 1449 1966 τοῦ
1503 1884 1949 1988 πράγματος,
1997 1886 2177 1967 καθὸ
2225 1885 2484 1988 γέγονέ
2522 1918 2603 1965 τε

207 2014 329 2091 καὶ
394 2016 650 2089 νοεῖται
711 2006 930 2115 σὰρξ,
989 2008 1162 2089 εἴσω
1222 2008 1297 2088 δὲ
1356 2006 1583 2089 πάλιν
1645 2018 1774 2090 τοῦ
1833 2014 2146 2114 τηρῆσαι
2210 2013 2425 2095 τιθεὶς
2486 2011 2601 2090 καὶ
2627 2048 2665 2088 a
2706 2034 2837 2090 978
2856 2034 2937 2089 Δ.

202 2136 514 2234 ἐνεργεῖν
548 2131 903 2214 δύνασθαι
939 2131 1029 2213 τὰ
1066 2137 1450 2236 θεοπρεπῆ,
1494 2133 1810 2236 καθάπερ
1846 2136 2005 2215 ἐστὶ
2043 2133 2227 2218 Θεὸς
2263 2136 2341 2215 ε’κ
2378 2140 2600 2232 Θεοῦ,

96 2284 174 2345 15
206 2256 509 2356 δύναμις
545 2256 589 2356 ἡ
630 2257 1115 2360 παντουργικὴ
1151 2264 1280 2337 τοῦ
1317 2255 1630 2360 Πατρὸς,
1667 2256 1881 2362 ἰσχῦς
1939 2259 2066 2339 οὐκ
2102 2256 2597 2362 ἐνεργουμένη,

206 2382 386 2462 ἀλλ’
426 2379 515 2486 ἐξ
545 2377 645 2460 ὧν
679 2383 880 2461 ε’στιν
918 2378 1094 2480 αὐτὴ
1131 2379 1263 2481 τὴν
1299 2381 1458 2460 ὅθεν
1497 2381 1817 2485 ἀῤῥήτως
1854 2383 2262 2488 προέκυψεν
2295 2383 2599 2489 ἐμφανί-

207 2504 442 2608 ζουσα
497 2503 743 2614 φύσιν.
837 2510 897 2586 εὶ
953 2503 1027 2585 δὲ
1084 2502 1425 2586 δεδόσθαι
1488 2506 1722 2611 φησὶν
1782 2505 1975 2613 αὐτῷ
2034 2509 2169 2587 κάν
2226 2506 2457 2614 τούτῳ
2516 2505 2606 2607 δὴ

202 2628 439 2712 πάλιν
475 2627 557 2710 τὸ
592 2633 720 2728 τῆς
755 2627 1085 2730 θεότητος
1127 2628 1374 2728 ὄνομα,
1414 2630 1641 2710 καίτοι
1680 2626 1864 2714 Θεὸς
1894 2628 2077 2711 κατὰ
2113 2629 2343 2739 φύσιν
2380 2631 2609 2736 ὑπείρ-

204 2789 367 2861 χων
424 2753 603 2833 καθὸ
650 2755 971 2860 πέφηνεν
1020 2756 1098 2834 ἐκ
1138 2759 1328 2833 Θεοῦ
1368 2751 1813 2856 Μονογενὴς,
1852 2753 2053 2835 οὐδὲν
2104 2764 2315 2835 τοῦτο
2362 2758 2611 2835 διαλυ-

100 2912 181 2953 20
205 2877 535 2980 μαίνεται
592 2883 685 2982 τῇ
744 2877 1043 2984 ἀληθείᾳ
1100 2886 1228 2958 τοῦ
1290 2877 1738 2981 πράγματος,
1794 2876 1952 2958 οὐδὲ
2014 2883 2140 2978 τῆς
2196 2880 2387 2986 αὐτῷ
2438 2913 2611 2984 πρε-

205 3002 499 3101 πούσης
554 3001 889 3108 ἐξώσειεν
945 2998 1034 3081 ἂν
1081 3001 1297 3082 αὐτὸν
1340 3006 1548 3102 τιμῆς
1592 3037 1674 3082 τε
1717 3005 1835 3082 καὶ
1881 2999 2120 3109 δόξης·
2187 3013 2476 3084 πολλοῦ
2524 3038 2610 3106 γε
2635 3036 2680 3100 b

209 3129 335 3209 καὶ
392 3128 517 3206 δεῖ.
590 3125 696 3225 εἴη
750 3123 894 3229 γὰρ
929 3123 1019 3204 ἂν
1053 3124 1140 3205 τὸ
1195 3132 1450 3219 λαβεῖν
1487 3130 1612 3225 τῆς
1659 3124 2204 3230 ἀνθρωπότητος
2260 3128 2457 3225 ἰ’διον,
2496 3131 2613 3209 καὶ

210 3253 398 3355 αὐτῇ
467 3248 881 3353 πρεπόντως
953 3249 1401 3330 ἀνακείσεται
1470 3256 1786 3349 μᾶλλον·
1875 3251 2019 3355 ἔχει
2074 3251 2218 3354 γὰρ
2278 3252 2478 3333 οὐδὲν
2531 3252 2622 3360 ἐξ

210 3377 493 3473 ἑαυτῆς.

102 3519 182 3581 25
333 3501 670 3600 Τηρῆσαι
718 3495 795 3577 δὲ
846 3500 1031 3578 οὕτω
1070 3498 1258 3604 φησὶ
1303 3496 1470 3582 τοὺς
1506 3500 1758 3579 ἑαυτοῦ
1802 3497 2145 3598 μαθητὰς,
2183 3505 2300 3582 καὶ
2334 3500 2611 3582 τοσαύ-
2663 3504 2696 3530 '⁶‘

210 3656 354 3722 την
398 3622 503 3702 ἐπ’
543 3623 780 3705 αὐτοῖς
824 3626 1124 3722 ποιῆσαι
1174 3620 1308 3722 τὴν
1343 3620 1708 3724 πρόνοιαν,
1741 3624 1836 3707 ὡς
1873 3623 2279 3706 ἀπολέσθαι
2328 3626 2614 3726 μηδένα,

212 3742 420 3845 πλὴν
484 3743 659 3842 ἑνὸς,
728 3742 812 3825 ὃν
881 3749 997 3826 καὶ
1072 3744 1185 3840 τῆς
1258 3750 1621 3834 ἀπωλείαις
1695 3747 2073 3845 ὠνόμασεν
2139 3748 2306 3849 υἱὸν,
2376 3754 2473 3836 ὡς
2534 3750 2625 3858 ἐξ

215 3870 481 3954 οἰκείας
534 3873 832 3970 βουλῆς,
887 3877 1180 3970 μᾶλλον
1235 3869 1312 3950 δὲ
1365 3872 1765 3974 μοχθηρίας
1821 3906 1898 3952 τε
1956 3876 2073 3953 καὶ
2129 3874 2617 3976 ἀνοσιότητος,

216 3997 313 4098 τῇ
349 3995 672 4101 ἀπωλείᾳ
706 3994 1314 4099 χρεωστούμενον.
1391 3993 1551 4075 οὐδὲ
1588 3993 1733 4099 γὰρ
1772 3996 2163 4099 οἶησόμεθά
2197 4034 2396 4098 ποτε,
2433 3998 2619 4080 κατὰ

107 4151 191 4210 30
221 4118 416 4199 θεῖόν
445 4153 526 4199 τε
574 4122 690 4199 καὶ
727 4120 1010 4224 ἄμαχον
1047 4125 1266 4222 κρῖμα
1301 4116 1429 4198 τὸν
1465 4117 1827 4221 προδότην
1862 4123 1939 4201 ἐν
1974 4129 2325 4223 μαθηταῖς
2360 4130 2451 4228 τῇ
2488 4133 2618 4204 τοῦ

221 4243 652 4350 θηρεύοντος
729 4246 1082 4325 ε’ναλῶναι
1152 4243 1425 4347 παγίδι,
1492 4246 1607 4325 καὶ
1675 4244 1970 4351 βρόχων
2028 4247 2204 4329 εἴσω
2278 4246 2614 4347 γενέσθαι
2642 4292 2679 4336 e

300 4549 352 4589 2.
388 4532 622 4603 ὑπάρχον
646 4531 711 4587 Ε.
736 4530 982 4603 υπάρχων
1006 4531 1108 4586 Ed.
1482 4533 1533 4590 6.
1571 4532 1661 4606 τὰ]
1690 4534 1807 4593 τοὺς
1836 4535 1900 4592 E.
2261 4547 2343 4608 17.
2381 4536 2544 4608 ἐαυτῷ
2569 4553 2620 4595 a.

227 4606 317 4663 28.
353 4602 544 4661 οἰκείας
564 4599 786 4674 βουλῆς]
814 4606 1016 4674 γνώμης
1039 4601 1226 4663 οἰκείας
1250 4622 1297 4660 a.
