3238 5158
630 230 764 298 646
1245 232 1326 298 B.
1373 231 1800 298 CYRILLI
1859 233 2442 300 ALEXANDR.
2799 234 2928 297 xvi.
2955 246 3042 311 25.

632 407 677 445 ‘⁶
717 395 1008 501 Πατρὸς
1056 399 1262 499 ἡμῶν
1295 401 1412 479 καὶ
1464 399 1735 503 Κυρίου
1768 401 2019 500 Ἰησοῦ
2064 401 2461 504 Χριστοῦ·”
2523 395 2573 505 ᾖ
2624 396 2706 480 δὲ
2761 400 3046 498 μεσίτης

304 550 434 607 937
451 548 531 604 Δ.
576 561 613 602 a
636 524 756 602 καὶ
814 522 1175 628 ἀρχιερεὺς
1232 524 1352 603 καὶ
1409 522 1873 627 παράκλητος
1931 524 2371 630 ὀνομάζεται,
2422 521 2914 628 προσκομίζει
2961 525 3050 629 τῷ

638 651 880 752 Πατρὶ
915 646 1046 732 τὰς
1093 645 1271 749 ὑπὲρ
1321 647 1526 748 ἡμῶν
1562 649 1884 733 ἱκετείας·
1967 648 2178 734 αὐτὸς
2224 648 2372 753 γάρ
2419 652 2630 729 ἐστιν
2671 649 2719 747 ἡ
2769 646 3049 728 πάντων

636 772 839 872 ἡμῶν
893 773 1267 878 παῤῥησία
1316 772 1499 876 πρὸς
1553 769 1684 853 τὸν
1742 771 2058 877 Πατέρα.
2173 774 2234 855 ἐν
2290 775 2558 879 ὄνὸματι
2626 774 2887 853 τοίνυν
2938 779 3050 851 τοῦ

640 901 978 1001 Σωτῆρος
1017 898 1219 998 ἡμῶν
1254 902 1586 1001 Χριστοῦ
1623 894 1752 983 τὰς
1788 895 2068 998 δεήσεις
2102 898 2455 999 ποιητέον·
2520 894 3091 1003 προχειρόταταὸ

639 1019 783 1126 γὰρ
838 1022 1024 1102 οὕτω
1080 1055 1579 1102 κατανευσειεν
1634 1019 1724 1101 ἂν
1779 1022 1820 1100 ὃ
1867 1019 2149 1126 Πατὴρ,
2205 1023 2540 1105 ἐπιδώσει
2597 1021 2682 1103 δὲ
2740 1029 2897 1105 τοῖς
2947 1023 3045 1099 αἱ·

639 1153 892 1226 τοῦσιν
947 1143 1165 1226 αὐτον
1219 1145 1314 1226 τὰ
1366 1143 1713 1248 ἀγαθὰ,”
1680 1180 1795 1226 ινα
1851 1144 2204 1243 λαβόντες
2257 1147 2648 1253 χαίρωμεν.
2737 1148 3043 1243 ἀναπιμ-

641 1268 999 1371 πλάμενοι
1034 1267 1180 1375 γὰρ
1214 1268 1693 1375 χαρισμάτων
1727 1276 2245 1369 πνευματικῶν,
2284 1273 2400 1351 καὶ
2447 1275 2578 1371 τῆς
2620 1270 2805 1374 παρ’
2847 1271 3048 1349 αὐτοῦ

643 1393 1007 1479 συνέσεως
1054 1393 1422 1475 πλουσίαν
1464 1390 1814 1498 λαχόντες
1860 1393 1995 1493 τὴν
2029 1397 2400 1500 χορηγίαν,
2436 1396 2555 1476 διὰ
2612 1403 2752 1476 τοῦ
2813 1428 3040 1475 κατοι-

573 1532 619 1598 b
646 1528 939 1603 κοῦντος
987 1520 1062 1599 ἐν
1098 1518 1268 1618 ἡμῖν
1298 1517 1555 1621 Ἀγίου
1602 1517 2043 1617 Πνεύματος,
2082 1519 2885 1624 καταστρατευσόμεθα
2931 1517 3048 1617 μὲν
3068 1551 3120 1592 ιο

644 1648 764 1725 καὶ
799 1643 967 1724 λίαν
1004 1640 1315 1728 εὐκόλως
1361 1638 1658 1743 ἁπάσης
1705 1641 2010 1723 ἐκτόπου
2058 1676 2136 1722 τε
2187 1646 2303 1723 καὶ
2350 1647 2721 1747 βδελυροῖς
2768 1645 3042 1743 ἡδονῆς·

643 1772 1259 1872 ἀγαθουργοῦντες
1331 1765 1408 1847 δὲ
1484 1801 1671 1848 ουτω
1744 1770 1861 1846 καὶ
1943 1772 2040 1852 εἶς
2118 1765 2373 1873 ἔφεσιν
2443 1765 2752 1868 ἁπάσης
2837 1767 3049 1851 ἰόντες

643 1897 899 1997 ἀρετῆς
971 1890 1114 1972 σῦν
1170 1891 1506 1999 ἐξαιρέτῳ
1570 1896 1663 1998 τῇ
1726 1891 2111 1999 προθυμίᾳ,
2169 1895 2288 1971 καὶ
2351 1891 2814 1994 νευρούμενοι
2877 1891 3048 1995 πρὸς

640 2023 789 2097 πᾶν
839 2018 1077 2097 οτιοῦν
1126 2024 1273 2097 τῶν
1317 2014 1462 2095 ὅσα
1517 2022 1870 2096 τελοῦντα
1916 2017 2246 2123 φαίνεται
2296 2049 2478 2117 προς
2525 2017 2932 2119 ἁγιασμὸν,
2966 2022 3049 2121 τῇ

641 2146 769 2242 τῆς
849 2143 1158 2242 ἀμοιβῆς
1240 2139 1477 2221 ε’λπίδι
1559 2139 1905 2245 χαίρομέν
1975 2175 2054 2221 τε
2129 2139 2319 2241 λίαν,
2382 2144 2498 2221 καὶ
2563 2141 2701 2242 τὴν
2772 2145 2854 2223 ἐκ
2930 2149 3048 2222 τοῦ
3070 2166 3120 2223 15

641 2273 960 2368 πονηροῦ
1031 2263 1439 2350 συνειδότος
1519 2262 1917 2372 κατήφειαν
1991 2263 2617 2373 ἀποπεμψάμενοι,
2691 2274 2859 2351 ταῖς
2941 2268 3050 2347 ἐπὶ

645 2395 952 2499 Χριστῷ
1008 2390 1378 2490 θυμηδίαις
1432 2386 1559 2470 τὸν
1603 2395 1860 2470 οἰκεῖον
1909 2389 2456 2490 καταπιαίνομεν
2507 2398 2704 2471 νοῦν.
2791 2395 2914 2472 καὶ
2967 2387 3049 2489 ἦν

589 2547 625 2592 c
648 2513 779 2617 μὲν
835 2521 981 2600 τοῖς
1046 2513 1529 2619 ἀρχαιοτέροις
1596 2512 2168 2615 ἀνεπιτήδευτον·
2250 2517 2334 2597 οὐ
2397 2513 2541 2621 γὰρ
2604 2512 3046 2616 μεμελέτητό

646 2674 803 2725 πως
850 2643 1263 2744 προσευχῆς
1310 2673 1418 2723 τις
1473 2647 1790 2723 τοιοῦτος
1842 2638 2110 2744 τρόπος
2161 2639 2279 2721 διὰ
2325 2638 2456 2741 τὴν
2497 2641 2830 2743 ἄγνοιαν·
2897 2643 3040 2745 ὀρί·

645 2765 832 2870 ζεται
906 2763 982 2845 δὲ
1057 2769 1212 2844 νυνὶ
1282 2760 1400 2843 διὰ
1473 2768 1831 2867 Χριστοῦ,
1891 2767 2006 2843 καὶ
2079 2763 2286 2863 μάλα
2359 2762 2661 2862 εἰκότως,
2728 2765 2853 2846 ὅτε
2930 2771 3048 2867 τῆς
3067 2795 3146 2862 ²³3

644 2888 1093 2993 διορθώσεως
1167 2886 1596 2994 ἀνέλαμψεν
1665 2889 1706 2967 ὁ
1785 2887 2049 2990 καιρὸς,
2114 2891 2231 2969 καὶ
2302 2890 2348 2989 ἡ
2418 2890 2692 2974 παντὸς
2772 2895 3047 2995 ἀγαθοῦ
3145 2891 3146 2894 “

642 3011 1003 3114 τελειότης
1056 3009 1594 3110 εἶσκεκόμισται
1650 3012 1737 3093 δι’
1778 3014 2018 3092 αὐτοῦ.
2094 3011 2343 3115 ὥσπερ
2395 3013 2541 3122 γὰρ
2595 3013 2813 3096 οὐδὲν
2851 3050 3043 3097 τετε-

643 3137 936 3218 λείωκεν
984 3139 1025 3217 ὃ
1081 3134 1317 3235 νόμος,
1363 3135 1532 3215 ἀλλ’
1574 3134 1664 3236 ἦν
1709 3135 1973 3237 ἀτελὴς
2026 3137 2072 3236 ἦ
2129 3136 2282 3218 κατ’
2320 3136 2540 3220 αὐτὸν
2585 3141 3044 3244 μελετωμένη
3143 3197 3144 3244 4

644 3261 1079 3362 δικαιοσύνη,
1118 3262 1304 3341 οὕτω
1340 3263 1459 3341 καὶ
1491 3265 1622 3362 τῆς
1655 3265 2071 3368 προσευχῆς
2107 3263 2147 3342 ὃ
2189 3260 2477 3367 τρόπος.
3143 3247 3144 3322 ¹

547 3547 620 3608 25
646 3528 869 3594 Ταῦτα
922 3527 994 3594 ὲν
1047 3527 1429 3618 παροιμίαις
1488 3528 1827 3594 λελάληκα
1890 3528 2051 3607 ὑμῖν·
2125 3530 2383 3620 ἔρχεται
2445 3532 2591 3620 ὥρα
2650 3533 2770 3597 ὅτε
2835 3534 3142 3606 nimina

575 3662 620 3728 d
746 3652 818 3718 ὲν
861 3652 1244 3741 παροιμίαις
1291 3657 1563 3721 λαλήσω
1616 3650 1784 3736 ὑμῖν,
1821 3655 1994 3720 ἀλλὰ
2048 3654 2371 3748 παρρησίᾳ
2419 3656 2570 3745 περὶ
2617 3665 2745 3723 τοῦ
2795 3660 3040 3748 Πατροε

744 3778 1098 3851 ἀπαΓΓελῶ
1152 3774 1320 3857 ὑμῖν.

755 3947 1139 4051 Παροιμίαν
1176 3941 1359 4024 εἷναί
1389 3950 1580 4051 φησι
1617 3944 1744 4027 τὸν
1782 3944 2101 4052 ἀμυδρόν
2135 3983 2214 4029 τε
2258 3949 2371 4028 καὶ
2422 3950 2507 4027 οὐ
2553 3950 2732 4031 λίαν
2770 3954 3040 4059 ἐμφανῆ

640 4064 890 4169 λόγον,
937 4069 1509 4169 ἐπεσκιασμένον
1559 4071 1647 4150 δέ
1691 4105 1847 4158 πως
1902 4071 2288 4179 ἀσαφείαις
2343 4074 2531 4153 οὕτω
2588 4084 2920 4176 λεπταῖς,
2959 4081 3038 4159 ὦς

639 4189 740 4292 μὴ
777 4193 946 4273 λίαν
980 4193 1278 4292 ἑτοίμως
1312 4193 1635 4275 συνιέναι
1671 4200 1859 4303 φησὶ
1904 4196 2260 4277 δύνασθαι
2302 4195 2469 4282 τοὺς
2513 4199 3028 4303 ἀκροωμένους·
3053 4220 3102 4280 3⁰

710 4415 796 4472 25.
834 4398 978 4472 ὑμῖν]
1011 4407 1071 4467 -Ι-
1099 4400 1220 4456 ἀλλ’
1248 4400 1350 4457 Ed.
1377 4403 1544 4459 invito
1569 4404 1637 4460 Ε.
2115 4420 2201 4479 27.
2235 4405 2519 4480 ἆπαγγελῶ
2546 4408 2615 4465 Ε.
2639 4410 2923 4485 ἀναγγελεῖ
2945 4409 3030 4467 Ed·

637 4487 725 4541 30.
764 4473 905 4543 φησὶ
929 4482 1270 4543 assumptum
1295 4491 1360 4528 ex
1388 4473 1451 4528 E.
