3238 5158
661 339 790 403 720
1262 339 1340 405 B.
1386 339 1810 407 CYRILLI
1869 340 2443 407 ALEXANDR..
2642 337 2800 402 xvii.
2831 338 2931 415 18,
2961 353 3060 417 19.

661 510 707 547 ‘⁶
741 501 1141 603 πρόσωπον
1178 506 1395 586 αὑτοῦ
1439 505 1671 607 πνοὴν
1707 506 1947 611 ζωῆς,”
1994 508 2077 586 οῦ
2115 508 2281 611 δίχα
2314 514 2443 587 τοῦ
2478 505 2595 585 διὰ
2636 504 3068 602 Πνεύματος

661 624 1026 726 ἀγιασμοῦ
1068 627 1200 727 τὴν
1233 625 1482 735 ψυχὴν
1517 633 1623 738 τῷ
1667 629 2022 738 ἀνθρώπῳ
2061 630 2400 710 δεδόσθαι
2442 628 2846 731 σημαίνων,
2883 627 3064 706 ἀλλ’

658 748 818 828 οὐδὲ
890 750 1170 852 γυμνὴν
1242 750 1289 854 ἢ
1364 755 1633 858 ἐρήμην
1704 758 2077 837 παντελῶς
2148 757 2277 854 τῆς
2351 755 2543 838 θείας
2617 751 3067 834 καθεστάναι

659 873 971 977 φύσεως,
1042 876 1201 957 οὐδὲ
1258 876 1403 982 γὰρ
1458 874 1547 958 ἂν
1589 875 1804 985 ὤφθη
1848 876 2025 958 ποτὲ
2072 881 2223 958 κατ’
2264 875 2500 958 εἰκόνα
2541 876 2675 977 τὴν
2712 876 3064 957 ἀνωτάτω

656 995 742 1076 τὸ
797 998 1376 1102 χθαμαλωτάτην
1432 1003 1657 1085 οὕτως
1711 1001 1879 1106 ἕχον
1931 1000 2064 1102 τὴν
2118 1002 2425 1102 γε’νεσιν,
2478 1007 2539 1081 εἰ
2593 999 2696 1101 μὴ
2749 999 2892 1099 τὴν
2945 998 3064 1078 διὰ
3093 1026 3125 1084 5

656 1130 783 1202 τοῦ
815 1123 1238 1225 Πνεύματος
1272 1122 1685 1232 μόρφωσιν,
1728 1132 2189 1229 προσωπεῖον
2223 1158 2478 1226 ωσπερ
2511 1159 2581 1204 τι
2618 1122 3063 1228 περικαλλὲς

587 1257 629 1320 b
658 1241 886 1350 ἐ’λαχέ
925 1280 1001 1328 τε
1046 1282 1163 1328 και
1216 1249 1711 1352 ἐκληρωσατο,
1745 1248 2102 1350 βουλήσει
2150 1248 2228 1331 δε
2274 1245 2612 1350 δηλονότι
2659 1256 2792 1329 τοῦ
2833 1253 3054 1328 Θεοῦ.

656 1370 896 1471 ἐπειδὴ
935 1371 1078 1475 γάρ
1116 1375 1275 1455 ε’στι
1308 1378 1438 1474 τῆς
1471 1382 1599 1455 τοῦ
1630 1369 2094 1478 Μονογενοῦς
2130 1375 2380 1457 οὐσίας
2412 1373 2619 1454 εἰκων
2653 1371 3061 1481 ἀκραιφνὴς

655 1528 741 1573 το
801 1500 1099 1597 Πνεῦμα
1143 1499 1380 1596 αὑτοῦ,
1437 1532 1622 1578 κατα
1675 1533 1760 1578 το
1822 1499 2316 1601 γεγραμμένον
2374 1496 2492 1578 διὰ
2547 1505 2678 1578 τοῦ
2747 1499 3060 1577 Παύλου

656 1628 702 1665 “
739 1617 894 1703 Οῦς
937 1619 1081 1723 γὰρ
1119 1622 1471 1725 προέγνω,
1510 1626 1624 1703 καὶ
1673 1622 2038 1725 προώρισε
2078 1622 2556 1727 συμμόρφους
2599 1627 2730 1721 τῆς
2786 1622 3055 1707 εἰκόνος
3085 1652 3144 1692 10

659 1752 703 1790 “
735 1751 864 1823 τοῦ
896 1749 1079 1825 Υἰοῦ
1133 1746 1420 1826 αὖτοῦ·”
1497 1745 1664 1832 τοὺς
1717 1745 1972 1852 οἷσπερ
2017 1746 2106 1827 ἂν
2140 1745 2530 1854 ε’νυπάρξαι
2566 1747 3056 1855 συμμόρφους

655 1869 999 1949 ἀποτελεῖ
1045 1875 1135 1975 τῇ
1191 1880 1318 1952 τοῦ
1359 1869 1651 1974 Πατρὸς
1706 1871 1942 1971 εἰκόνι,
1985 1870 2311 1952 τουτέστι
2364 1875 2467 1980 τῷ
2500 1876 2678 1979 Υἰῷ,
2733 1874 2928 1951 οὕτω
2977 1905 3055 1952 τε

653 1991 744 2070 τὰ
776 1990 1014 2073 πάντα
1052 1992 1138 2073 δι’
1177 1999 1357 2076 Υἰοῦ
1388 1995 1571 2099 πρὸς
1606 1994 1736 2076 τὸν
1771 1997 1860 2104 ἐξ
1891 1994 2110 2097 οὗπέρ
2145 1998 2304 2075 ε’στι
2329 1993 2622 2100 Πατέρα
2656 1994 2778 2075 διὰ
2808 1996 3045 2075 Πνεύ-

649 2150 875 2216 ματος
937 2117 1387 2221 ἐπανάγεται.
1474 2123 1950 2201 ἀνανεοῦσθαι
2020 2128 2402 2224 τοιγαροῦν
2464 2124 2584 2200 καὶ
2658 2121 3048 2202 ἀναπλάτ-

651 2239 915 2320 τεσθαί
966 2275 1121 2326 πως
1188 2249 1286 2329 εἰς
1345 2244 1580 2325 εἰκόνα
1638 2243 1772 2342 τὴν
1831 2245 2125 2349 πρώτην
2187 2243 2320 2346 τὴν
2377 2244 2760 2348 ἀνθρώπου
2819 2246 3054 2352 φύσιν
3084 2276 3145 2331 15

589 2397 625 2442 ο
651 2367 880 2473 ἐρωτᾷ
913 2364 1030 2446 διὰ
1065 2369 1446 2465 μετουσίας
1482 2377 1609 2449 τοῦ
1652 2368 2091 2468 Πνεύματος,
2129 2368 2246 2449 ἵνα
2281 2366 2414 2468 τὴν
2449 2368 2744 2471 πρώτην
2779 2370 3050 2467 ἐκείνην

650 2490 1174 2597 ἀμφιεσάμενοι
1237 2494 1469 2596 χάριν,
1544 2496 1659 2573 καὶ
1720 2491 1852 2593 τὴν
1914 2492 2094 2597 πρὸς
2159 2493 2377 2573 αὐτὸν
2440 2492 3050 2593 ἀνακομισάμενοι

650 2614 1059 2721 μόρφωσιν,
1116 2618 1441 2716 ἀμείνους
1496 2652 1570 2697 τε
1630 2619 1766 2717 ἤδη
1830 2619 1944 2697 καὶ
2010 2618 2479 2720 δυνατώτεροι
2534 2621 2662 2717 τῆς
2723 2621 2803 2697 ἐν
2866 2623 3050 2725 τῷδε

649 2745 753 2847 τῷ
811 2738 1065 2848 κόσμῳ
1124 2742 1664 2842 βασιλευούσης
1721 2743 2070 2844 ἁμαρτίας
2128 2742 2644 2846 εὖρισκῶμεθα,
2713 2741 2905 2848 μόνῃ
2967 2776 3050 2821 τε

649 2869 740 2967 τῇ
797 2868 893 2948 εἰς
930 2864 1123 2945 Θεὸν
1170 2865 1535 2968 ἀγαπήσει
1588 2867 2195 2970 προσεδρεύωμεν,
2234 2866 2477 2972 ἐφέσει
2529 2872 2618 2970 τῇ
2665 2866 2850 2967 πρὸς
2900 2874 3051 2947 πᾶν
3079 2905 3146 2945 20

649 2989 884 3067 ὁτιοῦν
957 2988 1234 3090 ἀγαθὸν
1316 2992 1735 3095 ὁλοσχερῶς
1828 2992 2284 3091 ἀνακείμενοι,
2360 2995 2476 3072 καὶ
2558 2993 3050 3095 φιλοσαρκίας

649 3111 1011 3214 κρείττονα
1056 3113 1188 3213 τὴν
1230 3114 1542 3196 διάνοιαν
1578 3116 1880 3220 ἔχοντες,
1927 3118 2467 3220 ἀπαραποίητον
2498 3118 2573 3196 ἐν
2608 3117 2884 3200 ἑαυτοῖς
2920 3120 3052 3214 τῆς

647 3237 1043 3338 ἐντεθεῖσης
1081 3238 1346 3322 εἰκόνος
1397 3237 1484 3319 τὸ
1536 3236 1811 3323 κάλλος
1866 3239 2314 3342 τηρήσωμεν.
2375 3239 2578 3324 οὗτος
2628 3238 2772 3343 γὰρ
2808 3241 2853 3320 ὃ
2889 3242 3052 3335 βίος

649 3362 689 3440 ὃ
722 3359 1217 3460 πνευματικὸς,
1253 3362 1432 3463 αὕτη
1470 3367 1596 3459 τῆς
1633 3365 1709 3443 ἐν
1744 3364 2091 3463 πνεύματι
2132 3365 2463 3466 λατρείας
2497 3363 2542 3463 ἡ
2580 3365 2903 3463 δύναμις.

756 3487 973 3565 Ἀλλ’
1030 3491 1086 3565 εἰ
1141 3484 1282 3590 χρή
1325 3521 1399 3567 τι
1445 3487 1674 3568 πάλιν
1729 3487 1813 3568 τὸ
1863 3497 1991 3569 τοῦ
2047 3489 2275 3590 λόγου
2329 3493 2551 3588 μῆκος
2603 3488 3049 3572 συνελόντας
3077 3524 3146 3585 25

578 3617 623 3683 d
648 3612 721 3689 ἐν
794 3610 1068 3711 ὀλίγοις
1143 3616 1379 3708 εἰπεῖν,
1437 3610 1522 3691 τὸ
1597 3615 1896 3717 ἀρχαῖον
1969 3617 2099 3712 τῆς
2171 3611 2716 3716 ἀνθρωπότητος
2790 3617 3049 3716 δῶρον,

646 3734 997 3832 τουτέστι,
1053 3734 1180 3815 τὸν
1242 3734 1360 3814 διὰ
1413 3734 1831 3836 Πνεύματος
1884 3736 2271 3839 ἀγιασμὸν,
2321 3740 2438 3817 καὶ
2486 3735 2620 3835 τὴν
2667 3741 2795 3836 τῆς
2851 3739 3049 3824 θείας

647 3855 941 3965 φύσεως
995 3859 1364 3939 κοινωνίαν
1399 3861 1510 3966 ἐφ’
1553 3862 1739 3959 ἡμᾶς
1791 3859 2030 3940 ε’κάλει
2068 3859 2415 3963 Χριστὸς,
2466 3865 2563 3946 ὡς
2616 3864 2693 3941 ἐν
2745 3864 3050 3969 ἀπαρχῇ

644 3992 791 4065 τῶν
822 3983 1221 4087 δεχομένων
1253 3984 1330 4064 ἐν
1366 3991 1511 4066 τοῖς
1565 3986 1783 4064 αὐτοῦ
1831 3991 2203 4086 μαθηταῖς,
2239 3988 2394 4066 ἐπεί
2440 4019 2553 4065 τοι
2597 3988 2715 4065 καὶ
2763 3985 3048 4086 ἀληθὴς

309 4135 335 4169 2
358 4121 487 4171 Tim.
648 4110 688 4190 ὅ
725 4106 948 4210 λόγος
999 4106 1110 4187 ὅτι
1165 4117 1209 4155 “
1235 4106 1362 4186 τὸν
1397 4116 1759 4188 κοπιῶντα
1813 4144 2140 4212 γεωργον
2175 4113 2289 4189 δεῖ
2332 4116 2621 4212 πρῶτον
2667 4116 2813 4189 τῶν
2870 4146 3044 4213 καρ-
3070 4146 3146 4202 30

306 4186 356 4235 ii.
380 4187 428 4236 6.

303 4253 411 4366 (1331-
432 4253 465 4301 i·
647 4243 691 4280 “
725 4239 884 4313 πῶν
920 4229 1524 4329 μεταλαμβάνειν.
1531 4233 1569 4258 ”
1640 4233 1964 4312 ἀλλ’ἵνα
2014 4235 2148 4313 κάν
2191 4268 2422 4341 τουτῳ
2459 4234 2793 4383 φαίνηται
2843 4268 3044 4335 πρω-

304 4384 452 4459 1553111.
645 4353 867 4435 τεύων
929 4353 1159 4438 αὐτός·
1257 4354 1391 4434 ἔδει
1459 4353 1601 4457 γὰρ
1664 4390 1837 4436 οντα
1900 4355 2376 4456 πρωτότοκον,
2436 4359 2532 4440 ὡς
2593 4358 2669 4435 ἐν
2732 4365 3044 4441 πολλοῖς

300 4463 403 4496 vm.
424 4463 501 4513 ²9·

316 1619 464 1697 Qn-

317 1701 423 1734 vm.
445 1702 519 1752 29.

788 4533 835 4588 7.
876 4521 967 4572 τοῦ
993 4537 1099 4572 om.
1129 4519 1192 4573 Ε.
1553 4522 1604 4574 8.
1646 4520 1927 4591 ἀκραιφνὲς
1955 4522 2018 4576 Ε.
2369 4540 2453 4592 30.
2493 4525 2582 4577 τὸν
2606 4526 2803 4593 καρπὸν
2831 4523 2894 4578 Ε.

3192 4229 3194 4246 A
