3238 5158
114 377 257 420 xv.
289 371 352 441 5,
375 359 436 423 6.
550 360 666 426 IN
727 362 794 427 S.
843 364 1358 430 JOANNEM.
1452 366 1645 431 LIB.
1695 368 1776 432 X.
1869 368 2075 434 CAP.
2122 367 2221 433 11.
2439 369 2562 432 561

116 515 469 622 τρόπονι
507 526 1114 629 ὀλιγωρήσαντες,
1190 532 1775 630 διαμεμενηκότες
1857 531 1934 612 δὲ
2014 534 2090 611 έν
2162 533 2373 639 αὐτῷ,
2450 534 2569 611 καὶ

119 643 385 744 μηδὲν
429 648 619 734 ὅλως
672 651 1206 752 προτάττεσθαι
1259 658 1387 753 τῆς
1437 660 1536 738 εἶς
1586 654 1805 737 αὐτὸν
1848 657 2212 751 εὐσεβείας
2261 654 2569 753 οἰόμενοι

122 773 328 867 δεῖν,
385 771 729 875 γεγόνασι
783 778 1265 876 παναοίδιμοι·
1347 777 1625 881 καρπὸν
1681 777 1757 859 δὲ
1811 783 1940 878 τῆς
1996 781 2265 859 ἑαυτῶν
2315 782 2566 881 ἀρετῆς
2590 810 2627 853 c

121 893 438 1001 ἔδειξαν
474 895 607 998 τὴν
643 900 1077 1000 οἰκουμένην,
1115 904 1232 982 καὶ
1283 903 1631 1009 φιλοθέου
1678 904 2047 988 πολιτείας
2093 899 2568 1005 ὑπογραμμὸν

41 1041 85 1103 5
123 1015 249 1097 τὰ
304 1022 469 1098 καθ’
510 1021 803 1108 ἑαυτοὺς
840 1023 1237 1123 ἀναθέντες,
1277 1012 1603 1130 καθάπερ
1643 1027 1878 1108 εἰκόνα
1914 1033 2004 1133 τῇ
2044 1029 2333 1134 ὖφηλίῳ
2371 1038 2563 1125 λαμ·

122 1140 374 1246 πρὰν,
435 1142 565 1224 τὸν
633 1147 1047 1250 ἀμάραντον
1112 1154 1238 1249 τῆς
1312 1149 1512 1252 παρὰ
1589 1155 1757 1258 Θεῷ
1834 1150 2052 1257 δόξης
2126 1148 2569 1250 ἀνεδήσαντο

128 1266 556 1374 στέφανον·
621 1273 662 1350 ὁ
701 1269 777 1352 δὲ
813 1280 1089 1376 μικροῖς
1125 1274 1488 1376 ἀργυρίοις
1532 1279 2000 1375 σαγηνευθεὶς
2034 1279 2132 1359 εἷς
2168 1274 2564 1372 ἀπώλειαν,

132 1395 352 1497 φημὶ
408 1389 482 1472 δὲ
534 1393 665 1473 τὸν
705 1396 957 1500 εὐχερῆ
1013 1431 1090 1477 τε
1144 1401 1260 1477 καὶ
1317 1395 1759 1478 εὐωνότατον
1792 1395 2098 1497 Ἰούδαν,
2136 1400 2572 1497 ἀποτμηθεὶς

133 1517 289 1612 τῆς
364 1516 694 1613 ἀμπέλου
767 1524 892 1619 τῆς
969 1524 1247 1621 νοητῆς,
1317 1523 1652 1602 τουτέστι
1717 1526 2073 1626 Χριστοῦ,
2137 1521 2568 1629 κατεξηράνθη

57 1673 109 1713 0
142 1635 434 1739 τρόπον
475 1640 656 1739 τινὰ,
700 1649 801 1751 τῷ
853 1648 980 1744 τῆς
1030 1647 1416 1745 μαθητείας
1468 1645 1826 1754 ἀξιώματι
1874 1649 1990 1726 καὶ
2043 1642 2176 1745 τὴν
2223 1645 2568 1749 ζωοποιὸν

141 1769 291 1841 τοῦ
332 1764 752 1863 Πνεύματος
797 1767 1145 1870 ποιότητα
1195 1771 1767 1865 συναποβαλών.
1842 1770 2190 1867 βέβληται
2226 1767 2370 1871 γὰρ
2407 1769 2560 1875 ἔξω,
2589 1779 2634 1845 d

145 1884 349 1965 κατὰ
386 1885 518 1987 τὴν
552 1898 681 1970 τοῦ
720 1895 1056 1994 Σωτῆρος
1095 1891 1373 2001 φωνήν
1437 1894 2028 1997 ἀπηλλοτρίωται
2064 1893 2209 1996 γὰρ
2244 1896 2361 1972 καὶ
2395 1895 2567 1995 πυρὶ

143 2013 263 2117 τῷ
302 2010 680 2116 κολάζοντι
717 2025 1088 2122 συρφετοῦ
1123 2019 1488 2121 παρεδόθη
1527 2018 1753 2118 δίκην.
1835 2020 2213 2123 χρησίμως
2265 2016 2391 2096 οὖν
2428 2015 2570 2118 ἄρα

142 2141 306 2219 τοῖς
357 2138 830 2238 ἀκροωμένοις
874 2142 914 2221 ὁ
960 2141 1224 2244 Κύριος
1272 2142 1477 2241 ἡμῶν
1512 2140 1800 2241 Ἰησοῦς
1851 2143 1892 2220 ὁ
1935 2140 2284 2244 Χριστὸς,
2323 2139 2456 2240 τήν
2492 2174 2570 2219 τε

41 2288 114 2351 τ5
147 2259 237 2338 ἐκ
285 2267 416 2340 τοῦ
460 2270 1000 2364 προσηλῶσθαι
1049 2264 1478 2369 σπουδάζειν
1522 2267 1715 2373 αὐτῷ
1770 2263 2184 2372 παρέδειξεν
2233 2265 2572 2362 εὐθυμίαν

147 2385 275 2462 καὶ
325 2382 459 2483 τὴν
496 2387 574 2465 ἐκ
624 2395 753 2467 τοῦ
795 2394 1302 2492 παρακοπῆναι
1352 2389 1607 2493 ζημίαν
1645 2391 2230 2491 ἀντιπαρίστησι,
2268 2393 2572 2471 διπλοῦν

147 2506 544 2610 ἐπινοήσας
585 2513 709 2611 τῆς
746 2514 1108 2617 σωτηρίας
1140 2511 1269 2596 τὸν
1304 2510 1596 2617 τρόπον·
1656 2512 1701 2617 ἢ
1753 2512 1900 2619 γὰρ
1950 2514 2197 2622 ε’φέσει
2247 2518 2338 2619 τῇ
2388 2511 2572 2617 πρὸς

154 2631 385 2738 δόξαν
424 2634 671 2742 ὁρώσῃ
707 2640 826 2716 καὶ
863 2635 1066 2739 ζωὴν,
1104 2638 1330 2741 ἤγουν
1366 2637 1449 2718 τὸ
1486 2639 1661 2742 πυρὶ
1701 2638 2134 2742 κολάζεσθαι
2166 2638 2565 2742 παραιτού-

157 2789 384 2854 μενοι,
422 2762 548 2858 τῆς
584 2758 768 2862 πρὸς
803 2760 1022 2841 αὐτὸν
1058 2765 1457 2870 συναφείας
1508 2762 1894 2870 ὁλοκλήρῳ
1929 2768 2034 2871 τῷ
2084 2766 2210 2862 τῆς
2258 2764 2570 2851 διανοίας
2590 2800 2629 2846 ο

44 2918 132 2959 20
161 2876 350 2986 τόνῳ
385 2882 943 2988 σπουδαιότερον
979 2886 1399 2995 ἀνεξόμεθα.

282 3004 618 3108 Γεωργὸν
654 3006 741 3088 δέ
782 3014 971 3114 φησι
1008 3009 1135 3091 τὸν
1176 3011 1492 3114 Πατέρα,
1531 3013 1623 3117 τῇ
1672 3011 1829 3118 θείᾳ
1874 3010 2096 3117 φύσει
2144 3009 2377 3095 διδοὺς
2426 3017 2573 3090 τῶν

64 3150 69 3157 “
163 3128 330 3207 καθ’
390 3129 575 3228 ἡμᾶς
638 3130 771 3231 τὴν
825 3135 1236 3242 ἐπίσκεψιν,
1293 3135 1481 3216 καθὰ
1540 3138 1661 3216 καὶ
1719 3138 1794 3215 έν
1848 3141 1995 3220 τοῖς
2058 3134 2390 3238 ἀνωτέρω
2456 3134 2575 3214 διὰ
2635 3222 2642 3229 ,

161 3259 471 3332 πολλῶν
517 3256 684 3354 ἡμῖν
733 3259 1115 3363 ἀπεδείχθη
1165 3258 1432 3362 λόγων.
1514 3258 1976 3363 εὑρεθήσεται
2029 3256 2175 3362 γὰρ
2230 3255 2576 3364 ὑπάρχων

163 3374 376 3461 αὐτὸς
426 3387 554 3459 τοῦ
604 3391 1094 3484 γεωργοῦντος
1144 3383 1190 3483 ἡ
1238 3388 1392 3489 χεὶρ
1444 3385 1580 3490 οὐχ
1632 3383 1839 3486 ἑτέρα
1891 3382 2061 3486 παρ’
2100 3382 2318 3463 αὐτὸν
2360 3416 2565 3463 νοου-

53 3536 137 3597 25
163 3499 358 3600 μένη,
399 3502 585 3583 κατά
638 3538 723 3606 γε
782 3506 867 3584 τὸ
924 3509 1312 3603 ὁμοούσιον
1358 3511 1475 3589 καὶ
1531 3508 1621 3614 ἐξ
1671 3508 1891 3587 αὐτοῦ
1942 3541 2017 3586 τε
2069 3510 2186 3586 καὶ
2237 3509 2313 3586 ἐν
2349 3507 2568 3612 αὐτῷ,

165 3626 487 3727 καθάπερ
524 3628 651 3707 οὖν
686 3631 845 3708 ἐστι
880 3632 998 3708 καὶ
1032 3630 1144 3733 ἐφ’
1185 3631 1387 3731 ἡμῶν
1423 3632 1650 3713 οὕτως
1686 3629 1853 3735 ἕχον
1891 3635 2087 3710 ἰδεῖν.
2159 3629 2269 3708 ὅτι
2300 3627 2444 3731 γὰρ
2481 3633 2570 3708 δι’

165 3755 346 3829 Υὶοῦ
410 3748 504 3831 τὰ
568 3753 828 3851 πάντα,
894 3753 1218 3858 καθάπερ
1287 3753 1403 3833 διὰ
1469 3752 1704 3859 χειρὸς
1772 3760 1903 3833 τοῦ
1974 3750 2287 3854 Πατρὸς,
2351 3752 2571 3831 αὑτοῦ
2593 3795 2631 3835 a
2681 3780 2808 3837 877
2827 3777 2913 3835 Δ.

172 3874 508 3973 λέγοντος
546 3877 865 3956 ἄκουσον
888 3881 1051 3980 περὶ
1086 3883 1230 3957 τῶν
1261 3875 1681 3975 κτισμάτων
1703 3886 1749 3923 “
1771 3877 1874 3956 ‘H
1912 3877 2068 3980 χείρ
2102 3908 2243 3974 μου
2278 3874 2570 3972 ἐποίησε
2659 3878 2908 4009 23²2ng

175 4004 220 4041 “
255 4005 479 4075 ταῦτα
532 3998 839 4095 πάντα,”
901 4001 1129 4080 καίτοι
1193 4007 1337 4080 τῶν
1391 4000 1688 4081 πάντων
1743 3996 2152 4101 γεγονότων
2209 3999 2295 4078 δι’
2355 4004 2566 4097 Υὶοῦ,
2663 4024 2743 4075 50·

72 4159 150 4215 30
177 4117 354 4199 κατὰ
388 4119 515 4206 τὰς
551 4122 762 4224 ἁγίας
803 4121 1116 4228 γραφάς.

285 4245 725 4342 Σημειωτέον
777 4244 872 4342 δὲ,
912 4243 1021 4324 ὅτι
1078 4249 1193 4326 καὶ
1249 4247 1289 4323 ὁ
1346 4246 1739 4330 θεσπέσιος
1787 4250 2088 4328 Παῦλος
2142 4242 2277 4343 τὴν
2322 4244 2572 4325 ἐνθάδε

247 4548 298 4598 4.
330 4528 600 4584 πολιτείαν
624 4528 689 4584 Ε.
825 4598 841 4617 '
1058 4544 1114 4601 5.
1148 4533 1183 4584 λ
1255 4527 1419 4654 wsb]
1452 4535 1512 4594 -Ι-
1543 4528 1749 4597 ἶδειξαν
1772 4529 1865 4599 τὴν
1888 4527 2191 4598 οἷκουμένην
2215 4527 2268 4595 (e
2290 4526 2477 4597 supra)
2505 4522 2571 4579 E.

181 4602 230 4655 6.
262 4598 577 4668 ἆνεδῆσαντο
602 4601 666 4656 Ε.
691 4598 1008 4654 &naamam
1034 4599 1177 4656 Aub.
1318 4621 1511 4655 υσαντο
1538 4600 1745 4670 Mlgne.
1962 4614 2048 4668 23.
2084 4598 2371 4668 ἀποδείχθη
2399 4595 2463 4651 E.

264 4700 403 4745 vot„
437 4701 513 4744 11.
1294 4700 1340 4762 4
1368 4700 1404 4744 c
