3238 5158
614 337 744 401 380
1222 336 1299 398 Β.
1348 333 1774 398 CYRILLI
1835 334 2419 399 ALEXANDR.
2758 353 3061 420 111133.

518 590 592 647 33
1010 579 1269 660 Τεκνία,
1322 580 1418 645 ἔτι
1472 581 1701 669 μικρὸν
1758 580 1989 669 χρόνον
2044 581 2185 657 μεθ’
2249 581 2430 658 ὑμῶν
2486 578 2636 658 εἰμι.

729 753 863 831 Ἐν
898 732 989 858 τῇ
1045 758 1191 833 τῶν
1228 756 1506 833 τεκνίων
1543 751 1768 860 τάξει,
1807 787 1926 833 και
1963 755 2039 833 ἐν
2072 761 2222 838 τοῖς
2270 751 2664 858 ἀρτιτόκοις
2712 753 3057 860 βρέφεσι

617 876 1038 958 κατατάττει
1108 875 1273 961 τοὺς
1345 876 1693 977 μαθητὰς,
1768 878 1998 958 καίτοι
2075 875 2256 982 πρὸς
2341 885 2697 959 τοσοῦτον
2772 881 3055 979 ἀρετ-ἦς

617 1000 1222 1101 ἀναπηδήσαντας
1293 1000 1575 1104 μέτρον,
1634 1004 1753 1080 καὶ
1822 999 2126 1116 σύνεσιν
2190 1002 2487 1107 ἔχοντας
2550 998 2684 1101 τὴν
2747 1000 3049 1103 ὀλίγοις

617 1125 1207 1231 κατωρθωμένην·
1290 1124 1557 1210 δεικνὺς
1616 1124 1734 1205 διὰ
1787 1125 2067 1225 τούτου,
2123 1129 2243 1206 καὶ
2303 1126 2510 1225 μάλα
2567 1131 2855 1234 σαφῶς,
2915 1126 3045 1207 ὅτι
3073 1149 3113 1208 5

618 1254 735 1332 καὶ
810 1253 851 1330 5
914 1250 1215 1358 σφόδρα
1276 1248 1548 1335 τέλειος
1611 1253 1691 1329 ἐν
1754 1250 2159 1353 ἀνθρώποις
2224 1253 2702 1346 ὑποπτευθεὶς,
2768 1248 3044 1350 νήπιός

615 1379 774 1457 ἐστι
836 1374 1036 1480 παρὰ
1099 1381 1201 1482 τῷ
1259 1380 1446 1481 Θεῷ,
1512 1377 1630 1453 καὶ
1692 1373 1973 1479 βραχὺς
2037 1373 2166 1460 τὰς
2229 1376 2517 1481 φρένας.
2629 1375 2707 1453 τί
2761 1371 2911 1477 γὰρ
2982 1375 3039 1473 ἡ

613 1489 999 1605 ἀνθρώπου
1042 1498 1342 1581 σύνεσις
1390 1502 1487 1582 ὡς
1532 1497 1718 1603 πρὸς
1765 1498 1898 1599 τὴν
1941 1505 2087 1578 τῶν
2122 1501 2318 1579 ὅλων
2351 1505 2658 1603 τεχνῖτιν
2691 1498 3029 1605 σοφίανς

554 1662 589 1704 e
615 1624 732 1705 διὰ
780 1622 994 1706 τοῦτό
1044 1659 1151 1708 τις
1191 1621 1519 1729 ψάλλων
1555 1619 1761 1724 ἔλεγε
1797 1620 1981 1724 πρὸς
2020 1622 2212 1703 Θεόν
2247 1632 2293 1670 “
2324 1621 2718 1722 Κτηνώδης
2762 1619 3027 1722 ἐγενή-

615 1760 658 1798 “
695 1755 832 1848 θην
864 1746 1064 1852 παρὰ
1099 1746 1293 1827 σοί.”
1355 1750 1471 1826 καὶ
1521 1749 1682 1852 οὐχὶ
1736 1744 2024 1831 πάντως
2075 1751 2222 1850 ἐρεῖ
2262 1781 2369 1832 τις
2418 1746 2598 1849 εἴγε
2636 1754 2803 1827 νοῦν
2837 1745 3028 1850 ἔχοι,
3068 1773 3145 1814 10

613 1871 729 1952 διὰ
775 1880 904 1950 τοῦ
948 1873 1444 1968 κεκολλῆσθαι
1493 1875 1598 1979 τῷ
1646 1876 1811 1978 Θεῷ
1866 1870 2192 1971 κτηνῶδη
2242 1870 2591 1974 λε’γεσθαι
2636 1867 2763 1949 τὸν
2799 1870 3028 1976 ψάλ-

613 2006 862 2075 λοντα·
927 1994 1032 2095 εἴη
1070 1991 1214 2097 γὰρ
1251 1992 1341 2072 ἂν
1377 2003 1589 2074 τοῦτο
1639 1993 1897 2098 πικρὸν
1935 1999 2062 2094 τῆς
2115 1995 2305 2080 θείας
2357 1992 2649 2099 φύσεως
2698 1992 3027 2095 κατηγό-

610 2152 829 2220 ρημα,
867 2122 984 2197 καὶ
1038 2116 1334 2216 πολλὴν
1385 2116 1476 2197 ἂν
1523 2118 1693 2223 ἕχον
1741 2120 1972 2227 ὁρῷτο
2029 2115 2161 2219 τὴν
2204 2119 2530 2200 ἀτοπίαν.
2607 2119 2646 2197 5
2702 2115 2835 2217 μὲν
2874 2118 3030 2220 γὰρ

613 2241 971 2350 ἀνθρώπῳ
1027 2242 1485 2339 κολλώμενος
1540 2249 1761 2350 σοφῷ
1816 2246 1934 2321 καὶ
1988 2244 2159 2345 παρ’
2209 2244 2400 2351 αὐτῷ
2454 2239 2847 2344 γινόμενος·
2917 2245 3039 2322 δεῖ

612 2364 755 2467 γὰρ
812 2362 1005 2463 οἶμαι
1061 2361 1195 2465 τὴν
1243 2366 1447 2472 λέξιν
1497 2375 1626 2446 τοῦ
1679 2372 1991 2473 ψαλμοῦ
2047 2366 2661 2471 συναρμόσασθαι
2714 2363 2832 2444 διὰ
2884 2363 3027 2464 τὴν
3058 2393 3129 2453 15

614 2490 887 2594 χρείαν·
950 2490 1313 2593 κτηνῶδης
1357 2492 1485 2572 οὐκ
1535 2488 1625 2571 ἂν
1662 2488 1935 2595 γε’νοιτό
1983 2526 2179 2590 ποτε,
2215 2494 2552 2597 ἀγχίνους
2604 2489 2679 2570 δὲ
2725 2496 3025 2590 μᾶλλον

615 2618 733 2694 καὶ
782 2614 1083 2700 συνετὸς
1127 2617 1245 2695 καὶ
1295 2615 1543 2719 δριμὺς
1592 2621 1693 2700 εἷς
1740 2613 2122 2720 φρόνησιν.
2199 2623 2259 2696 εἶ
2308 2616 2385 2697 δὲ
2435 2616 2523 2717 δὴ
2572 2623 2784 2696 τοῦτο
2834 2617 3020 2718 φαίη

275 2756 405 2814 ’147
422 2756 503 2812 A·
553 2771 590 2811 a
616 2773 722 2825 τις
759 2738 851 2819 ἂν
888 2744 1005 2820 καὶ
1041 2738 1246 2840 μάλα
1281 2739 1565 2825 δικαίως
1611 2738 1957 2844 ὑπάρχειν
1993 2739 2278 2838 ἀληθὲς,
2315 2748 2471 2824 πῶς
2507 2742 2632 2821 οὐκ
2669 2737 2760 2819 ἀν
2796 2738 3020 2820 οἴοιτο

614 2871 882 2966 ληρεῖν,
921 2862 1048 2943 τὸν
1093 2860 1152 2971 ᾧ
1203 2897 1289 2966 γε
1332 2863 1645 2967 πάρεστι
1694 2870 2007 2968 φρονεῖν,
2053 2862 2164 2943 ὅτι
2217 2865 2582 2965 κτηνῶδης
2636 2863 2844 2943 ἔσται
2899 2868 3019 2944 καὶ

611 2988 824 3074 ἄνους
877 2990 917 3068 5
964 2992 1133 3091 παρ’
1171 2991 1388 3069 αὑτοῦ
1437 2987 1815 3089 γενόμενος
1864 2994 1955 3094 τῇ
2005 2990 2244 3096 σοφίᾳ
2292 2999 2422 3070 τοῦ
2463 2995 2703 3086 Θεοῦ;
2775 2990 2854 3068 τί
2890 2989 3018 3068 οὖν
3047 3024 3121 3063 20

609 3112 774 3216 ἄρα,
813 3118 1066 3219 φησὶν,
1102 3112 1212 3193 ὅτι
1266 3115 1381 3193 καὶ
1439 3113 1480 3191 5
1532 3112 1701 3190 λίαν
1745 3110 1986 3219 σοφὸς
2040 3114 2117 3191 ἐν
2161 3113 2586 3216 ἀνθρώποις,
2635 3118 2695 3192 εἰ
2746 3119 2838 3216 τῇ
2888 3121 3017 3193 τοῦ

613 3243 807 3317 Θεοῦ
847 3241 1081 3346 σοφίᾳ
1116 3238 1595 3342 συγκρίνοιτο,
1632 3236 1999 3336 κτηνώδης
2048 3270 2124 3318 τε
2173 3235 2274 3316 ὧν
2311 3237 2739 3344 ὀφθήσεται,
2779 3240 2898 3316 καὶ
2942 3238 3017 3316 ἐν

611 3370 760 3446 τοῖς
815 3365 945 3442 οὐκ
999 3363 1249 3467 ἔχουσι
1307 3370 1474 3441 νοῦν
1530 3359 2106 3462 λογισθήσεται;
2184 3361 2404 3464 ὅνπερ
2457 3362 2602 3466 γὰρ
2657 3361 2928 3464 τρόπον
2975 3363 3015 3440 5

613 3485 1039 3587 μικρότατος
1112 3491 1256 3563 τῶν
1322 3484 1651 3587 ἀστέρων
1715 3485 1845 3563 οὐκ
1907 3482 2000 3562 ἀν
2062 3491 2218 3570 ταῖς
2291 3486 2501 3585 ἡλίου
2575 3486 3012 3591 φιλονεικοίη

541 3618 588 3682 b
612 3613 895 3705 βολαῖς,
933 3608 1101 3687 ἀλλ’
1143 3604 1305 3686 οὐδὲ
1342 3608 1546 3691 λίθος
1583 3610 1624 3686 5
1660 3605 1889 3711 βαρὺς
1926 3608 2072 3711 ὄρει
2122 3614 2226 3716 τῷ
2267 3608 2560 3691 πάντων
2597 3612 3003 3717 ὑπερφερεῖ,
3036 3640 3109 3701 25

613 3732 836 3815 οὕτως
871 3731 1273 3835 ἀνθρώπων
1307 3731 1599 3814 σύνεσις
1653 3734 1781 3812 οὐκ
1826 3730 1915 3811 ἂν
1953 3730 2239 3813 δύναιτό
2286 3768 2464 3814 ποτε
2513 3739 2606 3840 τῇ
2652 3742 2783 3814 τοῦ
2819 3739 3010 3815 Θεοῦ

610 3855 849 3962 σοφίᾳ
917 3856 1458 3960 συγκρίνεσθαι,
1521 3860 1818 3954 μᾶλλον
1876 3855 1953 3937 δὲ
2026 3856 2229 3938 οὐδὲν
2291 3857 2484 3944 ὅλως
2556 3859 2765 3938 ἔσται
2830 3857 3009 3960 πρὸς

608 3980 878 4077 ἐκείνην
913 3986 1308 4064 παντελῶς.
1387 3981 1651 4060 τεκνίον
1685 3981 1811 4059 οὖν
1844 3980 1986 4083 ἀρα
2022 3983 2139 4061 καὶ
2183 3982 2224 4060 5
2268 3979 2564 4066 τέλειος.

726 4108 974 4211 Μικρὸν
1011 4101 1242 4207 γεμὴν
1279 4104 1369 4185 ἔτι
1411 4106 1628 4209 χρόνον
1666 4104 2111 4184 συνέσεσθαι
2159 4114 2308 4192 τοῖς
2358 4106 2610 4187 ἑαυτοῦ
2658 4114 3006 4208 μαθηταῖς

280 1619 363 1669 Pe.
381 1619 524 1670 lxxii.

281 1700 307 1733 α
317 1699 361 1734 2.

683 4378 732 4417 2.
767 4363 960 4435 βρέφει
985 4364 1052 4418 Ε.
1268 4367 1318 4420 8.
1356 4366 1561 4436 τεχνίτῃ
1501 4388 1594 4433 την
1619 4364 1686 4419 Ε.
1899 4383 1952 4436 9.
1987 4366 2183 4437 ψάλων
2207 4367 2273 4421 Ε.
2483 4383 2566 4434 14.
2604 4366 2916 4457 κρλλωμένγ
2939 4367 3001 4422 Ε.

609 4443 669 4487 ut
694 4385 915 4489 adnotat
937 4443 990 4490 et
1014 4434 1162 4490 Aub.
1415 4437 1495 4492 16.
1532 4436 1595 4491 ἂν
1616 4433 1846 4507 γένοιτό]
1872 4437 2120 4507 ἐγενόμην
2142 4438 2209 4493 Ε.
2462 4450 2546 4508 17.
2583 4438 2641 4492 δὲ
2665 4448 3001 4509 assumptum

607 4522 672 4559 ex
701 4505 765 4559 E.
1039 4522 1120 4577 19.
1158 4509 1335 4576 ληρεῖν
1363 4507 1425 4562 E.
1451 4510 1627 4577 ληρῶν
1648 4505 1755 4561 Ed·
1886 4508 1985 4562 &ae
2011 4507 2077 4562 Ε.
2348 4524 2434 4564 20.
2473 4509 2705 4565 abs-0613
2709 4508 2876 4578 .σῦτῇ
2902 4507 2999 4563 Ed.

610 4576 693 4629 28.
733 4574 824 4630 ουν
846 4574 1185 4647 εεείιωρωω
1211 4596 1276 4631 ex
1305 4579 2961 4641 E..
