3238 5158
620 346 755 411 ‘144
1221 349 1298 413 B.
1349 346 1769 414 CYRILLI
1830 346 2416 412 ALEXANDR.
2765 347 2851 411 ix.
2882 366 2944 424 2,
2969 365 3032 430 3·

568 540 603 584 ο
625 516 743 592 καὶ
797 511 1196 598 πολυέλεος
1241 514 1449 612 Θεὸς,
1488 516 1529 594 ὃ
1584 516 1918 620 ἀφαιρῶν
1964 513 2262 611 ἀνομίας
2318 516 2439 592 καὶ
2494 512 2864 616 ἁμαρτίας,
2901 513 3033 606 οὐκ

624 632 715 716 ἂν
751 639 1141 740 καθαρίσαι
1177 643 1608 745 καθαρισμῷ
1645 638 1773 718 τὸν
1808 636 2063 742 ἔνοχον
2092 670 2114 734 3
2177 637 2348 716 ἀλλ’
2388 636 2592 715 ἔστιν
2627 636 2754 715 οὐκ
2792 636 2990 742 ἀμφί
2992 680 3026 696 -

622 768 877 858 βολον·
962 767 1290 867 καθαριεῖ
1337 760 1482 866 γὰρ
1516 759 1850 845 πάντως·
1938 762 2089 842 ἐπεὶ
2140 767 2298 845 πῶς
2354 762 2514 841 ἐστι
2574 757 3032 862 μακρόθυμος

624 888 742 966 καὶ
813 885 1232 985 πολυέλεος,
1297 893 1455 970 πῶς
1523 882 1602 966 δὲ
1676 885 1871 970 ὅλως
1942 886 2275 990 ἀφαιρῶν
2349 885 2722 988 ἁμαρτίας,
2799 889 2856 964 εἶ
2927 883 3031 984 μὴ

624 1011 978 1115 καθαρίζει
1050 1007 1180 1092 τὸν
1252 1010 1557 1115 ἔνοχον;
1658 1005 1841 1113 πρὸς
1917 1008 2004 1088 δέ
2070 1043 2159 1112 γε
2236 1014 2449 1088 τοῦτο
2524 1011 2654 1107 τῆς
2730 1006 3032 1107 ἐνούσης
3059 1030 3094 1091 5

622 1131 852 1214 πάλιν
898 1135 1092 1243 αὐτῷ
1142 1134 1640 1238 μακροθυμίας
1691 1167 1771 1214 τε
1826 1134 1943 1213 καὶ
1997 1131 2447 1239 ἀνεξικακίας
2501 1137 2600 1215 εἰς
2664 1132 3032 1238 ἀπόδειξιν

623 1257 992 1367 ἀποφέρει,
1068 1262 1187 1340 καὶ
1259 1257 1371 1339 ὅτι
1442 1255 1573 1344 τὰς
1646 1263 1793 1338 τῶν
1864 1257 2193 1360 πατέρων
2268 1256 2621 1358 ἁμαρτίας
2705 1253 3032 1356 ἐπιθήσει

623 1381 893 1467 τέκνοις
942 1382 1073 1468 ἕως
1127 1385 1371 1489 τρίτης
1425 1385 1543 1464 καὶ
1596 1380 1941 1485 τετάρτης
1995 1388 2272 1485 γενεᾶς,
2336 1381 2470 1486 οὐχ
2528 1379 2704 1483 ὑπὲρ
2757 1377 3032 1483 πατρὸς

627 1505 952 1613 κολάζων
1017 1507 1192 1589 υἱόν·
1270 1506 1371 1609 μὴ
1437 1515 1652 1588 τοῦτο
1718 1507 2048 1613 νομίσῃς·
2126 1505 2298 1585 ἀλλ’
2367 1502 2527 1585 οὐδὲ
2592 1501 2863 1613 ἐκγόνῳ
2924 1506 3030 1612 τῷ

558 1644 601 1712 d
623 1630 929 1739 μακρὰν,
976 1631 1300 1738 καθάπερ
1354 1666 1424 1712 τι
1478 1632 1780 1739 φορτίον
1835 1629 2269 1734 ἐπιρῤίπτων
2317 1635 2462 1709 τῶν
2507 1627 2889 1731 προγόνων
2936 1629 3028 1709 τὰ
3059 1661 3134 1702 10

623 1756 1071 1853 πταίσματα,
1136 1755 1513 1856 σημαίνων
1577 1753 1663 1833 δέ
1727 1787 1795 1833 τι
1861 1761 2206 1834 τοιοῦτον.
2309 1753 2580 1855 γέγονέ
2637 1786 2745 1835 τις
2805 1752 3030 1859 τυχὸν

623 1878 807 1982 ἀνὴρ
868 1879 1307 1985 παράνομος,
1373 1881 1492 1959 καὶ
1555 1878 1956 1984 μοχθηρίας
2020 1876 2315 1978 ἀπάσης
2378 1874 2787 1975 ἀνάμεστον
2844 1875 3027 1983 ἔχων

623 2001 757 2102 τὴν
793 2001 1135 2083 διάνοιαν·
1203 2005 1318 2083 καὶ
1363 2002 1803 2108 κολάζεσθαι
1851 2036 1987 2102 μεν
2020 1999 2469 2104 ὑπερθέσεως
2517 1999 2813 2101 ἀπάσης
2863 2005 3030 2107 δίχα

622 2125 752 2207 τὸν
788 2129 976 2209 οὕτω
1021 2127 1271 2231 διαζῆν
1321 2128 1679 2233 ᾑρημένον
1724 2129 1965 2232 ἐχρῆν,
1976 2126 2502 2279 διεκαρτέρησε
2549 2122 2623 2204 δ’
2661 2126 2788 2205 οὖν
2835 2160 3029 2223 ομως

624 2250 1146 2360 ἀνεξικάκως“
1114 2289 1155 2332 ο
1212 2250 1425 2350 Θεος,
1480 2254 1611 2333 οὐκ
1664 2248 2064 2355 ἐπενεγκων
2117 2252 2312 2357 αὐτῷ
2367 2250 2500 2350 τὴν
2555 2251 2749 2357 αὐτῷ
2804 2284 3028 2354 χρεω-
3062 2282 3131 2339 15

623 2376 1028 2477 στουμένην
1061 2375 1309 2481 ὀργήν.
1386 2410 1537 2457 ειτα
1571 2376 1808 2484 τούτῳ
1850 2375 2146 2480 γέγονεν
2183 2374 2330 2458 υἱὸς
2377 2381 2533 2459 ταῖς
2580 2382 2710 2453 τοῦ
2755 2373 3030 2480 πατρὸς

622 2501 1090 2598 δυσσεβείαις
1160 2500 1687 2603 ἁμιλλώμενος,
1755 2503 1874 2582 καὶ
1936 2498 2416 2606 παρατρέχων
2478 2500 2554 2591 ἐν
2617 2498 2827 2607 κακίᾳ
2900 2497 3030 2582 τὸν

490 2679 499 2686 -
567 2660 604 2705 e
628 2623 997 2733 φύσαντα·
1077 2630 1195 2708 καὶ
1264 2627 1815 2731 ἐμακροθύμησε
1888 2628 2006 2707 καὶ
2072 2627 2188 2706 ἐπὶ
2247 2622 2479 2733 τούτῳ
2535 2621 2748 2709 Θεός·
2828 2624 3032 2704 ἀλλὰ

627 2755 744 2834 καὶ
791 2754 873 2833 ἐκ
919 2751 1176 2834 τούτου
1227 2750 1480 2855 γέγονε
1528 2752 1787 2857 τρίτος,
1839 2749 1885 2853 ἢ
1936 2753 2053 2831 καὶ
2101 2752 2179 2831 ἐκ
2227 2756 2359 2830 τοῦ
2403 2749 2647 2853 τρίτου
2696 2747 3031 2854 τέταρτος·

625 2879 778 2959 κατ’
843 2877 1098 2959 οὐδένα
1165 2875 1440 2981 τρόπον
1505 2875 1688 2958 ὅσον
1754 2881 1851 2961 εἰς
1925 2876 2176 2960 κακίας
2247 2870 2430 2958 εἶδος
2491 2879 2643 2955 τῶν
2701 2872 3031 2976 πατέρων
3061 2907 3138 2948 20

624 3001 1050 3103 ἡττώμενος,
1125 2999 1518 3107 ἰσόῤῥοπον
1601 3000 1679 3080 δὲ
1757 3005 1914 3084 ταῖς
1991 2998 2275 3079 ἐκείνων
2346 2995 2813 3097 ἐπιτηδεύσας
2896 2996 3033 3097 τὴν

624 3126 1092 3221 δυσσέβειαν.
1191 3126 1443 3229 ἐπάγει
1505 3121 1768 3206 λοιπὸν
1827 3126 1868 3203 ὃ
1936 3120 2126 3207 Θεὸς
2185 3156 2319 3223 την
2382 3121 2655 3203 ανωθεν
2720 3123 2838 3201 καὶ
2901 3123 3029 3203 ἀπ’

624 3252 852 3354 ἀρχῆς
910 3249 1063 3359 ὅλῳ
1121 3255 1225 3359 τῷ
1282 3248 1471 3352 γένει
1534 3245 2132 3355 χρεωστουμένην
2186 3244 2441 3349 ὀργὴν,
2506 3243 3034 3349 ἀνεξικακήσας

625 3377 951 3477 διαρκῶς,
1006 3379 1298 3468 μᾶλλον
1352 3373 1430 3455 δε
1483 3377 1600 3453 καὶ
1655 3374 1838 3475 ἤπερ
1901 3374 2144 3477 ἐχρῆν.
2245 3406 2332 3452 το
2390 3368 2536 3475 γὰρ
2591 3369 3031 3474 ὑπερθέσθαι

625 3494 760 3595 τὴν
792 3497 1140 3598 τιμωρίαν
1176 3498 1293 3576 καὶ
1327 3497 1541 3601 μέχρι
1573 3496 1917 3601 τετάρτης
1953 3501 2219 3599 γενεᾶς,
2254 3501 2412 3580 πῶς
2462 3495 2590 3575 οὐκ
2627 3492 2716 3574 ἂν
2749 3493 3032 3599 γένοιτο
3060 3527 3139 3588 ²5

624 3617 1060 3723 θεοπρεποῦς
1114 3617 1338 3705 ὅντως
1391 3618 1825 3724 ἡμερότητος
1876 3619 2272 3723 ε’γκωμιον·
2250 3681 2273 3718 ,
2339 3653 2453 3700 οτι
2501 3615 2645 3723 γὰρ
2693 3619 2828 3724 οὐχ
2877 3617 3033 3699 υἱον

290 3766 430 3823 594
445 3765 525 3823 Δ.
567 3779 605 3822 a
628 3742 804 3850 ὑπερ
866 3778 1162 3850 πατρος,
1216 3743 1390 3826 ἀλλ’
1447 3741 1608 3825 ουδε
1667 3778 1944 3847 πατερα
1999 3741 2328 3848 κολάζειν
2379 3738 2569 3825 οἶδεν
2624 3739 2799 3847 ὑπερ
2854 3749 3030 3841 υἱοῦ,

624 3868 951 3975 χαλεπὸν
999 3868 1204 3951 οὐδὲν
1252 3872 1585 3971 ἐκμαθεῖν
1630 3872 1750 3950 καὶ
1802 3869 1893 3976 ἐξ
1940 3865 2042 3948 ὧν
2090 3867 2234 3971 ἔφη
2289 3874 2555 3975 σαφῶς
2609 3866 2726 3947 διὰ
2782 3872 3034 3974 φωνῆς

620 3993 959 4098 Ἱεζεκιὴλ
993 4002 1125 4076 τοῦ
1162 3990 1546 4101 προφήτου
1576 4027 1764 4095 προς
1811 3989 2069 4077 αὐτοὺς
2101 3988 2584 4108 Ἰουδαίους,.’
2547 3992 2654 4071 επ’
2696 3992 2890 4099 αὐτῷ
2939 3992 3032 4091 δὴ

697 4238 1113 4309 ’.8.καθαρίσῃ
1316 4234 2341 4307 ᾼπῶςδδὸλας-εῖΒααὶάφαιρὸν
2361 4233 3030 4323 ἆμαρτίαςπὸςδὲεῖΕᾶ.

625 4308 681 4364 6.
714 4310 877 4364 πόλιν
898 4310 1038 4382 αὐτᾷ
1062 4309 1166 4364 hoc
1187 4308 1377 4365 ordine
1402 4308 1472 4364 Β.
1701 4322 1754 4379 7.
1786 4305 2071 4379 ἀποφέρει]
2104 4313 2161 4371 -4-
2189 4307 2351 4363 πάλιν
2377 4305 2442 4360 Β.
2539 4304 2778 4375 σωθήσει
2801 4302 3027 4377 τέκνοις]

624 4379 711 4435 ἐπὶ
733 4378 929 4437 τέκνοις
950 4378 1188 4450 ἐπιθήσει
1210 4380 1407 4438 τέκνοις
1432 4379 1499 4436 Β.
1629 4378 1893 4448 ἐπιτίθησι
1914 4395 1965 4435 8.
2178 4394 2233 4448 9.
2270 4377 2464 4449 ἐκγόνῳ
2470 4380 2559 4466 τῷ
2588 4377 2653 4432 Β.
2678 4376 2904 4502 ἐκγόνων
2924 4382 3033 4432 τᾶν

628 4450 813 4506 Hoht.
838 4449 942 4505 Ed.
1142 4467 1227 4506 10.
1261 4473 1324 4506 το
1350 4451 1417 4507 Β.
1439 4473 1492 4506 τι
1515 4449 1821 4506 mondavit
1848 4448 1946 4505 Ht.
2129 4464 2214 4518 14.
2250 4447 2617 4572 διεκαρτέρησε
2640 4465 2689 4502 8.

624 4520 733 4578 Ed.
1003 4534 1089 4593 15.
1123 4520 1432 4591 ἀνεξικάκως
1454 4524 1485 4576 ό
1510 4523 1644 4578 Θεὸς
1666 4520 1772 4576 hoo
1793 4518 1984 4576 ordino
2006 4518 2074 4574 Β.
2077 4537 2128 4575 8.
2415 4516 2745 4643 ᾶῖἐγονεν]
2778 4520 2902 4582 46
2741 4468 3030 4574 margat.

626 4590 1080 4650 lamias-ithus.
1297 4592 1382 4649 18.
1417 4588 2175 4663 &humamanam
2274 4588 2469 4645 Statim
2546 4589 2772 4645 addita.
