3238 5158
581 313 668 376 98
1188 315 1268 380 B.
1314 311 1743 379 CYRILLI
1798 310 2382 377 ALEXANDR.
2720 308 2996 390 viii.44.

583 477 802 577 αὐτῆς
849 476 1303 579 ἐπιπηδήσας
1351 477 1684 574 θάνατος,
1718 479 1834 557 καὶ
1884 477 2066 578 αὕτη
2115 475 2247 577 μὲν
2295 476 2340 575 ἡ
2389 481 2519 556 τοῦ
2565 472 3003 578 πράγματος

585 600 857 706 διδάξει
895 598 1141 706 φύσις,
1177 606 1528 708 σαφηνιεΐ
1555 598 1634 681 δὲ
1669 600 1873 681 οὐδὲν
1907 600 2124 701 ἧττον
2160 603 2279 680 καὶ
2315 597 2399 680 τὸ
2436 607 2566 680 τοῦ
2604 593 3004 702 πανσόφου

247 738 494 802 Sap.i.13.
587 728 1066 823 Σολομῶντος
1103 722 1357 826 λόγιον
1395 725 1561 830 ἕχον
1595 725 1732 805 ὡδί
1761 735 1805 772 “
1826 725 1927 805 Ὁ
1957 721 2145 809 Θεός
2181 721 2494 804 θάνατον
2520 724 2648 803 οὐκ
2684 721 3002 820 ἐποίησε·

246 862 494 927 Ib·1124·
587 856 632 894 “
668 843 919 995 φθόνῳ
971 845 1044 927 δὲ
1092 843 1442 944 διαβόλου
1489 844 1798 932 θάνατος
1835 851 2176 947 εισῆλθεν
2212 852 2308 932 εἷς
2345 843 2475 926 τὸν
2511 843 2843 945 κόσμον.’
2926 844 3007 922 ἐν

585 967 865 1054 τούτοις
915 970 1048 1071 μὲν
1101 968 1195 1052 τὰ
1251 970 1518 1051 ἐκείνου
1575 976 1866 1075 σαφῶς·
1956 969 2279 1074 δεύτερος
2346 966 2423 1048 δὲ
2487 969 2528 1048 5
2589 970 2780 1049 Κάῖν
2832 967 3005 1069 ἡμῖν
3032 993 3071 1057 5

587 1095 833 1175 εισίτω
898 1096 1016 1174 καὶ
1088 1092 1375 1174 ἑστάτω
1448 1092 1739 1175 λοιπόν.
1825 1092 1916 1194 ἦν
1973 1092 2107 1193 μὲν
2170 1091 2317 1198 γὰρ
2388 1084 2847 1195 πρωτότοκος
2920 1090 3012 1197 ἐξ

588 1215 833 1317 Ἀδὰμ
886 1216 1203 1321 γηπόνος
1258 1213 1344 1297 τὸ
1400 1215 1850 1318 ἐπιτήδευμα,
1910 1216 2233 1321 δεύτερος
2291 1214 2399 1298 ἐπ’
2454 1218 2651 1324 αὐτῷ
2709 1213 3008 1319 γέγονεν

530 1337 845 1440 θἈβελ,
910 1343 1081 1422 ἀλλ’
1149 1338 1241 1441 ἦν
1303 1339 1699 1444 προβάτων
1759 1340 2055 1442 ποιμήν.
2145 1337 2386 1440 ἐπειδὴ
2449 1337 2528 1419 δὲ
2599 1337 3008 1444 προσάγειν

590 1463 844 1550 αὐτοὺς
907 1466 1173 1546 θυσίαν
1225 1471 1330 1572 τῷ
1388 1470 1557 1572 Θεῷ
1624 1463 1840 1566 νόμος
1904 1462 2145 1546 ἐκάλει
2214 1461 2552 1571 φυσικὸς,
2606 1462 3006 1547 ἀδιδάκτως

586 1589 873 1673 ἐντιθεὶς
921 1586 1056 1688 τὴν
1097 1597 1227 1670 τοῦ
1280 1587 1948 1691 δημιουργήσαντος
1997 1595 2302 1692 γνῶσιν·
2371 1588 2807 1690 ἐνέσπαρται
2858 1586 3005 1690 γὰρ
3038 1612 3110 1654 10

591 1713 710 1790 καὶ
783 1711 1161 1792 ἐντέθειται
1232 1719 1323 1820 τῇ
1398 1711 1623 1819 φύσει
1694 1711 1896 1815 παρὰ
1970 1718 2163 1793 Θεοῦ
2233 1709 2474 1794 πάντα
2551 1709 2643 1792 τὰ
2727 1707 3001 1813 ἀγαθά·

590 1832 1066 1939 προσεκόμιζε
1116 1832 1247 1936 μὲν
1285 1837 1324 1916 5
1363 1847 1407 1884 “
1440 1834 1630 1917 Κάῖν
1668 1835 1813 1917 ἀπὸ
1863 1844 2011 1917 τῶν
2055 1841 2353 1939 καρπῶν
2398 1839 2526 1935 τῆς
2577 1836 2773 1937 γῆς,”
2816 1831 3008 1915 καθὰ

250 1984 332 2035 lb.
357 1992 473 2048 4-7·
591 1958 1019 2060 γέγραπται,
1061 1956 1262 2039 ἀλλὰ
1299 1970 1345 2006 “
1371 1961 1489 2040 καὶ
1528 1957 1782 2056 Ἀβελ
1822 1960 2118 2063 ἤνεγκεν
2154 1959 2301 2040 ἀπὸ
2344 1965 2491 2040 τῶν
2525 1954 3007 2062 πρωτοτόκων

593 2091 638 2129 “
673 2087 820 2161 τῶν
852 2081 1242 2187 προβάτων
1289 2086 1407 2164 καὶ
1463 2080 1611 2164 ἀπὸ
1667 2090 1813 2165 τῶν
1859 2082 2185 2165 στεάτων
2228 2085 2492 2165 αὐτῶν.
2570 2086 2686 2164 καὶ
2734 2084 3008 2164 ἐπεῖδεν

595 2214 638 2253 “
676 2207 715 2286 5
754 2206 940 2290 Θεὸς
977 2210 1092 2287 ἐπὶ
1134 2204 1387 2302 Ἀβελ
1422 2210 1542 2288 καὶ
1586 2210 1701 2288 ἐπὶ
1753 2214 1899 2293 τοῖς
1952 2207 2204 2312 δώροις
2240 2209 2485 2288 αὐτοῦ·
2547 2210 2661 2288 ἐπὶ
2699 2206 2774 2288 δὲ
2815 2204 3006 2288 Κάῖν
3037 2232 3106 2294 15

596 2340 638 2377 “
677 2332 796 2409 καὶ
833 2332 947 2411 ἐπὶ
983 2337 1140 2416 ταῖς
1178 2330 1463 2415 θυσίαις
1497 2332 1718 2413 αὐτοῦ
1756 2333 1840 2412 οὐ
1875 2331 2280 2437 προσέσχε.
2361 2333 2480 2412 καὶ
2514 2330 2842 2432 ἐλύπησε
2878 2328 3009 2413 τὸν

257 2468 392 2524 562
411 2465 489 2521 A·
533 2481 570 2520 ⁸
599 2462 642 2500 “
684 2451 875 2533 Κάῖν
912 2454 1081 2534 λίαν
1115 2456 1233 2534 καὶ
1269 2452 1622 2535 συνέπεσε
1678 2458 1782 2562 τῷ
1830 2455 2231 2563 προσώπῳ.
2312 2458 2430 2536 καὶ
2468 2453 2619 2537 εἶπε
2659 2454 2930 2559 Κύριος
2966 2456 3008 2536 5

593 2588 640 2627 “
679 2576 867 2663 Θεὸς
905 2585 1009 2687 τῷ
1050 2575 1241 2660 Κάῖν
1266 2576 1428 2660 Ἵνα
1474 2578 1552 2658 τί
1593 2579 1991 2683 περίλυπος
2027 2578 2293 2683 ἐγένου,
2332 2582 2450 2660 καὶ
2500 2579 2618 2660 ἵνα
2666 2582 2745 2660 τί
2788 2578 3006 2660 συνέ-

593 2712 639 2752 “
674 2736 858 2784 πεσε
921 2701 1006 2785 τὸ
1070 2702 1476 2807 πρόσωπόν
1535 2737 1732 2800 σονς
1816 2707 1947 2784 οὐκ
2008 2702 2134 2784 ἐὰν
2196 2704 2429 2808 ὀρθῶς
2487 2703 3006 2810 προσενέγκῃς,

594 2838 638 2878 “
676 2830 909 2932 ὀρθῶς
954 2827 1030 2909 δὲ
1077 2826 1180 2928 μὴ
1232 2825 1499 2935 διέλῃς,
1538 2828 1896 2932 ἥμαρτες;
1957 2827 2414 2934 ἡσύχασον.”
2474 2824 2625 2909 εἷτα
2658 2825 2845 2932 πρὸς
2878 2825 3012 2908 τὸν
3040 2859 3114 2902 80

256 2989 338 3042 lb.
367 3002 415 3056 7·
582 2950 833 3046 Ἀβελ
870 2964 913 3001 “
938 2953 1142 3056 Πρὸς
1176 2950 1268 3033 σὲ
1306 2952 1351 3052 ἡ
1389 2949 1832 3058 ἀποστροφὴ
1870 2953 2110 3049 αὐτοῦ,
2149 2954 2268 3031 καὶ
2304 2950 2407 3033 σὺ
2444 2952 2683 3059 ἄρξεις
2721 2952 3006 3033 αὐτοῢ.”

596 3079 853 3158 οὐκοῦν
902 3080 941 3158 5
991 3076 1123 3177 μὲν
1167 3074 1356 3157 Κάῖν
1398 3074 1757 3181 ἠλέγχετο
1813 3073 2071 3156 διελὼν
2117 3076 2243 3156 οὐκ
2301 3078 2534 3180 ὀρθῶς
2585 3075 2670 3156 τὸ
2723 3109 3004 3179 προσε-

598 3199 871 3305 νεχθὲν,
909 3203 1218 3280 ἐπαίνων
1256 3198 1331 3280 δὲ
1369 3202 1487 3280 καὶ
1523 3203 1732 3300 τιμῆς
1765 3199 2057 3307 ἠξιοῦτο
2102 3199 2387 3285 δικαίως
2437 3200 2478 3280 5
2521 3198 2795 3297 Ἀβελ,
2840 3197 2881 3280 5
2919 3197 3010 3300 δὴ

599 3327 718 3404 καὶ
787 3321 1025 3430 τροφὴ
1103 3323 1381 3430 φθόνου
1443 3330 1549 3430 τῷ
1617 3321 1808 3404 Κάῖν
1870 3324 2165 3426 ἐγίνετο.
2272 3323 2800 3429 ἁπετραχύνετο
2862 3321 3010 3426 γὰρ

530 3465 574 3531 b
596 3446 780 3551 πρὸς
817 3446 1159 3556 ἐλέγχους
1196 3445 1363 3530 τοὺς
1401 3446 1985 3553 σωφρονίζοντας
2020 3446 2343 3553 καθάπερ
2382 3449 2423 3528 5
2462 3454 2815 3537 Σατανᾶς,
2854 3444 3010 3527 εἶτα
3038 3470 3113 3534 25

599 3568 730 3652 τὸν
803 3570 1050 3651 ἄδικον
1123 3567 1483 3670 ὠδινήσας
1556 3568 1856 3675 φθόνον,
1931 3570 2256 3676 καθάπερ
2328 3573 2727 3677 εἰρήκαμεν,
2806 3568 3009 3678 δόλῳ

596 3694 874 3796 μέτεισι
929 3691 1058 3775 τὸν
1110 3690 1455 3798 ἀδελφὸν,
1511 3690 1639 3773 τὸν
1692 3693 1990 3776 ἀνόσιον
2044 3694 2181 3796 ἤδη
2235 3692 2643 3795 μελετήσας
2700 3692 3002 3799 φθόνον.

264 3841 342 3891 Ib-
367 3843 414 3891 8·
598 3831 644 3868 ‘⁶
684 3816 867 3900 Εἷπε
930 3816 1097 3922 γὰρ,
1153 3817 1366 3924 φησὶ,
1428 3814 1621 3897 Κάϊν
1672 3817 1857 3921 πρὸς
1907 3818 2161 3915 Ἀβελ
2223 3817 2352 3900 τὸν
2406 3817 2731 3926 ἀδελφὸν
2785 3819 3007 3898 αὐτοῦ

601 3956 643 3994 “
681 3943 1107 4044 Διέλθωμεν
1145 3940 1233 4042 δὴ
1271 3947 1368 4026 εἷς
1403 3940 1487 4021 τὸ
1526 3940 1772 4022 πεδίον
1809 3941 2006 4023 ἄλλο
2042 3944 2300 4024 τούτου
2335 3939 2696 4041 βέλτιον,”
2732 3939 3002 4043 λέγων,

598 4070 715 4148 καὶ
771 4067 1094 4169 καθάπερ
1151 4068 1266 4146 ἐπὶ
1326 4066 1589 4171 τέρψιν
1644 4064 1804 4146 τινὰ
1862 4070 1979 4146 καὶ
2040 4065 2275 4172 χλόην
2327 4066 2457 4148 τὸν
2510 4064 2716 4148 οὐδὲν
2770 4064 3007 4146 εἰδότα
3035 4092 3114 4150 30

251 1836 382 1887 Gen.
405 1836 474 1887 iv.

671 4289 722 4338 4.
671 4270 832 4338 4εἶς
855 4272 947 4325 τὸν
970 4272 1168 4339 κόσμον
1191 4269 1444 4340 εἰσῆλθε
1431 4286 1646 4325 mverso
1668 4268 1858 4325 ordine
1881 4287 1931 4325 a.
2073 4270 2126 4325 6.
2164 4271 2368 4327 ἑστάτω
2394 4271 2460 4326 Β.
2487 4292 2663 4340 οτητω
2691 4268 2875 4325 Holet.
2900 4268 3007 4327 Ed.

597 4359 650 4413 9.
689 4341 875 4397 αυτ-ους
898 4340 1086 4395 θυσίαν
1108 4340 1211 4396 hoc
1236 4340 1425 4395 ordine
1452 4340 1518 4394 B.
1952 4345 2084 4396 ὦσιν
2106 4341 2268 4397 edidi.
2294 4340 2464 4412 φυσιν
2485 4268 2622 4412 ἤτόι
2621 4345 2821 4412 γνῶσιν
2843 4340 3008 4409 (forte

595 4428 691 4483 per
726 4412 1054 4467 additionem
1089 4417 1154 4466 ut
1190 4428 1347 4482 saepe
1382 4410 1510 4465 alibi
1546 4410 1938 4536 corrigensh.
1926 4412 2068 4467 ..Ht
2094 4412 2310 4468 σύνεσιν
2333 4415 2446 4482 ἤτοι
2477 4416 2676 4483 γνῶσιν
2698 4411 3009 4467 emendavit

595 4482 1331 4551 Aub.15.roiead›
1396 4503 1443 4538 ις
1471 4482 1535 4536 Β.
1560 4482 1628 4536 τὰ
1651 4482 1796 4550 δῶρα
1880 4491 1920 4537 t.
1947 4481 2049 4537 Ed.
2306 4499 2394 4556 23.
2427 4480 2604 4555 τιμῆς]
2643 4490 2695 4550 -Ι-
2726 4482 2788 4538 οὖ
2817 4480 2885 4538 Β.
2911 4483 3007 4537 ουκ

591 4552 902 4611 emendavit
929 4551 1027 4608 Ht.
1053 4563 1310 4608 neutrum
1371 4551 1495 4608 abet
1520 4550 1625 4608 Ed.
1702 4551 1903 4608 “Fort.
1927 4552 2043 4609 οὖν’
2048 4552 2293 4626 '.Heyse
