3238 5158
208 370 468 457 'fii-54·
778 374 893 440 IN
953 374 1021 441 S.
1069 374 1582 444 JOANNEM.
1670 376 1863 443 LIB.
1893 377 2018 445 VI.
2467 378 2587 445 121

210 539 321 613 καὶ
374 535 509 635 τὴν
548 542 694 617 τῶν
740 537 969 638 ἀγίων
1009 545 1474 644 πατριαρχῶν
1515 574 1595 620 τε
1652 544 1769 623 καὶ
1822 547 2219 650 προφητῶν
2251 547 2594 621 πατοῦντι

208 659 438 760 τιμήν·
522 664 994 763 προσδοκῶσι
1064 661 1211 766 γὰρ
1278 663 1415 764 ἤδη
1491 666 1607 743 καὶ
1684 663 2068 770 διαῤῥήδην
2140 667 2593 760 ἀναβοῶντος

208 781 609 881 ἀκούεσθαι,
650 784 737 864 δι’
775 780 877 864 ὧν
922 784 1246 889 ἐρεθίζειν
1289 784 1681 888 νομίζουσι,
1722 785 1807 867 τό
1848 790 2012 869 Τίνα.
2061 791 2334 869 membr
2376 793 2588 874 ποιεῖς
2616 803 2661 870 d

208 906 661 1008 κακοτρόπως
714 906 1336 1014 ἐπιφθεγγόμενοι,
1396 908 1506 989 ὅτι
1566 910 1824 1014 μείζων
1878 912 2018 1010 εἶμὶ
2080 915 2196 991 καὶ
2249 911 2594 1014 Ἀβραὰμ

149 1041 182 1101 5
207 1033 319 1109 καὶ
354 1036 502 1109 τῶν
534 1037 958 1137 προφητῶν,
997 1037 1056 1111 εἲ
1092 1036 1210 1113 καὶ
1246 1031 1357 1112 ὅτι
1403 1033 1733 1131 μάλιστα
1780 1043 1993 1114 τοῦτο
2040 1033 2281 1137 λέγων
2315 1035 2593 1134 ἀληθὴς

204 1151 291 1252 ἦν
323 1155 363 1232 5
404 1153 690 1258 Κύριος,
729 1154 1011 1258 ἐπείπερ
1047 1157 1269 1239 οὐδεὶς
1305 1157 1705 1259 ἀνθρώπων
1742 1156 1967 1259 λόγος
2009 1164 2107 1243 εἰς
2147 1158 2231 1237 τὸ
2280 1158 2588 1260 συγκρί-

207 1283 456 1357 νεσθαι
493 1283 661 1385 Θεῷ
694 1285 797 1384 τῷ
831 1278 1077 1378 πάσης
1113 1278 1351 1360 ἐπάνω
1390 1279 1683 1387 φύσεως
1719 1282 1980 1383 ὁρατῆς
2017 1314 2094 1361 τε
2127 1285 2245 1360 καὶ
2281 1284 2560 1381 νοητῆς.

291 1489 651 1581 Ἀπεκρίθη
697 1493 952 1559 Ἰησοῦς
995 1493 1161 1561 Ἐὰν
1214 1495 1347 1568 ἐγὼ
1400 1494 1654 1585 δοξάζω
1707 1492 2008 1576 ἐμαυτὸν,
2063 1496 2101 1560 ἡ
2158 1494 2317 1563 δόξα
2371 1517 2493 1570 μου
2623 1511 2700 1573 54

1205 1619 1398 1686 οὐδὲν
1450 1620 1608 1687 ἔστι.
2621 1683 2658 1727 Θ

115 1790 181 1831 10
313 1763 585 1845 Βλέπει
619 1765 750 1865 μὲν
785 1765 975 1851 ἅπας
1012 1769 1053 1847 5
1087 1775 1216 1848 τοῦ
1251 1765 1481 1870 λόγου
1514 1765 1793 1851 σκοπὸς
1830 1767 1929 1852 ε’ίς
1969 1801 2045 1847 τε
2087 1775 2217 1848 τοῦ
2253 1764 2600 1870 Ἀβραὰμ

204 1895 330 1967 τοῦ
378 1889 593 1991 ἀγίου
638 1890 1037 1992 πρόσωπον
1075 1894 1193 1970 καὶ
1237 1897 1385 1971 τῶν
1418 1898 1836 1997 προφητῶν,
1873 1889 2476 1996 μετασχηματίζει
2526 1887 2602 1970 δὲ

205 2018 520 2097 πιθανῶς
577 2018 673 2097 εἶς
726 2012 977 2093 ἑαυτὸν
1017 2011 1105 2094 τὸ
1160 2014 1601 2114 δηλούμενον
1648 2018 1689 2095 5
1743 2013 2021 2118 Σωτὴρ,
2058 2016 2187 2094 οὐκ
2234 2011 2601 2115 ἀγνοήσας·

204 2132 309 2215 ὅτι
355 2136 739 2241 πρόχειρος
792 2142 889 2221 εἰς
940 2135 1167 2240 ὀργὴν
1182 2158 1187 2163 ’
1202 2141 1320 2219 καὶ
1368 2139 1805 2244 προφάσεως
1853 2137 2018 2244 δίχα
2064 2141 2193 2238 τῆς
2243 2143 2338 2222 εἶς
2388 2146 2602 2218 τοῦτο

204 2259 577 2361 καλούσης
628 2262 666 2339 5
720 2267 1136 2365 Φαρισαῖος,
1189 2265 1306 2341 καὶ
1356 2260 1787 2365 προσθήκην
1822 2264 1927 2342 ἀεὶ
1975 2260 2156 2366 πρὸς
2206 2260 2290 2342 τὸ
2343 2264 2602 2366 χρῆναι

113 2400 178 2461 ¹5
203 2389 609 2490 μιαιφονεῖν
657 2384 1090 2488 ἀγριώτερον
1142 2392 1290 2466 πᾶν
1343 2386 1579 2466 ὁτιοῦν
1632 2392 1779 2466 τῶν
1830 2389 1992 2489 περὶ
2049 2387 2267 2466 αὐτοῦ
2321 2394 2596 2464 λαλου-
2626 2419 2664 2461 α
2705 2406 2837 2463 578
2855 2406 2933 2461 Δ.

204 2509 433 2603 με’νων
478 2507 855 2613 ἐκδέχεται.
938 2506 1585 2616 φιλαμαρτήμονας
1636 2507 1781 2614 γὰρ
1833 2512 1874 2590 5
1924 2508 2195 2615 φθόνος
2242 2505 2603 2613 ἐργάζεται

208 2629 369 2717 τοὺς
413 2634 492 2713 ἐν
528 2629 633 2715 οἷς
675 2631 766 2711 ἂν
799 2632 1098 2734 γένοιτο,
1134 2637 1251 2713 καὶ
1303 2631 1734 2737 θερμότερον
1769 2633 2129 2714 ἀναπείθει
2181 2636 2600 2739 δυσφορεῖν,

208 2758 318 2835 καὶ
368 2758 485 2861 ἐφ’
528 2755 635 2840 οἷς
683 2756 947 2855 ἥκιστα
991 2760 1202 2861 χρῆν.
1275 2757 1598 2836 τοιοῦτόν
1633 2790 1702 2836 τι
1751 2756 1827 2836 δὲ
1877 2760 2346 2859 παραδηλοῦν
2380 2753 2608 2836 πάλιν

209 2877 436 2960 ἐθέλει
494 2876 847 2983 Χριστός.
937 2880 1309 2980 ἐπεπήδων
1361 2878 1692 2960 Ἰουδαῖοι
1749 2882 1867 2959 καὶ
1921 2877 2409 2981 ἀντέπραττον
2463 2884 2609 2962 τοῖς

122 3027 186 3068 20
209 3004 372 3106 παρ’
449 3003 674 3083 αὐτοῦ
748 3004 1160 3105 λεγομένοις
1233 3002 1382 3082 ἄνω
1450 3035 1528 3082 τε
1598 3005 1719 3081 καὶ
1792 3000 1987 3081 κάτω
2061 2998 2190 3079 τὸν
2263 2997 2611 3104 μακάριον

209 3124 554 3231 Ἀβραὰμ
622 3130 737 3205 καὶ
807 3123 975 3212 τοὺς
1037 3126 1419 3232 προφήτας
1481 3123 1891 3229 κατακόρως
1951 3120 2430 3224 ὀνομάζοντες,
2492 3127 2610 3202 καὶ

213 3251 601 3356 διαῤῥήδην
656 3256 967 3346 βοῶντες·
1027 3261 1071 3298 “
1101 3246 1234 3349 Μὴ
1295 3248 1393 3329 σὺ
1457 3246 1713 3350 μείζων
1776 3245 1842 3328 εἶ
1893 3255 2023 3327 τοῦ
2074 3243 2348 3350 πατρὸς
2406 3246 2608 3345 ἡμῶν
2695 3247 2906 3375 {2323-

214 3382 256 3419 “
282 3373 656 3478 Ἀβραὰμ,
682 3372 886 3458 ὅστις
920 3373 1275 3467 ἀπέθανες
1316 3376 1432 3452 καὶ
1470 3376 1537 3452 οἱ
1571 3376 1941 3480 προφῆται
1977 3368 2403 3452 ἀπεθανον.”
2456 3367 2609 3451 εἶτα

214 3498 389 3600 πρὸς
450 3497 753 3612 τούτοις,
808 3502 923 3577 καὶ
985 3502 1082 3581 ὡς
1140 3503 1230 3602 τῇ
1284 3504 1430 3576 τῶν
1485 3497 1711 3599 ἁγίων
1771 3491 2177 3594 (ἰλλόμενον
2235 3490 2435 3600 δόξῃ,
2493 3501 2609 3574 καὶ
2632 3508 2676 3575 b

130 3633 191 3693 ²5
218 3619 767 3725 ὑπεραιρόμενον
841 3617 1035 3701 πολὺ
1110 3621 1198 3720 δὴ
1280 3623 1449 3700 λίαν
1523 3619 1699 3723 ὑπὲρ
1780 3620 2102 3714 ἐκείνους,
2175 3624 2611 3723 κατῃτιῶντο

217 3746 550 3847 λέγοντες
608 3752 653 3790 “
681 3745 868 3824 Τίνα
924 3742 1235 3824 σεαυτὸν
1286 3750 1507 3827 ποιεῖς
1530 3743 1599 3841 ;”
1661 3743 1798 3822 ἔδει
1854 3743 2094 3824 τοίνυν
2148 3741 2327 3845 πρὸς
2387 3749 2612 3820 ταῦτα

218 3875 480 3975 σαφῶς
536 3869 1064 3969 ἀπολογεῖσθαι
1119 3864 1248 3947 τὸν
1297 3868 1585 3970 Κύριον,
1645 3869 1763 3945 καὶ
1816 3865 2056 3965 λε’γειν
2110 3868 2444 3967 ἐναργῶς,
2502 3862 2614 3942 ὅτι

222 3993 588 4094 Κρείττων
622 3993 763 4090 εἰμὶ
798 3994 913 4070 καὶ
949 3988 1204 4092 μείζων
1235 3987 1581 4092 Ἀβραὰμ
1618 3991 1736 4068 καὶ
1772 3995 1917 4069 τῶν
1956 3994 2372 4093 προφητῶν.
2440 3985 2611 4065 ἀλλ’

219 4118 340 4195 οὐκ
377 4113 471 4195 ἀν
510 4114 761 4195 οἰστὸν
793 4113 1181 4215 ἐποιήσατο
1218 4110 1346 4193 τὸν
1387 4111 1615 4215 λόγον
1654 4113 1695 4191 5
1730 4109 2218 4217 μεγαλόφρων
2242 4110 2607 4193 Ἰουδαῖος·

285 4316 338 4371 8.
373 4315 504 4370 Ἐὰν
529 4315 597 4370 Β.
624 4314 688 4368 El
711 4314 858 4370 Aub.
883 4321 1136 4370 neutrum
1159 4313 1321 4370 habet
1349 4313 1531 4369 Holst.
1824 4328 1907 4367 11.
1942 4314 2229 4383 πρόσωπον
2254 4312 2337 4366 καὶ
2358 4316 2462 4366 τῶν
2483 4332 2614 4381 προ·-

222 4386 397 4457 φητῶν
420 4386 529 4440 hoc
551 4384 740 4441 ordine
766 4386 832 4441 B.
856 4388 1142 4456 πρόσωπον
1239 4390 1291 4440 et
1312 4386 1600 4479 προφητῶν
1623 4391 1985 4454 transponunt
2012 4382 2110 4437 Ht.
2136 4381 2239 4437 Ed.
2385 4396 2468 4453 15.
2493 4381 2616 4451 παρ’

225 4457 436 4529 conjicit
464 4457 663 4528 Heyse.
950 4457 1033 4511 18.
1068 4453 1146 4513 οἷς
1165 4403 1237 4510 ff
1267 4456 1365 4510 Ht.
1390 4478 1450 4509 ου
1473 4454 1621 4509 Aub.
1930 4470 2015 4509 21.
2054 4454 2346 4521 κατακόρως
2370 4452 2619 4506 em‘endat

224 4526 423 4651 23⁸8.
452 4530 733 4652 καὲᾶακόρος
761 4526 827 4582 Β.
853 4529 980 4582 κατὰ
1005 4529 1160 4597 κόρον
1184 4527 1283 4583 Ht.
1310 4525 1413 4582 Ed.
1733 4540 1818 4594 29.
1856 4524 1920 4580 ἂν
1942 4524 2124 4581 οἰστὸν
2146 4522 2393 4577 emendat
2419 4523 2617 4593 Heyee.

332 4618 467 4653 στον
581 4637 595 4653 .

306 4697 456 4745 vol..
492 4698 567 4743 11.
1448 4697 1492 4740 B.
