3238 5158
267 308 396 373 xiv.
430 329 528 374 11.
642 309 760 376 IN
819 312 888 378 S.
935 313 1444 383 JOANNEM.
1537 316 1731 382 LIB.
1777 317 1900 384 IX.
1991 318 2199 385 CAP.
2245 318 2300 384 Ῑ.
2540 319 2673 385 44⁷

268 479 578 580 στηκώς·
634 542 683 581 ,,
716 483 875 563 ἐπεί
921 518 1044 565 σοι
1101 489 1300 566 δοκεῖ
1344 489 1462 566 καὶ
1515 487 1747 589 ὀρθῶς
1799 485 1986 592 ἔχειν
2021 487 2352 593 φαίνεται
2397 482 2484 566 τό
2536 485 2673 566 Ἐν

267 664 312 702 ,,
353 608 520 712 Θεῷ
556 602 735 686 εἶναι
771 612 890 688 καὶ
926 616 1250 690 νοεῖσθαι
1272 609 1421 689 Διὰ
1458 615 1676 708 Θεοῦ,
1709 610 1789 691 τί
1816 610 2053 712 μάτην
2087 614 2665 716 καταφλυαρεῖς;

266 788 312 827 ,,
349 731 426 808 τί
471 728 550 810 δὲ
601 739 748 817 τοῖς
799 734 1216 839 δυσφημίας
1263 734 1721 836 ἐγκλήμασιν
1759 734 2119 834 ὑποτίθης,
2157 734 2332 815 ὅταν
2365 737 2666 832 πεποιῆ-

266 914 312 951 ,,
349 860 529 936 σθαι
580 856 699 936 διὰ
752 865 883 938 τοῦ
940 856 1233 961 Πατρὸς
1289 858 1794 958 διατεινώμεθα
1849 857 1978 939 τὸν
2012 858 2240 956 Υἱόν;
2316 855 2471 939 ἰδοὺ
2527 856 2674 961 γὰρ

198 1003 239 1067 5
268 1040 312 1077 ,,
351 980 564 1066 αὐτός
629 987 888 1089 φησιν,
949 983 1061 1063 ὅτι
1123 982 1265 1087 ἐγὼ
1321 985 1399 1064 ἐν
1449 989 1554 1090 τῷ
1613 985 1873 1087 Πατρὶ,
1930 985 2090 1063 ἀντὶ
2154 991 2282 1064 τοῦ
2339 981 2486 1062 Διά
2546 990 2675 1063 τοῦ

268 1163 313 1201 ,,
354 1105 672 1209 Πατρός,
710 1105 897 1188 κατά
945 1142 1030 1211 γε
1075 1106 1204 1189 τὸν
1248 1107 1390 1188 σὸν
1426 1103 1485 1187 ὦ
1535 1108 1745 1192 οὗτος
1789 1108 2040 1210 λόγον,
2079 1110 2197 1187 καὶ
2244 1106 2379 1208 τὴν
2415 1108 2675 1211 ἀρτίως

267 1289 314 1328 ,,
350 1230 521 1330 ἡμῖν
556 1233 636 1311 ἐκ
669 1239 816 1312 τῶν
852 1237 1058 1337 ἱερῶν
1090 1231 1538 1383 γραμμάτων
1572 1239 2142 1337 παρενεχθεῖσαν
2176 1230 2633 1331 συνήθειαν.”

381 1353 583 1459 Ἐγὼ
617 1353 696 1436 δὲ
731 1390 913 1460 προς
945 1354 1159 1439 τοῦτό
1197 1364 1387 1463 φημι
1423 1361 1570 1437 δεῖν
1603 1354 2225 1460 ἀπολογήσασθαι
2259 1354 2515 1454 πάλιν,
2557 1360 2676 1436 καὶ
2699 1390 2737 1431 a
2774 1377 2909 1435 ’195
2927 1375 3008 1433 Δ.

269 1477 402 1563 τὰς
433 1481 716 1561 ἐκείνων
753 1482 1181 1585 κακουργίας
1229 1484 1759 1584 ἀπογυμνῶσαι
1806 1484 1923 1561 καὶ
1968 1478 2251 1581 βλάβη.
2338 1478 2675 1584 θαυμάζω

165 1633 250 1675 10
273 1601 420 1705 γὰρ
465 1602 661 1690 ὅπως
704 1605 1036 1707 ἀσμενως
1072 1605 1517 1689 ἀκουσαντες
1560 1604 1671 1686 ὅτι
1708 1607 1786 1685 ἐν
1823 1610 2013 1712 Θεῷ,
2051 1602 2172 1684 διὰ
2209 1609 2402 1684 Θεοῦ
2436 1604 2677 1707 λεγειν

273 1726 433 1813 ἔθος
470 1734 562 1834 τῇ
601 1729 755 1838 θείᾳ
790 1736 1067 1838 γραφῇ,
1104 1733 1222 1812 καὶ
1259 1728 1380 1810 διὰ
1414 1727 1639 1829 μόνον
1676 1728 1759 1810 τὸ
1812 1731 2167 1809 δύνασθαι
2216 1736 2570 1810 κατειπεῖν
2603 1765 2676 1810 τι

270 1858 400 1954 τῆς
450 1853 669 1963 δόξης
713 1864 842 1936 τοῦ
881 1861 1365 1959 Μονογενοῦς,
1404 1853 1956 1938 συναινέσαντές
2005 1889 2086 1934 τε
2136 1856 2255 1935 καὶ
2301 1851 2436 1954 τὴν
2470 1854 2677 1963 λε’ξιν

262 1978 863 2086 παραδεξάμενοι,
898 1988 1287 2083 ληροῦντες
1337 1978 1448 2059 ὅτι
1497 1976 1728 2060 πάλιν
1763 1976 1967 2059 οὐδὲν
2001 1979 2222 2080 ἦττον
2257 1978 2676 2061 ἁλώσονται

270 2103 745 2206 διεγνώκασιν
777 2106 1125 2204 οὐδαμῶς,
1161 2105 1389 2185 καίτοι
1445 2102 1853 2210 φάσκοντες
1911 2100 2086 2183 εἶναι
2140 2105 2378 2211 σοφοί
2425 2137 2503 2185 τε
2557 2107 2676 2185 καὶ

166 2247 244 2308 ¹5
271 2231 564 2330 δριμεῖς.
645 2234 705 2308 εἰ
740 2228 874 2329 μὲν
908 2227 1055 2332 γὰρ
1100 2227 1347 2328 μόνοις
1397 2230 1672 2335 ἐφεῖται
1720 2234 1870 2313 τοῖς
1919 2230 2007 2308 δι’
2047 2230 2364 2313 ἐναντίας
2411 2230 2496 2309 τὸ
2546 2233 2675 2329 τῆς

270 2351 756 2434 θεοπνεύστου
791 2358 1085 2461 γραφῆς
1120 2356 1226 2434 ἀεὶ
1271 2352 1589 2458 τειχίζειν
1626 2351 1786 2436 ἔθος
1837 2358 1927 2458 τῇ
1979 2353 2197 2460 οὐσίᾳ
2244 2361 2374 2435 τοῦ
2414 2359 2665 2436 Μονο-
2696 2366 2742 2435 b'

270 2485 541 2578 γενοῦς,
598 2481 719 2558 καὶ
776 2476 895 2557 διὰ
949 2487 1163 2559 τοῦτο
1215 2481 1656 2573 πεποιῆσθαι
1716 2478 1957 2582 λέγειν
2012 2477 2231 2559 αὐτὸν
2282 2477 2483 2583 παρὰ
2545 2487 2674 2559 τοῦ

276 2601 591 2706 Πατρὸς,
638 2605 926 2708 ἐπείπερ
980 2602 1158 2685 εἶναι
1212 2601 1344 2703 μὲν
1391 2606 1466 2683 ἐν
1503 2607 1672 2710 Θεῷ
1722 2609 1978 2712 φησιν·
2048 2602 2134 2683 τὸ
2184 2601 2271 2681 δέ
2305 2605 2438 2683 Ἐν
2472 2607 2668 2710 Θεῷ,

274 2725 394 2806 διὰ
450 2732 643 2809 Θεοῦ
700 2734 1019 2810 νοεῖσθαι
1072 2727 1499 2828 δεδώκαμεν,
1543 2727 1788 2834 ἔδοξεν
1838 2724 1926 2805 ἂν
1975 2727 2160 2807 κατά
2210 2762 2296 2829 γε
2349 2724 2435 2807 τὸ
2492 2726 2674 2811 εἰκὸς

163 2881 247 2922 20
276 2849 504 2953 λόγον
540 2851 723 2958 ἔχειν
771 2854 1011 2937 αὐτοῖς
1058 2855 1218 2957 οὐχὶ
1265 2853 1436 2932 λίαν
1475 2853 1718 2951 ἀμαθῆ
1768 2850 1852 2932 τὸ
1904 2850 2392 2954 κακούργημα.
2482 2858 2541 2931 εἲ
2597 2851 2676 2931 δὲ

272 2973 364 3075 δὴ
429 2974 515 3057 τὸ
580 2976 864 3057 κωλύον
928 2977 1129 3057 οὐδὲν
1188 2980 1306 3056 καὶ
1377 2976 1562 3076 ἡμᾶς
1627 2973 1905 3074 αὐτοῦς,
1967 2977 2088 3057 διὰ
2157 2981 2287 3077 τῆς
2360 2975 2674 3079 μείζονος

269 3102 575 3188 ἀτοπίας
639 3101 1058 3205 ἀνατρέπειν
1120 3098 1504 3185 ἐθέλοντας
1570 3099 1703 3201 τὴν
1754 3108 1902 3181 τῶν
1963 3103 2132 3205 παρ’
2193 3102 2428 3193 αὐτοῖς
2493 3105 2669 3204 δογ-

266 3221 520 3323 μάτων
555 3222 997 3331 σαθρότητα,
1036 3229 1152 3307 καὶ
1207 3227 1315 3307 ἐπ’
1356 3224 1575 3306 αὐτὸν
1617 3223 1997 3331 ἀναφέρειν
2032 3225 2161 3306 τὸν
2197 3225 2491 3327 Πατέρα
2542 3234 2674 3305 τοῦ

267 3352 800 3453 σημαινομένου
842 3351 976 3452 τὴν
1012 3351 1332 3450 δύναμιν,
1370 3356 1588 3432 εἰπεῖν
1623 3385 1701 3432 τε
1750 3356 2034 3456 σαφῶς,
2074 3353 2167 3435 ὦς
2220 3351 2506 3453 ἐπείπερ
2555 3352 2674 3430 καὶ

156 3500 241 3564 25
267 3476 481 3558 τοῦτό
519 3476 851 3634 φησιν,;
813 3511 922 3557 οτι
968 3480 1009 3557 5
1045 3475 1379 3579 Πατὴρ’
1342 3510 1419 3555 εν
1451 3478 1613 3575 ἐμοί
1656 3477 1835 3573 ἐστι,
1872 3475 2223 3578 προσήκει
2275 3483 2478 3571 νοεῖν,
2515 3476 2672 3554 ἀντὶ
2695 3502 2732 3546 0

267 3610 398 3682 τοῦ
433 3604 520 3683 δι’
560 3605 756 3702 ἐμοῦ,
791 3602 909 3681 ἵνα
942 3598 1207 3682 λοιπὸν
1240 3598 1536 3703 γενητὸς
1570 3600 1861 3702 γένηται
1898 3602 2017 3680 καὶ
2053 3597 2267 3683 αὐτος
2303 3601 2343 3680 5
2384 3599 2669 3700 Πατὴρ,

266 3733 424 3810 πῶς
479 3727 565 3806 οὐ
619 3727 790 3807 λίαν
839 3724 1212 3809 ἀσυνέτοις
1265 3721 1888 3827 ἐπιθαρσῆσαντες
1942 3731 2349 3827 λογισμοῖς,
2385 3723 2519 3823 τὴν
2562 3725 2669 3804 ἐπ’

267 3848 557 3958 ἀκράτῳ
629 3850 868 3957 μωρία
940 3853 1204 3956 ψῆφον
1267 3848 1749 3928 ἀποίσονται·
1729 3910 1751 3946 ,
1842 3846 2095 3952 ὥσπερ
2167 3847 2314 3951 γὰρ
2383 3847 2423 3926 5
2496 3844 2673 3932 Υἱὸς

268 3971 522 4055 ἑαυτὸν
557 3970 741 4054 εἶναί
787 3981 1020 4080 φησιν
1054 3975 1130 4053 ἐν
1166 3977 1269 4081 τῷ
1308 3975 1568 4075 Πατρῖ,
1606 3974 1831 4057 οὕτως
1868 3972 2012 4080 ἔφη
2048 3974 2167 4052 καὶ
2210 3971 2341 4052 τὸν
2382 3971 2673 4073 Πατέρα

154 4128 241 4189 3ο
269 4094 448 4178 εἶναι
491 4098 570 4178 ἐν
602 4098 851 4204 ἑαυτῷ·
909 4102 970 4175 εἰ
1018 4095 1093 4176 δὲ
1143 4096 1230 4177 τὸ
1282 4098 1358 4177 ἐν
1399 4102 1659 4200 Πατρὶ,
1693 4094 1811 4175 διὰ
1859 4104 1986 4176 τοῦ
2028 4092 2318 4199 Πατρός
2354 4100 2674 4175 νοεῖσθαι

267 4219 685 4319 βούλονται,
723 4219 801 4299 τί
828 4218 914 4300 τὸ
951 4221 1295 4325 ἀπεῖργον
1330 4227 1550 4301 εἰπεῖν
1587 4220 1699 4301 ὅτι
1738 4222 1856 4301 καὶ
1893 4218 1978 4300 τό
2009 4220 2144 4301 Ἐν
2164 4225 2343 4329 Υἱῷ,
2373 4219 2462 4299 δι’
2489 4223 2673 4301 Υἱοῦ

342 4443 396 4500 3.
432 4424 695 4482 ὑποτιθεὶς
718 4424 785 4479 Ε.
809 4425 1070 4481 ὖποτιθεῖς
1132 4465 1146 4480 .
1367 4426 1450 4480 16.
1487 4424 1628 4481 θείας
1650 4424 1911 4481 πνεῦστου
1936 4425 2061 4495 (uic)
2089 4424 2154 4480 Ε.
2367 4436 2452 4495 17.
2487 4443 2672 4477 πεποι-

268 4498 444 4556 (taem
472 4496 537 4552 Ε.
659 4513 745 4553 21.
770 4493 836 4566 δὴ
858 4513 981 4584 aasz
993 4513 1059 4550 ex
1135 4537 1149 4552 .
1274 4512 1361 4568 29.
1385 4497 1468 4552 ὅτι
1491 4498 1521 4550 ὁ
1534 4496 1770 4586 ’κτῆμ’
1740 4519 1796 4551 εν
1818 4496 1984 4565 ἐμοί’
1955 4517 2102 4552 εστιν
2122 4512 2228 4622 ἑτέ)
2245 4517 2302 4552 εν
2323 4516 2397 4568 τφ
2420 4493 2579 4563 πατρὶ
2602 4492 2671 4548 Ε.

265 4587 359 4645 3ο.
396 4571 458 4626 τὸ
486 4567 615 4627 Ε.Ρ.
641 4567 747 4624 Ed.
773 4585 887 4642 mg.
910 4589 984 4642 rep
1010 4566 1113 4623 Ed.
1326 4585 1417 4641 31.
1451 4566 1738 4635 βούλονται
1761 4567 1827 4623 Ε.
1848 4566 2099 4634 βούλεται
