3238 5158
209 314 363 381 xvii.
397 337 621 406 12,13.
688 319 804 386 IN
857 322 924 387 S.
973 323 1487 438 JOAlerEM.
1579 325 1770 391 LIB.
1810 325 1934 392 XI.
2023 324 2229 391 CAP.
2268 324 2390 389 IX.
2478 320 2610 386 699

211 481 496 569 οὐδενὸς
556 482 641 567 τὸ
698 486 1045 592 παράπαν
1107 488 1241 590 τὴν
1296 497 1442 571 τῶν
1493 489 2115 572 πλεονεκτούντων
2168 486 2608 595 ἐξείργοντος

209 614 436 711 χεῖρα,
474 610 791 709 κειμένου
845 610 923 693 δὲ
971 619 1266 713 μᾶλλον
1313 620 1462 700 τοῖς
1509 613 1888 696 ἐθέλουσιν
1944 615 2051 695 ἐπ’
2092 611 2426 720 ἐξουσίας
2476 614 2608 688 τοῦ

205 728 450 812 πάντα
476 736 655 836 δρᾶν
675 740 771 819 εἰς
799 735 1052 821 αὐτοῦς
1089 738 1612 837 ἀδιακωλύτως,
1642 740 1758 818 καὶ
1783 735 2051 822 παντὸς
2078 736 2254 817 εἵσω
2282 732 2607 814 κινδύνου

206 859 480 936 καλεῖν.
558 858 727 937 ἀλλ’
773 864 831 939 εἶ
888 862 1003 940 καὶ
1057 864 1283 966 σοφοὶ
1339 864 1456 942 καὶ
1509 862 1804 966 πατέρες
1844 865 1960 943 καὶ
2018 865 2146 961 τῆς
2200 855 2606 957 οἰκουμένης

133 1014 175 1077 5
207 980 596 1083 φωστῆρες
642 982 1054 1083 γεγόνασιν,
1093 985 1220 1064 οὐκ
1271 986 1602 1084 ὀκνητέον
1640 991 1875 1084 εἰπεῖν,
1914 989 2011 1071 ὡς
2055 985 2193 1065 ἔδει
2234 980 2334 1083 μὴ
2383 979 2607 1079 μόνον

204 1106 307 1185 εἷς
360 1099 497 1202 τὴν
550 1104 901 1208 ἕνσαρκον
935 1107 1342 1210 παρούσιαν
1378 1110 1823 1203 ἀποβλέπειν
1861 1117 1991 1189 τοῦ
2024 1110 2360 1210 Σωτῆρος
2402 1104 2607 1203 ἡμῶν

202 1227 562 1327 Χριστοῦ,
600 1226 852 1308 εἰδέναι
887 1230 966 1311 δὲ
1008 1228 1098 1331 δὴ
1137 1230 1245 1312 ὅτι
1282 1235 1399 1312 καὶ
1435 1239 1494 1312 εἰ
1529 1237 1658 1332 τῆς
1701 1232 1884 1336 πρὸς
1920 1229 2173 1314 αὐτοὺς
2210 1229 2608 1312 συνουσίας

201 1349 768 1457 ἀπονοσφίζοιτο
828 1353 1011 1434 κατὰ
1076 1354 1338 1459 σοῖρκα,
1403 1358 1517 1436 καὶ
1578 1363 1638 1436 εἶ
1712 1354 1815 1456 μὴ
1866 1362 2014 1441 τοῖς
2078 1360 2206 1436 τοῦ
2262 1352 2606 1452 σώματος
2627 1382 2663 1424 0

201 1473 440 1580 ὁρῷτο
489 1476 710 1579 τυχὸν
747 1478 1177 1584 ὀφθαλμοῖς,
1215 1479 1419 1559 ἀλλά
1466 1515 1551 1583 γε
1601 1478 1928 1582 παρόντα
1972 1483 2087 1559 καὶ
2122 1476 2438 1556 συνόντα
2487 1471 2607 1553 διὰ

96 1639 175 1681 10
200 1597 478 1681 παντὸς
520 1604 613 1705 τῇ
654 1604 782 1699 τῆς
819 1599 1149 1701 θεότητος
1186 1602 1483 1710 ἐξουσίᾳ
1516 1608 1701 1708 χρῆν
1739 1601 1973 1704 δήπου
2004 1597 2289 1684 πάντως
2323 1600 2602 1679 ἐννοεῖν.

197 1718 381 1802 πότε
431 1720 577 1827 γάρ
634 1730 779 1803 τῶν
843 1724 1037 1805 ἰδίων
1092 1726 1491 1826 ἰδιωμάτων
1553 1725 1948 1832 καταλήξει
2007 1723 2215 1822 Θεὸς,
2274 1721 2321 1822 ἢ
2383 1723 2461 1801 τί
2518 1720 2604 1802 τὸ

200 1846 683 1927 ἀντιστατοῦν
732 1853 823 1953 τῇ
870 1855 1016 1929 τῶν
1072 1848 1267 1929 ὅλων
1321 1850 1687 1956 κρατούσῃ
1733 1849 1973 1958 φύσει,
2027 1851 2146 1928 καὶ
2193 1846 2604 1949 παραποδί-

200 1965 346 2071 ζειν
381 1970 604 2069 αὐτὴν
637 1972 960 2076 καθάπερ
996 1973 1083 2082 ἐξ
1114 1972 1430 2076 ἀνάγκης
1460 1974 1850 2074 δυνάμενον
1884 1972 2065 2077 πρὸς
2101 1970 2187 2051 τὸ
2223 1973 2606 2074 ἐνεργῆσαι

199 2093 298 2173 τὰ
332 2096 632 2193 ἑαυτῆςς
689 2096 998 2200 ἐνέργεια
1037 2095 1112 2177 δὲ
1151 2099 1268 2176 καὶ
1312 2097 1607 2197 δύναμις
1642 2095 2059 2202 θεοπρεπὴς,
2095 2093 2180 2177 τὸ
2213 2092 2388 2175 εἶναι
2421 2128 2606 2175 παν-

94 2250 169 2313 15
198 2223 418 2323 ταχῇ,
454 2222 571 2299 καὶ
613 2228 941 2323 πληροῦν
975 2219 1108 2320 μὲν
1143 2220 1466 2325 ἀῤῥήτως
1507 2220 1638 2302 τὸν
1675 2221 1998 2326 οὐρανὸν,
2029 2227 2359 2323 πληροῦν
2394 2217 2470 2299 δὲ
2515 2218 2608 2298 αὖ

194 2340 432 2425 πάλιν
464 2343 598 2443 τὴν
633 2349 795 2447 γῆν,
851 2347 966 2425 καὶ
1021 2353 1278 2451 χωρεῖν
1330 2344 1462 2445 μὲν
1505 2348 1581 2424 ἐν
1629 2351 1840 2444 πᾶσι,
1884 2350 2276 2451 χωρεῖσθαι
2331 2342 2408 2422 δὲ
2464 2341 2605 2423 ὑπὸ

194 2464 526 2567 μηδενός.
604 2467 690 2547 οὐ
744 2466 887 2570 γὰρ
940 2468 1140 2576 τόπῳ
1194 2466 1631 2571 περιληπτὸς
1691 2470 1732 2547 5
1790 2466 1994 2566 Θεὸς,
2047 2463 2094 2567 ἢ
2154 2463 2604 2564 διαστήμασι

191 2592 778 2694 περιωρισμένος,
833 2594 1004 2673 ἀλλ’
1059 2591 1218 2673 οὐδὲ
1290 2597 1743 2699 περιγραφῆς
1800 2593 1974 2672 εἵσω
2036 2588 2249 2674 τινός·
2347 2594 2601 2669 παθεῖν
2626 2600 2672 2665 d

193 2712 349 2818 γάρ
407 2748 477 2795 τι
525 2724 852 2796 τοιοῦτον
891 2716 937 2817 ἡ
993 2713 1273 2801 ἅποσός
1325 2750 1404 2796 τε
1463 2719 1577 2797 καὶ
1631 2716 1983 2817 ἀμεγέθης
2041 2716 2157 2795 καὶ
2213 2712 2602 2812 ἀσώματος

95 2878 171 2921 20
197 2840 335 2920 οὐκ
389 2838 712 2945 ἀνέχεται
763 2839 1011 2947 φύσις.
1091 2840 1345 2920 οὐκοῦν
1400 2840 1683 2943 ἐπείπερ
1736 2836 1827 2939 ἦν
1863 2838 2014 2939 ἅμα
2052 2834 2237 2922 Θεός
2289 2870 2367 2916 τε
2422 2838 2602 2933 ὁμοῦ

196 2965 324 3042 καὶ
375 2962 749 3067 ἄνθρωπος
785 2964 826 3043 5
863 2962 1209 3066 Χριστὸς,
1244 2967 1430 3069 χρῆν
1475 2964 1705 3064 δήπου
1756 2964 2047 3047 πάντως
2096 2960 2199 3062 μὴ
2246 2963 2604 3062 ἀγνοῆσαι

193 3083 370 3169 τοῦς
675 3087 780 3185 ἀς,
838 3089 933 3171 ὡς
989 3092 1050 3167 εἰ
1110 3089 1227 3167 καὶ
1288 3089 1567 3168 ἀπεῖναι
1631 3086 1906 3190 γένοιτο
1970 3090 2419 3186 σωματικῶς,
2474 3084 2602 3163 οὐκ

193 3207 822 3316 ἀπολειφθήσεται
888 3217 1284 3308 παντελῶς,
1339 3211 1690 3292 συνέσται
1744 3211 1820 3291 δὲ
1874 3209 2179 3307 πάντως,
2238 3205 2422 3288 κατὰ
2474 3205 2604 3286 τὸν

193 3333 513 3439 ἅρῤητον
546 3337 673 3433 τῆς
711 3340 1148 3435 θεοπρεποῦς
1198 3333 1534 3440 ἐξουσίας
1571 3330 1821 3436 λόγον.
1900 3331 2019 3412 διὰ
2056 3331 2196 3435 γάρ
2230 3364 2341 3411 τοι
2391 3337 2602 3409 τοῦτο

94 3481 167 3544 25
195 3491 319 3539 και
371 3454 584 3541 αὐτὸς
627 3459 668 3537 5
706 3456 1037 3560 Σωτὴρ’
1001 3491 1075 3538 εν
1110 3456 1240 3557 μὲν
1274 3465 1422 3542 τοῖς
1471 3454 1986 3566 παρῳχηκόσιν
2022 3455 2225 3557 ἔλεγε
2281 3465 2325 3502 “
2356 3451 2601 3604 Πάτερ
2625 3489 2660 3535 e

195 3577 462 3683 “ἅγιε,
500 3580 822 3684 τήρησον
858 3579 1112 3666 αὐτοῦς
1162 3583 1239 3660 ἐν
1287 3586 1389 3687 τῷ
1440 3580 1742 3681 ὀνόματί
1782 3615 1926 3662 σου
1962 3577 2021 3688 ᾧ
2063 3575 2371 3662 δέδωκάς
2406 3577 2575 3676 μοι·’

193 3738 353 3786 νυνι
400 3703 476 3784 δὲ
525 3703 801 3785 πάλιν
803 3702 961 3785 'Ore
997 3740 1158 3812 ημην
1197 3708 1346 3812 μετ’
1388 3703 1622 3802 αὑτων,
1660 3702 1797 3809 ἔγω
1846 3705 2083 3811 ἐτήρουν
2128 3699 2360 3788 αὐτους
2405 3701 2464 3781 ἐν
2507 3698 2602 3808 τῷ

194 3829 479 3934 ὀνόματί
508 3864 627 3910 σου
654 3867 707 3938 ῳ
678 3824 1046 3915 δέδωκάς
1073 3864 1212 3936 μοι,
1238 3831 1619 3934 μονονουχὶ
1658 3837 1869 3909 τοῦτο
1896 3833 2141 3928 δηλων
2175 3833 2322 3909 τοῖς
2351 3828 2603 3906 ἑαυτοῦ

193 3958 574 4053 μαθηταῖς,
621 3951 733 4032 ὅτι
786 3957 877 4058 τῇ
934 3955 1061 4051 τῆς
1116 3950 1448 4053 θεότητος
1503 3952 1816 4060 ἐνεργείᾳ
1868 3959 2158 4050 μᾶλλον
2194 3947 2284 4029 ἀν’
2319 3947 2601 4053 πρέποι,

95 4118 173 4176 3ο
196 4079 317 4157 καὶ
378 4076 465 4156 οὗ
526 4080 618 4180 τῇ
675 4080 805 4174 τῆς
869 4073 1144 4179 σαρκὸς
1208 4077 1594 4183 παρουσίᾳ,
1662 4073 1745 4156 τὸ
1812 4073 2185 4178 διασώζειν
2247 4070 2611 4153 δύνασθαί

194 4225 417 4285 τινας’
483 4203 603 4280 καὶ
653 4197 833 4300 αὐτὴ
870 4198 1014 4303 γὰρ
1059 4199 1102 4299 ἡ
1147 4197 1351 4305 σὰρξ
1394 4202 1520 4280 οὐκ
1572 4198 1662 4305 ἐξ
1704 4199 1954 4299 ἑαυτῆς
1997 4194 2346 4300 ἡγιάζετο,
2383 4199 2475 4300 τῇ
2524 4192 2604 4273 δὲ

276 4432 362 4488 13.
399 4414 559 4484 αὐτὴν
589 4414 653 4470 Ε.
679 4414 805 4486 αὐτῇ
834 4413 936 4471 Ed.
1203 4431 1285 4486 19.
1322 4436 1372 4468 τι
1399 4413 1464 4469 Ε.
1488 4435 1569 4469 τοι
1595 4413 1700 4469 Ed.
1952 4430 2036 4485 23.
2073 4407 2507 4489 ἀποληφθήσεται
2532 4407 2601 4463 Ε.

238 4488 518 4558 ς.ἴλςγον
540 4484 609 4540 Ε.
964 4485 1051 4541 28.
1088 4483 1215 4555 σου]
1242 4507 1343 4553 μου
1372 4485 1436 4539 Ε.
1804 4501 1888 4567 29.
1924 4487 2015 4554 τῆς
2038 4485 2277 4552 θεότητος
2305 4480 2367 4535 E.
2397 4478 2603 4550 Migne.

200 4504 407 4629 θέότητι
432 4556 578 4613 Aub.
861 4573 951 4627 30.
989 4556 1260 4624 διασώζειν
1283 4562 1409 4628 post
1430 4577 1570 4613 τινας
1593 4557 1895 4628 transponit
1920 4557 1983 4611 Ε.

1317 4656 1505 4717 4112

2693 987 2920 1038 of.Phi1.

2692 1055 2747 1106 ii.
2775 1067 2852 1118 15.

2690 3451 2854 3518 Supra

2687 3534 2795 3571 ver.
2823 3532 2900 3572 11.
