3238 5158
2637 636 2673 675 a
2715 624 2850 679 986
2869 624 2948 679 A.

1092 1277 1575 1354 ΚΕΦΑΛΗ
1666 1277 1724 1355 1.

179 1548 334 1615 Ὅτι
376 1552 481 1616 οὐκ
525 1552 591 1615 ἐκ
631 1557 888 1637 μετοχῆς
921 1558 1026 1635 τῆς
1062 1556 1211 1637 πρὸς
1251 1557 1455 1638 ἕτερον
1491 1558 1660 1641 ἅγιός
1696 1558 1865 1622 ἔστιν
1904 1557 1937 1620 ὁ
1970 1554 2223 1637 Χριστὸς
2260 1554 2396 1619 οὐδὲ
2433 1552 2605 1633 ξένος

676 1676 781 1754 τῆς
809 1675 1015 1741 οὐσίας
1043 1676 1222 1741 αὐτοῦ
1257 1679 1290 1741 ὁ
1322 1680 1418 1742 διὸ
1445 1678 1798 1758 Πνεύματος
1828 1677 2137 1760 ἆγιασμός.

194 1933 434 1999 Καθὼς
486 1934 604 2011 ἐμὲ
658 1935 1047 2004 ἀπέστειλας
1094 1934 1187 2003 εἰσ
1234 1937 1349 2005 τὸν
1405 1938 1671 2021 κόσμον,
1721 1938 1901 2015 κάΓὼ
1953 1937 2306 2005 ἀπέστειλα
2363 1937 2599 2002 αὐτοὺς
2637 1955 2707 2010 18

123 2088 159 2148 5
300 2055 397 2124 εἰσ
459 2059 572 2128 τόν
636 2064 896 2144 κόσμον,
952 2062 1058 2129 καὶ
1118 2062 1283 2155 ὑπὲρ
1347 2064 1563 2132 αὐτῶν
1627 2064 1759 2141 ὲΓὼ
1828 2063 2067 2155 ezr-2630>
2134 2061 2439 2145 ἐμαυτὸν,
2491 2063 2598 2129 ἵνα
2637 2094 2709 2151 19

299 2182 425 2252 ὦσι
481 2185 587 2252 καὶ
641 2188 824 2254 αὐτοὶ
880 2190 1254 2267 ἡγιασμένοι
1305 2192 1377 2257 ὲν
1430 2189 1730 2282 ἀληθείᾳ.
2630 2196 2673 2261 b

298 2404 661 2488 ‘'APION
716 2408 1085 2508 ὀνομάσας
1140 2408 1469 2509 μάλιστα
1525 2413 1679 2490 νυνὶ
1721 2444 1849 2490 τον
1892 2409 2203 2511 Πατέρα,
2240 2413 2591 2510 διατηρεῖ-

188 2531 385 2612 σθαί
429 2565 505 2613 τε
558 2529 721 2617 τοὺς
773 2532 1097 2636 μαθητὰς
1152 2532 1518 2638 ἐρωτήσας
1567 2536 1643 2614 ἐν
1692 2532 2016 2640 ἀληθείᾳ,
2070 2530 2463 2628 τουτέστιν,
2520 2534 2595 2612 ἐν

187 2664 299 2768 τῷ
354 2661 506 2769 ιδίῳ
546 2660 940 2762 Πνεύματι·
1020 2698 1104 2744 το
1160 2660 1302 2766 γὰρ
1346 2659 1642 2761 Πνεῦμά
1694 2664 1896 2741 ἐστιν
1940 2662 1986 2761 ἡ
2032 2659 2357 2760 ἀλήθεια,
2414 2658 2596 2739 κατὰ
2692 2699 2933 2750 18J0an.

88 2826 162 2867 10
187 2783 328 2884 τὴν
383 2742 718 2867 Ἰωάννου
763 2784 1035 2895 φωνὴν,
1090 2789 1237 2868 ἐπεὶ
1289 2789 1406 2867 καὶ
1456 2791 1758 2885 Πνεῦμα
1808 2789 1934 2886 τῆς
1981 2786 2317 2884 ἀληθείας
2371 2787 2594 2881 ἐστιν,
2684 2765 2849 2909 ἔῇξη

190 2909 415 2989 αὐτοῦ
452 2909 786 3010 δηλονότι
822 2918 948 2991 τοῦ
979 2917 1463 3014 Μονογενοῦς·
1521 2910 2045 2992 ἀπεσταλκέναι
2084 2913 2317 3014 φησὶν
2357 2903 2593 2994 aino&
2685 2912 2786 2945 xv..
2811 2909 2885 2959 ¹³·

189 3035 272 3112 ἐν
324 3037 430 3139 τῷ
487 3032 730 3141 κόσμῳ
785 3033 969 3114 κατὰ
1022 3036 1329 3134 μίμησιν
1383 3038 1510 3132 τῆς
1567 3035 1822 3117 οἰκείας
1877 3035 2326 3133 ἀποστολῆς·
2406 3028 2589 3111 ἀπό·
2685 3047 2819 3163 ξίοῑ).
2842 3049 2915 3098 iii·

189 3168 469 3242 στολος
538 3156 683 3259 γὰρ
746 3162 863 3238 καὶ
935 3156 1296 3264 ἀρχιερεὺς
1359 3162 1487 3258 τῆς
1561 3158 1955 3260 ὁμολογίας
2027 3157 2232 3263 ἡμῶν
2299 3155 2593 3258 γέγονεν
2722 3150 2735 3163 ’

188 3281 501 3380 Ἰησοῦς,
538 3280 721 3361 κατὰ
773 3281 907 3382 τὴν
960 3291 1089 3363 τοῦ
1129 3281 1432 3362 Παύλου
1482 3280 1754 3386 φωνὴν,
1798 3279 1979 3362 κατά
2034 3314 2119 3381 γε
2173 3278 2259 3360 τὸ
2315 3280 2592 3382 πρέπον
2617 3314 2655 3359 ο

86 3437 162 3498 15
191 3408 286 3509 τῇ
323 3404 821 3507 ἀνθρωπότητι
856 3410 1111 3511 σχῆμα
1158 3409 1274 3487 καὶ
1311 3410 1415 3513 τῷ
1458 3409 1584 3503 τῆς
1639 3404 2003 3488 κενώσεως
2059 3401 2325 3512 τρόπῳ·
2399 3436 2586 3506 προ-

190 3530 762 3631 κεχειρισμένους
800 3529 874 3611 δὲ
920 3526 1130 3638 ἅπαξ
1160 3534 1256 3614 εἶς
1300 3536 1511 3608 τοῦτο
1557 3525 1722 3613 τοὺς
1770 3525 2119 3627 μαθητὰς,
2169 3531 2452 3607 δεῖσθαι
2500 3523 2593 3626 δὴ

190 3650 483 3737 πάντως
530 3661 660 3734 τοῦ
710 3651 1135 3757 ἁγιάζεσθαί
1174 3660 1365 3760 φησι
1406 3650 1605 3756 παρὰ
1642 3659 1771 3732 τοῦ
1807 3652 2016 3754 ἁγίου
2056 3650 2367 3756 Πατρός,
2404 3652 2586 3733 ἐνοι-

193 3774 508 3879 κίζὸντος
556 3778 793 3862 αὐτοῖς
844 3777 1179 3878 δηλονότι
1218 3775 1303 3858 δι’
1342 3780 1524 3858 ’Υἱοῦ
1558 3775 1644 3855 τὸ
1684 3781 1986 3875 Πνεῦμα
2021 3775 2107 3857 τὸ
2130 3777 2419 3879 Ἀγιον·
2477 3781 2596 3857 καὶ

191 3899 338 4006 γάρ
390 3936 500 3982 τοι
555 3900 737 3982 κατὰ
785 3901 1126 4004 ἀλήθειαν
1162 3902 1290 3983 οὐκ
1346 3898 1436 3983 ἂν
1471 3906 1568 3987 είς
1624 3908 1835 3982 τοῦτο
1891 3899 2365 4008 φαιδρότητος
2419 3902 2590 4006 ἀφί-

83 4063 166 4104 20
192 4024 406 4127 ιςοντό
448 4059 626 4107 ποτε
659 4034 789 4107 τοῦ
829 4029 1166 4129 Σωτῆρος
1210 4031 1277 4106 οἱ
1325 4029 1663 4125 μαθηταὶ,
1704 4029 1802 4111 ὡς
1850 4024 2029 4125 ὅλης
2080 4025 2419 4128 γενέσθω
2468 4030 2596 4125 τῆς

189 4148 599 4250 οἰκουμένης
654 4153 1058 4257 φωστῆρες,
1115 4151 1286 4228 ἀλλ’
1345 4149 1495 4229 οὐδ’
1559 4146 1652 4229 ἂν
1706 4149 2061 4253 ἀντέσχον
2119 4146 2302 4251 πρὸς
2360 4147 2454 4226 τὰ
2516 4150 2593 4227 ἐκ

191 4282 338 4357 τῶν
387 4272 878 4379 πειραζόντων,
929 4271 1087 4372 ἤτοι
1142 4282 1270 4355 τοῦ
1317 4272 1668 4369 διαβόλου
1719 4274 2136 4373 δυσάντητα
2181 4269 2457 4371 βλάβη,
2502 4274 2593 4377 τῇ
2619 4289 2662 4353 d

191 4408 322 4481 τοῦ
360 4397 782 4498 Πνεύματος
835 4399 1181 4505 μετουσίᾳ
1231 4396 1332 4498 μὴ
1382 4398 1992 4504 διαπεφραγμένοι
2045 4395 2173 4476 τὸν
2228 4402 2418 4486 νοῦν,
2476 4397 2594 4474 καὶ

416 4608 519 4664 ¹-3
542 4609 652 4648 om.
681 4593 744 4648 E.
1016 4606 1174 4664 7-15.
1211 4592 1337 4648 citat
1361 4610 1416 4664 p.
1692 4605 1776 4660 15.
1811 4593 1902 4662 τῆς·
1923 4591 2303 4663 ἆνθροπότητος
2325 4607 2362 4661 p
