3238 5158
592 345 714 408 102
1195 343 1271 408 Β.
1321 341 1744 407 CYRILLI
1801 342 2386 408 ALEXANDR.
2733 340 2870 405 viii.
2891 340 3004 421 46.

587 516 908 611 λογικῶν
928 511 1003 590 ἐν
1024 507 1182 608 ἤθει
1208 511 1325 588 καὶ
1351 505 1645 612 τρόποις
1675 510 1927 611 ὁρᾶται
1954 506 2039 589 τὸ
2067 505 2442 612 συγγενὲς,
2459 507 2634 610 ὅπερ
2656 505 2745 587 ἂν
2768 507 3006 611 ἔχοιεν

587 633 768 735 πρός
805 667 885 713 τε
921 632 1295 733 ἀλλήλους
1342 638 1438 716 εἰς
1489 629 1619 712 τὸν
1658 631 1953 732 ἁπάσης
2001 633 2249 717 κακίας
2295 632 2575 735 πατέρα
2619 629 2997 725 διάβολον·

590 758 708 837 ε’πὶ
745 755 821 834 δὲ
855 763 983 835 τοῦ
1024 762 1485 859 Μονογενοῦς
1520 752 1744 854 μόνον
1781 761 1878 839 εἰς
1921 753 2158 836 εἰκόνα
2208 764 2337 836 τοῦ
2391 756 2876 860 θεωρουμένου
2913 753 3002 834 τὸ

589 886 895 983 πρᾶγμα
959 880 1269 986 ληφθέν·
1357 882 1526 982 παρ’
1589 880 1811 958 αὐτοῦ
1884 880 2027 982 γὰρ
2089 877 2379 964 πάντως
2440 879 3003 981 ἀπαραποιήτως

591 1002 1133 1108 σχηματίζεται·
1221 1003 1306 1084 τὸ
1381 1002 1525 1105 γὰρ
1603 1000 1919 1110 ὀμοφυές
1991 1005 2188 1111 αὐτῷ
2258 1002 2441 1107 πρὸς
2513 1001 2643 1082 τὸν
2702 1002 3000 1104 Πατέρα
3031 1031 3070 1091 5

593 1127 910 1233 φυσικόν
958 1160 1036 1205 τε
1093 1129 1209 1207 καὶ
1265 1127 1633 1211 οὐσιῶδες·
1697 1129 1785 1233 ἐξ
1836 1128 2056 1206 αὐτοῦ
2111 1124 2255 1230 γὰρ
2312 1123 2657 1230 ὑπάρχων
2706 1129 3003 1225 ἀληθῶς

525 1269 569 1334 d
593 1249 770 1349 μετὰ
826 1255 953 1351 τῆς
1008 1249 1194 1330 κατὰ
1249 1249 1479 1356 φύσιν
1523 1250 1870 1349 ἰδιότητος
1922 1249 2164 1330 πάντα
2218 1249 2404 1354 ἔχων
2449 1248 2544 1329 τὰ
2598 1251 2836 1346 αὐτοῦ,
2882 1253 3002 1330 καὶ

593 1378 721 1474 τῆς
785 1376 1161 1482 ἐμφερείας
1220 1379 1348 1474 τῆς
1408 1380 1505 1458 εἰς
1563 1371 1849 1454 ἅπαντα
1907 1372 2040 1472 τὴν
2094 1374 2477 1476 ἀκρότητα,
2531 1372 2827 1481 μορφὴν
2881 1377 3002 1454 καὶ

594 1497 830 1578 εἰκόνα
886 1502 1003 1577 καὶ
1057 1494 1429 1603 χαρακτὴρ
1487 1500 1737 1601 ὁρᾶται
1793 1505 1921 1576 τοῦ
1978 1497 2370 1604 φύσαντος.
2465 1496 2706 1598 ἐπειδὴ
2758 1498 3003 1578 τοίνυν

595 1622 873 1725 ἀληθὴς
911 1624 951 1701 5
992 1621 1275 1724 Πατὴρ,
1314 1620 1618 1722 ἀλήθεια
1657 1618 1947 1706 πάντως
1983 1623 2100 1701 καὶ
2137 1623 2178 1700 5
2215 1621 2304 1729 ἐξ
2333 1622 2573 1718 αὐτοῦ,
2604 1620 3002 1721 τουτέστιν,
3033 1650 3108 1693 10

596 1747 637 1826 5
671 1744 1022 1850 Χριστός.

491 1947 570 2017 46
1022 1952 1137 2018 Τίς
1192 1953 1263 2023 ἐξ
1318 1953 1500 2031 ὑμῶν
1553 1953 1805 2041 ὲλέΓχει
1857 1976 1938 2030 με
1991 1952 2143 2043 περὶ
2196 1951 2560 2041 &nup-rium

710 2116 877 2196 Οὐκ.
927 2115 1361 2224 ἐλέγχεσθαι
1414 2120 1971 2220 προσδοκῶντος
2025 2117 2070 2217 ἡ
2125 2115 2494 2218 ἐρώτησις,
2543 2120 3005 2221 ἀναιροῦντος

597 2237 676 2319 δὲ
755 2246 1045 2338 μᾶλλον
1122 2244 1240 2321 καὶ
1321 2238 1887 2349 ἀποφάσκοντος
1968 2246 2344 2325 παντελῶς
2423 2237 2508 2322 τὸ
2588 2250 3006 2344 περιπεσεῖν

538 2391 575 2434 θ
596 2366 906 2471 ἀμαρτια
966 2363 1319 2445 δύνασθαι
1377 2364 1506 2446 τὸν
1559 2366 1639 2445 ἐκ
1695 2369 1887 2444 Θεοῦ
1948 2362 2327 2471 πεφηνότα
2381 2364 2573 2444 Θεὸν
2627 2363 2999 2465 ἀληθινόν·
3035 2385 3105 2448 15

598 2489 953 2590 ἁμαρτίαν
1007 2521 1150 2592 γαρ
1219 2489 1347 2567 οὐκ
1409 2489 1748 2590 ε’ποίησεν
1804 2488 1844 2567 5
1899 2486 2252 2592 Χριστός.
2353 2484 2610 2569 ἅπασα
2671 2485 2804 2588 μὲν
2861 2487 3006 2640 γὰρ

597 2614 909 2716 ἁμαρτία
961 2647 1040 2692 εκ
1094 2616 1563 2717 παρατροπῆς
1609 2617 1739 2713 τῆς
1788 2613 1933 2694 ἀπὸ
1987 2622 2115 2693 τοῦ
2169 2612 2542 2708 βελτίονος
2596 2615 2710 2694 ἐπι
2761 2609 2849 2693 τὸ
2902 2612 3006 2713 μὴ

596 2738 818 2820 οὕτως
862 2736 1030 2842 ἔχον
1066 2734 1426 2838 λαμβάνει
1476 2735 1609 2835 τὴν
1646 2734 1952 2839 γε’νεσιν,
1989 2738 2371 2819 ἐντίκτεται
2420 2735 2497 2817 δὲ
2545 2742 2694 2820 τοῖς
2740 2736 2996 2838 τρέπε-

595 2866 773 2940 σθαι
834 2860 1224 2966 πεφυκόσι,
1295 2863 1413 2941 καὶ
1478 2859 1947 2945 ἀλλοιώσεως
2022 2865 2150 2960 τῆς
2224 2862 2335 2967 ἐφ’
2398 2856 2446 2939 ἃ
2507 2858 2609 2960 μὴ
2674 2863 3004 2961 προσῆκε

595 2985 956 3069 δεκτικοῖς.
1044 2992 1202 3069 πῶς
1256 2982 1349 3065 ἂν
1404 2985 1530 3064 οὖν
1587 2991 1822 3064 νοοῖτο
1878 2988 1996 3065 καὶ
2052 2985 2394 3086 ἁμαρτεῖν
2448 2984 2490 3062 5
2545 2982 2821 3087 τροπὴν
2875 2983 3006 3063 οὐκ
3032 3013 3104 3054 20

594 3107 814 3204 εἰδὼς,
887 3108 1047 3189 οὐδὲ
1121 3108 1589 3192 ἀλλοιώσεως
1660 3112 1790 3208 τῆς
1867 3108 1990 3189 ἐπί
2055 3142 2128 3187 τι
2199 3114 2345 3187 τῶν
2419 3108 2504 3187 οὐ
2579 3103 3008 3210 πρεπόντων

598 3228 933 3327 δεκτικὸς,
1007 3230 1407 3330 ἀκλόνητος
1486 3230 1561 3312 δὲ
1648 3237 1944 3330 μᾶλλον
2015 3238 2164 3315 τοῖς
2237 3232 2438 3316 ἰδίοις
2511 3228 3007 3338 ἐμπεφυκόσιν
3231 3201 3234 3364 ἱ

596 3354 914 3451 ἀγαθοῖς,
972 3357 1089 3432 καὶ
1145 3356 1229 3433 οὐ
1283 3357 1452 3457 παρ’
1506 3356 1751 3459 ἑτέρου
1804 3354 2015 3452 τινὸς,
2072 3352 2246 3434 ἀλλ’
2298 3354 2386 3462 ἐξ
2436 3356 2735 3452 ἑαυτοῦ;
2816 3356 3001 3433 ἀνα-

259 3502 392 3558 565
410 3501 491 3557 Δ.
533 3515 571 3557 a
594 3473 1028 3555 πυνθάνεται
1065 3483 1448 3579 τοιγαροῦν
1481 3476 1850 3558 Ἰουδαίων
1886 3479 1927 3557 5
1969 3477 2256 3581 Κύριος,
2294 3477 2488 3582 εἴπερ
2526 3477 2716 3561 ὅλως
2751 3476 3007 3582 ἔχουσι

597 3596 996 3700 διελέγχειν
1051 3597 1268 3678 αὐτὸν
1325 3609 1466 3707 περὶ
1525 3605 1905 3709 ἁμαρτίας.
2001 3604 2120 3681 καὶ
2177 3603 2218 3680 5
2273 3599 2405 3701 μὲν
2459 3600 2686 3703 λόγος
2744 3603 2785 3681 5
2839 3603 3004 3704 περὶ
3033 3623 3106 3686 ²5

595 3719 853 3802 τούτου
907 3723 1025 3801 καὶ
1080 3722 1263 3801 κατὰ
1316 3722 1590 3808 παντὸς
1645 3720 1736 3804 ἂν
1787 3724 2015 3826 διήκοι
2069 3724 2691 3826 πλημμελήματος
2748 3727 2865 3806 ἐπὶ
2920 3722 3005 3805 τὸ

596 3845 917 3926 καθόλου
981 3848 1311 3952 ληφθείς·
1381 3844 1581 3946 πλὴν
1636 3853 1741 3956 τῷ
1802 3849 2242 3956 προκειμένῳ
2304 3848 2726 3952 πρεπόντως
2786 3846 3007 3928 αὐτὸν

596 3966 1133 4074 ἐφαρμόζοντες,
1171 3970 1255 4050 οὐ
1303 3973 1466 4074 περὶ
1515 3968 1764 4071 πάσης
1815 3969 2054 4080 φαμὲν
2091 3972 2444 4075 ἁμαρτίας
2486 3970 2776 4076 ἔρεσθαι
2824 3970 3008 4075 πρὸς

677 4206 861 4275 Βῆθει
887 4207 952 4261 Β.
956 4226 1005 4262 ο..
1031 4207 1185 4278 ἤθεσι
1211 4206 1393 4263 Holst.
1418 4207 1521 4264 Ed.
1593 4211 1776 4284 ὥσπερ
1804 4210 2011 4302 Migne.
2156 4225 2205 4265 2.
2234 4208 2333 4283 εἰς]
2362 4211 2576 4285 conjicit
2597 4212 2682 4266 και
2705 4212 2780 4270 εἰς
2806 4213 3008 4305 Heyse.

599 4292 658 4367 3.
690 4278 848 4344 μόνον
870 4278 944 4333 εἰς
971 4277 1035 4334 Β.
1065 4279 1161 4334 Ht.
1183 4281 1343 4348 μόνου
1367 4280 1514 4335 Aub.
1751 4300 1803 4348 4.
1819 4302 1944 4407 8παρ
1942 4280 2144 4336 ἀὐτοῦ
2167 4281 2314 4337 edidi
2336 4281 2549 4337 favente
2573 4282 2662 4340 He
2698 4300 2774 4338 se.
2799 4283 2863 4339 οὗ
2883 4283 3005 4355 παρ’

598 4346 758 4436 αὐτοῦ
785 4347 850 4401 Β.
877 4349 939 4401 οὗ
961 4347 1082 4419 παρ’
1106 4348 1267 4403 αὐτοῦ
1297 4349 1391 4405 Ht.
1422 4350 1526 4407 Ed.
2089 4353 2227 4407 νκαὶ
2250 4352 2432 4407 εἰκῶνα
2458 4352 2524 4408 Β.
2597 4359 2637 4384 “

599 4417 683 4471 καὶ
708 4417 880 4471 εἰκῶν’
885 4418 1126 4490 ’.Ηογεο
1380 4436 1465 4476 22.
1501 4420 1688 4477 ἀκλο’
1635 4444 1795 4492 νητως
1818 4439 1866 4476 a.
1819 4303 2198 4477 ὃὸζὲφζίωῆ.
2318 4424 2604 4497 μπεφνκὸς
2625 4441 2675 4479 a.
2701 4424 2825 4480 Cat·
2911 4427 3009 4482 arl-

600 4502 689 4554 24.
723 4486 988 4544 uvanto»,
1010 4489 1259 4544 emendat
1285 4488 1484 4562 Heyse.
1510 4491 1711 4548 ιουδέον
1738 4492 1803 4548 Β.
1829 4492 2111 4552 Ἰουδαίους
2139 4492 2237 4550 Ht.
2263 4445 2398 4550 Εᾱμπ
2558 4510 2643 4566 27.
2681 4495 2842 4552 αὐτὸν
2864 4495 3010 4552 edidi

596 4584 930 4657 approbante
957 4585 1156 4659 Heyee.
1179 4575 1336 4644 αὐτῶν
1362 4585 1428 4641 Β.
1452 4587 1590 4643 αὑτῶ
1619 4587 1721 4644 Ht.
1746 4587 1852 4644 Ed.
