3238 5158
197 343 437 405 xv.14,
464 340 561 411 15.
627 324 740 389 IN
802 326 867 391 S.
917 327 1430 396 JOANNEM.
1524 328 1713 396 LIB.
1764 330 1844 394 X.
1937 329 2141 394 CAP.
2188 328 2283 393 II.
2461 326 2582 390 581

199 497 243 534 ‘⁶
282 490 591 586 αι’ὣνος,”
653 492 768 570 καὶ
804 489 897 570 τὰ
931 493 1007 571 ἐν
1040 489 1373 598 ἐσχάτοις
1413 493 1726 592 ἐσόμενα
1764 501 2050 596 καιροῖς,
2079 492 2190 573 ὅτι
2222 497 2369 571 τῶν
2396 492 2591 570 ἰδίων

196 609 711 717 ἀπολήψονται
782 610 1023 696 πόνων
1087 614 1252 700 τοὺς
1317 615 1646 714 μισθοὺς,
1710 620 1825 696 καὶ
1898 621 2024 715 τῆς
2096 621 2192 700 εἰς
2259 613 2590 717 Χριστὸν

195 736 564 830 εὐσεβείας
638 740 1205 836 ἀντικομιοῦνται
1277 739 1409 840 τὴν
1463 739 1799 842 ἀμοιβήν.
1899 742 2150 821 οὐκοῦν
2208 738 2466 819 δίκαιοί
2513 772 2588 819 τε
2614 772 2649 812 a
2703 757 2831 813 891
2849 756 2928 811 A.

195 861 318 939 καὶ
376 861 581 966 φίλοι
633 866 824 943 Θεοῦ
879 873 1434 1010 χρηματιοῦμεν,
1493 863 1813 967 καθάπερ
1860 863 2227 967 Αβραοίμ.
2300 865 2594 966 ἀρχαιο-

114 1009 163 1071 5
196 984 369 1084 τέρα
406 983 480 1066 δὲ
518 983 817 1090 σφόδρα
870 992 997 1088 τῆς
1055 993 1345 1087 νομικῆς
1398 989 1763 1072 πολιτείας·
1799 989 1843 1089 ἡ
1888 985 2338 1092 εὖαγγελικὴ,
2375 1021 2589 1067 τουτ-

197 1107 423 1205 έστιν,
475 1108 520 1208 ἡ
576 1109 692 1189 διὰ
742 1112 1055 1197 πίστεως
1104 1148 1217 1192 και
1271 1113 1520 1220 φιλιάς
1566 1115 1855 1211 Θεοῦ,’
1819 1147 1894 1192 εν
1944 1113 2208 1219 πρώτῳ
2258 1108 2390 1211 μὲν
2433 1110 2593 1191 τότε

200 1233 805 1334 διαπεπλασμένη
859 1242 962 1343 τῷ
994 1236 1359 1339 Αβραάμ,
1417 1239 1512 1320 ὡς
1568 1240 1644 1316 ἐν
1692 1241 1882 1341 ἀρχῇ
1936 1244 2064 1316 τοῦ
2119 1234 2300 1316 κατὰ
2354 1234 2598 1337 σάρκα

198 1354 472 1456 γένους,
524 1357 854 1439 τουτέστι
910 1370 1038 1440 τοῦ
1088 1359 1424 1463 Ἰσραήλ·
1506 1360 1851 1465 ἐρχομένη
1909 1359 1984 1439 δὲ
2043 1363 2215 1455 νυνὶ,
2272 1359 2596 1461 καθᾶπερ

199 1480 284 1559 ἐκ
337 1478 565 1561 τύπου
619 1480 800 1586 πρὸς
851 1482 1216 1584 ἀλήθειαν,
1271 1482 1731 1586 πληρουμένη
1788 1518 1863 1563 τε
1931 1490 2170 1566 καλῶς
2229 1485 2304 1562 ἐν
2364 1485 2597 1567 αὐτοῖς

82 1643 170 1684 10
200 1610 352 1684 τοῖς
389 1604 618 1706 ἁγίοις
650 1612 1033 1707 μαθηταῖς,
1076 1610 1172 1694 ὡς
1208 1611 1285 1687 ἐν
1327 1611 1621 1712 ἀπαρχῇ
1656 1616 1785 1689 τοῦ
1824 1605 2005 1688 κατὰ
2030 1615 2309 1706 πνεῦμα
2337 1605 2601 1708 γένους,

201 1733 335 1806 τοῦ
391 1729 507 1810 καὶ
560 1732 1145 1831 περιποιουμένου
1200 1739 1296 1814 εἰς
1351 1731 1808 1835 περιποίησιν
1844 1739 2054 1829 λαοῦ,
2098 1728 2175 1815 ὃς
2233 1734 2350 1810 καὶ
2403 1730 2602 1814 ἔθνος
2691 1720 2924 1851 {iffi-¹³⁹⁶·

204 1848 414 1951 ἅγιον
485 1857 603 1932 καὶ
675 1857 1057 1946 βασίλειον
1132 1856 1504 1958 ἱεράτευμα
1575 1855 2208 1958 προσαγορεύεται·
2304 1853 2413 1935 διὸ
2485 1857 2602 1934 καὶ
2624 1876 2666 1940 b

205 1973 393 2075 πρὸς
446 1975 577 2077 τὴν
631 1983 775 2057 τῶν
812 1981 1177 2062 Ἰουδαίων
1232 1980 1522 2083 μητέρα,
1564 1985 1748 2086 φημὶ
1807 1978 1895 2079 δὴ
1952 1978 2086 2078 τὴν
2126 1978 2599 2079 Συναγωγὴν,

205 2097 329 2180 διὰ
376 2103 504 2200 τῆς
553 2109 679 2181 τοῦ
716 2101 1142 2208 ψάλλοντος
1159 2103 1445 2258 εἴρηται
1477 2106 1727 2257 φωνῆς
1780 2114 1822 2150 “
1848 2105 2054 2183 Ἀντὶ
2097 2110 2242 2183 τῶν
2277 2102 2622 2205 πατέρων,
2694 2095 2780 2225 ij
2797 2095 2918 2145 ὢν·

89 2255 171 2314 15
205 2234 255 2271 “
292 2259 433 2305 σου
487 2224 932 2326 ἐγενήθησαν
988 2233 1054 2308 οἱ
1113 2229 1252 2307 υἱοί
1300 2263 1469 2307 σου.
1598 2227 1822 2307 καίτοι
1881 2226 2022 2331 γὰρ
2060 2227 2259 2313 ὅντες
2309 2231 2442 2307 υιοὶ
2476 2231 2603 2328 τῆς

202 2349 574 2430 Ἰουδαίων
606 2355 1039 2453 συναγωγῆς
1077 2386 1141 2430 οι
1182 2350 1556 2432 θεσπέσιοι
1603 2355 1943 2450 μαθηταί·
2011 2352 2208 2432 ἔθεσι
2259 2350 2401 2454 γὰρ
2438 2354 2597 2431 ἀνε-

201 2470 601 2578 τράφησαν
661 2480 807 2558 τοῖς
879 2479 1364 2557 Μωυσαῖκοῖς·
1462 2473 1848 2576 γεγόνασιν
1914 2481 2011 2560 εἰς
2084 2475 2416 2578 πατέρας,
2476 2475 2606 2573 τὴν

201 2606 341 2679 τοῦ
375 2597 720 2701 Ἀβραὰμ
773 2598 1146 2703 ἐπέχοντες
1191 2596 1419 2705 τάξιν,
1447 2603 1573 2678 καὶ
1618 2599 1865 2700 γένους
1913 2596 2098 2703 ἀρχὴ
2148 2598 2607 2700 κατέστησαν

204 2730 342 2804 τοῦ
377 2731 874 2821 πνευματικοῦ,
903 2721 1243 2827 ἄρχοντές
1278 2756 1355 2801 τε
1396 2720 1513 2800 διὰ
1548 2731 1761 2801 τοῦτο
1792 2718 2395 2826 κεχειροτόνηνται
2426 2719 2607 2802 κατὰ

94 2885 180 2928 20
205 2852 466 2928 πᾶσαν
541 2844 673 2945 τὴν
748 2844 1157 2944 οἰκουμένην
1230 2851 1753 2948 ἱερουργοῦντες
1826 2842 1910 2925 τὸ
1987 2842 2408 2947 εὐαγγέλιον
2481 2852 2608 2925 τοῦ
2632 2875 2668 2917 c

205 2975 570 3071 Χριστοῦ,
599 2968 921 3072 καθάπερ
949 2972 1204 3054 ἐκεῖνος
1239 2971 1316 3048 ἐν
1341 2967 1544 3077 τύπῳ
1574 2974 1905 3069 Χριστοῦ
1931 2966 2060 3048 τὸν
2093 2967 2370 3050 Ἰσαάκ.
2441 2979 2609 3049 ταῦ-

203 3092 312 3176 τά
346 3104 605 3201 φαμεν,
643 3096 802 3200 οὐχὶ
837 3098 965 3194 τῆς
998 3095 1469 3199 ὀφειλομένης
1516 3094 1710 3200 αὐτῷ
1764 3095 1878 3172 καὶ
1929 3091 2346 3195 πρεπούσης
2396 3090 2611 3200 δόξης

206 3219 361 3327 ἔξω
410 3218 718 3302 τιθέντες
760 3217 888 3298 τὸν
944 3217 1293 3320 μακάριον
1327 3216 1692 3320 Ἀβραὰμ,
1729 3218 1898 3296 ἀλλ’
1940 3219 2037 3300 ὡς
2082 3220 2157 3295 ἐν
2212 3216 2416 3324 τύπῳ
2462 3222 2608 3296 δει-

204 3342 545 3427 κνύοντες
596 3345 673 3422 ἐν
720 3345 913 3450 αὐτῷ
966 3340 1059 3421 τὰ
1113 3345 1189 3422 ἐν
1226 3340 1561 3446 ἐσχάτοις
1599 3348 1868 3443 καιροῖς
1912 3341 2463 3441 οἱκονομηθέντα
2501 3341 2616 3421 διὰ
2661 3396 2666 3404 -

88 3489 176 3574 ‘25
205 3474 574 3570 Χριστοῦ.
676 3466 1066 3570 παρέπεται
1140 3465 1377 3544 τοίνυν
1441 3468 1557 3545 καὶ
1619 3464 2076 3568 συνέζευκταί
2129 3499 2284 3548 πως
2350 3470 2441 3569 τῇ
2498 3463 2612 3542 διὰ

203 3591 530 3677 πίστεως
581 3590 973 3697 ἐλευθερίᾳ,
1017 3588 1101 3670 τὸ
1150 3594 1278 3688 τῆς
1324 3587 1505 3691 πρὸς
1552 3586 1746 3669 Θεὸν
1782 3589 2031 3694 φιλίας
2075 3588 2390 3695 ἀξίωμα,
2434 3584 2613 3688 ὅπερ

205 3712 437 3821 ὤφθη
484 3712 617 3813 μὲν
666 3717 741 3795 ἐν
786 3714 1050 3822 πρώτῳ
1098 3712 1260 3793 τότε
1312 3718 1415 3820 τῷ
1446 3712 1816 3815 Ἀβραάμ·
1897 3715 2047 3792 νυνὶ
2101 3710 2176 3792 δὲ
2233 3709 2481 3810 πάλιν,
2521 3714 2617 3795 ὡς

207 3844 298 3921 ἐν
349 3843 647 3945 ἀπαρχῇ
700 3845 848 3922 τοῖς
902 3839 1133 3938 ἁγίοις
1181 3841 1549 3937 μαθηταῖς.
1626 3838 2120 3940 παρακομίσαι
2170 3835 2260 3914 δέ
2297 3869 2453 3919 πως
2506 3837 2619 3914 ἐπὶ
2644 3842 2689 3908 d

205 3963 307 4046 τὸ
375 3971 601 4044 ταῦτα
676 3966 936 4069 χρῆναι
1010 3960 1244 4063 λέγειν
1306 3961 1492 4059 ἡμᾶς
1565 3960 1606 4038 ὀ
1681 3960 2072 4044 θεσπεσιος
2140 3963 2461 4056 Παῦλος,
2535 3961 2621 4038 οὐ

102 4129 184 4186 30
206 4089 518 4190 μετρίως
576 4093 725 4171 τοῖς
794 4084 1159 4168 Ἰουδαίοις
1229 4089 1674 4188 φιλονεικῶν,
1752 4117 1860 4162 οτι
1935 4086 2063 4183 τῆς
2136 4080 2321 4161 κατὰ
2393 4079 2620 4178 νόμον

208 4210 673 4310 δικαιοσύνης
717 4207 1179 4312 πρεσβυτέρα
1231 4208 1399 4288 λίαν
1434 4209 1637 4287 ἐστὶν
1673 4208 1720 4308 ἡ
1762 4210 1836 4286 ἐκ
1887 4206 2225 4290 πίστεως.
2301 4204 2419 4286 ὅτε
2474 4204 2620 4307 γὰρ

305 4524 387 4560 11.
423 4501 797 4573 πεποιουμίνου
821 4501 946 4573 (εἰσ)
971 4500 1038 4556 Ε.
1495 4514 1577 4570 15.
1614 4496 1935 4583 ἔγενῇθησαν
1961 4498 2028 4554 Ε.
2052 4498 2256 4569 (Alex.)
2283 4495 2630 4569 εγεννὴθησον

220 4575 332 4634 Ed.
356 4574 537 4646 (Vnt.)
969 4571 1055 4628 26.
1091 4570 1301 4646 φιλίας]
1336 4579 1391 4638 -1-
1424 4572 1484 4627 τὸ
1514 4570 1813 4627 Ed.1nvito
1841 4568 1906 4625 E.
