<?xml version="1.0" encoding="UTF-8"?>
<!DOCTYPE html PUBLIC "-//W3C//DTD XHTML 1.0 Transitional//EN"
    "http://www.w3.org/TR/xhtml1/DTD/xhtml1-transitional.dtd">
<html xmlns="http://www.w3.org/1999/xhtml" xml:lang="en" lang="en">
 <head>
  <title>
</title>
<meta http-equiv="Content-Type" content="text/html;charset=utf-8" />
  <meta name='ocr-system' content='tesseract 3.04.00' />
  <meta name='ocr-capabilities' content='ocr_page ocr_carea ocr_par ocr_line ocrx_word'/>
</head>
<body>
  <div class='ocr_page' id='page_1' title='image "./sanctipatrisnos03pusegoog_0386.png"; bbox 0 0 3238 5158; ppageno 0'>
   <div class='ocr_carea' id='block_1_1' title="bbox 594 297 3061 380">
    <p class='ocr_par' dir='ltr' id='par_1_1' title="bbox 594 297 3061 380">
     <span class='ocr_line' id='line_1_1' title="bbox 594 297 3061 380; baseline -0.002 -19"><span class='ocrx_word' id='word_1_1' title='bbox 594 297 727 363; x_wconf 80' lang='lat'>374</span> <span class='ocrx_word' id='word_1_2' title='bbox 1206 299 1286 364; x_wconf 90' lang='grc' dir='ltr'>Β.</span> <span class='ocrx_word' id='word_1_3' title='bbox 1334 298 1760 364; x_wconf 85' lang='lat' dir='ltr'><strong>CYRILLI</strong></span> <span class='ocrx_word' id='word_1_4' title='bbox 1818 298 2397 365; x_wconf 88' lang='lat' dir='ltr'>ALEXANDR.</span> <span class='ocrx_word' id='word_1_5' title='bbox 2743 297 2903 362; x_wconf 78' lang='lat' dir='ltr'><strong>xiii.</strong></span> <span class='ocrx_word' id='word_1_6' title='bbox 2935 315 3061 380; x_wconf 89' lang='lat'>29.</span> 
     </span>
    </p>
   </div>
   <div class='ocr_carea' id='block_1_2' title="bbox 499 554 3056 899">
    <p class='ocr_par' dir='ltr' id='par_1_2' title="bbox 499 554 3056 899">
     <span class='ocr_line' id='line_1_2' title="bbox 499 554 3056 649; baseline 0.001 -29"><span class='ocrx_word' id='word_1_7' title='bbox 499 560 574 619; x_wconf 77' lang='lat'>29</span> <span class='ocrx_word' id='word_1_8' title='bbox 600 556 793 624; x_wconf 70' lang='grc' dir='ltr'>Τινὲς</span> <span class='ocrx_word' id='word_1_9' title='bbox 854 556 926 623; x_wconf 83' lang='grc' dir='ltr'>δὲ</span> <span class='ocrx_word' id='word_1_10' title='bbox 987 557 1283 642; x_wconf 78' lang='grc' dir='ltr'>ἐδόκουν,</span> <span class='ocrx_word' id='word_1_11' title='bbox 1346 559 1491 625; x_wconf 73' lang='grc' dir='ltr'>ἐπεὶ</span> <span class='ocrx_word' id='word_1_12' title='bbox 1559 559 1637 627; x_wconf 86' lang='grc' dir='ltr'>τό</span> <span class='ocrx_word' id='word_1_13' title='bbox 1709 561 2176 640; x_wconf 75' lang='grc' dir='ltr'>Γλωσσόκομον</span> <span class='ocrx_word' id='word_1_14' title='bbox 2239 554 2410 649; x_wconf 84' lang='grc' dir='ltr'>εἶχεν</span> <span class='ocrx_word' id='word_1_15' title='bbox 2470 561 2509 629; x_wconf 85' lang='grc' dir='ltr'>ὁ</span> <span class='ocrx_word' id='word_1_16' title='bbox 2559 558 2861 638; x_wconf 72' lang='grc' dir='ltr'>Ἰούδας,</span> <span class='ocrx_word' id='word_1_17' title='bbox 2929 561 3056 624; x_wconf 81' lang='grc' dir='ltr'>ὅτι</span> 
     </span>
     <span class='ocr_line' id='line_1_3' title="bbox 703 676 3052 777; baseline 0 -29"><span class='ocrx_word' id='word_1_18' title='bbox 703 676 885 748; x_wconf 75' lang='grc' dir='ltr'>εἶπεν</span> <span class='ocrx_word' id='word_1_19' title='bbox 939 684 1121 768; x_wconf 84' lang='grc' dir='ltr'>αὐτῷ</span> <span class='ocrx_word' id='word_1_20' title='bbox 1180 685 1219 750; x_wconf 84' lang='grc' dir='ltr'><strong>ὀ</strong></span> <span class='ocrx_word' id='word_1_21' title='bbox 1266 684 1516 752; x_wconf 68' lang='grc' dir='ltr'>Ἰησοῦς</span> <span class='ocrx_word' id='word_1_22' title='bbox 1558 684 1924 775; x_wconf 71' lang='grc' dir='ltr'>Ἀτόρασον</span> <span class='ocrx_word' id='word_1_23' title='bbox 1990 685 2086 754; x_wconf 84' lang='grc' dir='ltr'>ὧν</span> <span class='ocrx_word' id='word_1_24' title='bbox 2151 686 2375 777; x_wconf 81' lang='grc' dir='ltr'><strong>χρείαν</strong></span> <span class='ocrx_word' id='word_1_25' title='bbox 2435 685 2671 773; x_wconf 81' lang='grc' dir='ltr'>ἔχομεν</span> <span class='ocrx_word' id='word_1_26' title='bbox 2729 681 2835 750; x_wconf 68' lang='grc' dir='ltr'>εἰς</span> <span class='ocrx_word' id='word_1_27' title='bbox 2904 683 3052 750; x_wconf 63' lang='grc' dir='ltr'>τήν</span> 
     </span>
     <span class='ocr_line' id='line_1_4' title="bbox 532 797 2053 899; baseline 0.007 -27"><span class='ocrx_word' id='word_1_28' title='bbox 532 797 576 863; x_wconf 85' lang='lat' dir='ltr'>b</span> <span class='ocrx_word' id='word_1_29' title='bbox 702 808 963 896; x_wconf 70' lang='grc' dir='ltr'>ἑορτήν·</span> <span class='ocrx_word' id='word_1_30' title='bbox 1037 808 1078 874; x_wconf 63' lang='grc' dir='ltr'><em>ἦ</em></span> <span class='ocrx_word' id='word_1_31' title='bbox 1133 803 1270 875; x_wconf 79' lang='grc' dir='ltr'>τοῖο</span> <span class='ocrx_word' id='word_1_32' title='bbox 1323 806 1610 899; x_wconf 70' lang='grc' dir='ltr'>πτωχοῖς</span> <span class='ocrx_word' id='word_1_33' title='bbox 1663 812 1772 879; x_wconf 84' lang='grc' dir='ltr'>ἵνα</span> <span class='ocrx_word' id='word_1_34' title='bbox 1825 836 1885 879; x_wconf 84' lang='grc' dir='ltr'>τι</span> <span class='ocrx_word' id='word_1_35' title='bbox 1937 811 2053 899; x_wconf 76' lang='grc' dir='ltr'>δῷ.</span> 
     </span>
    </p>
   </div>
   <div class='ocr_carea' id='block_1_3' title="bbox 264 989 3128 4315">
    <p class='ocr_par' dir='ltr' id='par_1_3' title="bbox 264 989 3128 2952">
     <span class='ocr_line' id='line_1_5' title="bbox 713 989 3040 1096; baseline 0.003 -28"><span class='ocrx_word' id='word_1_36' title='bbox 713 991 832 1068; x_wconf 87' lang='grc' dir='ltr'>Οὑ</span> <span class='ocrx_word' id='word_1_37' title='bbox 866 989 1225 1075; x_wconf 70' lang='grc' dir='ltr'>συνιέντες</span> <span class='ocrx_word' id='word_1_38' title='bbox 1260 995 1326 1071; x_wconf 80' lang='grc' dir='ltr'>οἱ</span> <span class='ocrx_word' id='word_1_39' title='bbox 1375 993 1692 1093; x_wconf 83' lang='grc' dir='ltr'>μαθηταὶ</span> <span class='ocrx_word' id='word_1_40' title='bbox 1742 999 1871 1073; x_wconf 90' lang='grc' dir='ltr'>τοῦ</span> <span class='ocrx_word' id='word_1_41' title='bbox 1919 990 2147 1096; x_wconf 86' lang='grc' dir='ltr'>λόγου</span> <span class='ocrx_word' id='word_1_42' title='bbox 2196 990 2330 1092; x_wconf 84' lang='grc' dir='ltr'>τὴν</span> <span class='ocrx_word' id='word_1_43' title='bbox 2362 990 2682 1091; x_wconf 77' lang='grc' dir='ltr'>δύναμιν,</span> <span class='ocrx_word' id='word_1_44' title='bbox 2721 992 2844 1072; x_wconf 80' lang='grc' dir='ltr'>ἐπὶ</span> <span class='ocrx_word' id='word_1_45' title='bbox 2882 990 3040 1076; x_wconf 76' lang='grc' dir='ltr'>τὰς</span> 
     </span>
     <span class='ocr_line' id='line_1_6' title="bbox 599 1108 3104 1221; baseline 0.003 -30"><span class='ocrx_word' id='word_1_46' title='bbox 599 1108 933 1211; x_wconf 73' lang='grc' dir='ltr'>συνήθεις</span> <span class='ocrx_word' id='word_1_47' title='bbox 980 1114 1315 1200; x_wconf 79' lang='grc' dir='ltr'>ὑπονοίας</span> <span class='ocrx_word' id='word_1_48' title='bbox 1365 1116 1873 1220; x_wconf 81' lang='grc' dir='ltr'>εὐπετέστερον</span> <span class='ocrx_word' id='word_1_49' title='bbox 1916 1115 2277 1221; x_wconf 76' lang='grc' dir='ltr'>τρέχουσι,</span> <span class='ocrx_word' id='word_1_50' title='bbox 2314 1122 2431 1195; x_wconf 81' lang='grc' dir='ltr'>καὶ</span> <span class='ocrx_word' id='word_1_51' title='bbox 2479 1114 2661 1218; x_wconf 81' lang='grc' dir='ltr'>ἅπερ</span> <span class='ocrx_word' id='word_1_52' title='bbox 2706 1111 2798 1214; x_wconf 84' lang='grc' dir='ltr'>ἦν</span> <span class='ocrx_word' id='word_1_53' title='bbox 2847 1115 3032 1199; x_wconf 78' lang='grc' dir='ltr'>ἔθος</span> <span class='ocrx_word' id='word_1_54' title='bbox 3061 1146 3104 1208; x_wconf 86' lang='grc'>5</span> 
     </span>
     <span class='ocr_line' id='line_1_7' title="bbox 597 1236 3018 1389; baseline 0.002 -75"><span class='ocrx_word' id='word_1_55' title='bbox 597 1238 703 1342; x_wconf 74' lang='grc' dir='ltr'>τῷ</span> <span class='ocrx_word' id='word_1_56' title='bbox 743 1240 1025 1389; x_wconf 85' lang='grc' dir='ltr'>Σωτῆρι</span> <span class='ocrx_word' id='word_1_57' title='bbox 1056 1236 1559 1341; x_wconf 80' lang='grc' dir='ltr'>προστάττειν,</span> <span class='ocrx_word' id='word_1_58' title='bbox 1594 1248 1821 1319; x_wconf 87' lang='grc' dir='ltr'>ταῦτα</span> <span class='ocrx_word' id='word_1_59' title='bbox 1872 1238 2098 1321; x_wconf 86' lang='grc' dir='ltr'>πάλιν</span> <span class='ocrx_word' id='word_1_60' title='bbox 2131 1238 2352 1320; x_wconf 79' lang='grc' dir='ltr'>αὑτὸν</span> <span class='ocrx_word' id='word_1_61' title='bbox 2387 1273 2653 1319; x_wconf 91' lang='grc' dir='ltr'>οιονται</span> <span class='ocrx_word' id='word_1_62' title='bbox 2699 1241 3018 1338; x_wconf 78' lang='grc' dir='ltr'>δηλοῦν.</span> 
     </span>
     <span class='ocr_line' id='line_1_8' title="bbox 598 1356 3027 1467; baseline -0.002 -22"><span class='ocrx_word' id='word_1_63' title='bbox 598 1356 817 1462; x_wconf 71' lang='grc' dir='ltr'>ἐγγὺς</span> <span class='ocrx_word' id='word_1_64' title='bbox 849 1359 993 1464; x_wconf 78' lang='grc' dir='ltr'>γὰρ</span> <span class='ocrx_word' id='word_1_65' title='bbox 1031 1362 1257 1463; x_wconf 81' lang='grc' dir='ltr'>οὔσης</span> <span class='ocrx_word' id='word_1_66' title='bbox 1292 1365 1422 1462; x_wconf 88' lang='grc' dir='ltr'>τῆς</span> <span class='ocrx_word' id='word_1_67' title='bbox 1462 1364 1730 1467; x_wconf 84' lang='grc' dir='ltr'>ἑορτῆς,</span> <span class='ocrx_word' id='word_1_68' title='bbox 1766 1360 2327 1466; x_wconf 87' lang='grc' dir='ltr'>προσεδόκησαν</span> <span class='ocrx_word' id='word_1_69' title='bbox 2361 1396 2430 1442; x_wconf 91' lang='grc' dir='ltr'>τι</span> <span class='ocrx_word' id='word_1_70' title='bbox 2466 1368 2612 1442; x_wconf 76' lang='grc' dir='ltr'>τῶν</span> <span class='ocrx_word' id='word_1_71' title='bbox 2649 1369 2742 1448; x_wconf 82' lang='grc' dir='ltr'>εἰς</span> <span class='ocrx_word' id='word_1_72' title='bbox 2779 1360 3027 1461; x_wconf 79' lang='grc' dir='ltr'>αὐτὴν</span> 
     </span>
     <span class='ocr_line' id='line_1_9' title="bbox 597 1484 3019 1595; baseline 0 -31"><span class='ocrx_word' id='word_1_73' title='bbox 597 1484 1010 1585; x_wconf 83' lang='grc' dir='ltr'>ἐπιτηδείων</span> <span class='ocrx_word' id='word_1_74' title='bbox 1046 1485 1475 1592; x_wconf 87' lang='grc' dir='ltr'>ε’κπρίασθαι</span> <span class='ocrx_word' id='word_1_75' title='bbox 1513 1485 1825 1567; x_wconf 82' lang='grc' dir='ltr'>κελεύειν</span> <span class='ocrx_word' id='word_1_76' title='bbox 1861 1487 2056 1594; x_wconf 75' lang='grc' dir='ltr'>αὐτῷ</span> <span class='ocrx_word' id='word_1_77' title='bbox 2089 1492 2193 1595; x_wconf 78' lang='grc' dir='ltr'>τῷ</span> <span class='ocrx_word' id='word_1_78' title='bbox 2227 1487 2719 1592; x_wconf 72' lang='grc' dir='ltr'>γλωσσόκομον</span> <span class='ocrx_word' id='word_1_79' title='bbox 2745 1484 3019 1591; x_wconf 80' lang='grc' dir='ltr'>ἔχοντι,</span> 
     </span>
     <span class='ocr_line' id='line_1_10' title="bbox 596 1605 3018 1717; baseline 0.001 -29"><span class='ocrx_word' id='word_1_80' title='bbox 596 1607 823 1709; x_wconf 78' lang='grc' dir='ltr'>ἤγουν</span> <span class='ocrx_word' id='word_1_81' title='bbox 873 1606 1204 1710; x_wconf 85' lang='grc' dir='ltr'>μάλιστα</span> <span class='ocrx_word' id='word_1_82' title='bbox 1258 1605 1344 1690; x_wconf 76' lang='grc' dir='ltr'>τὸ</span> <span class='ocrx_word' id='word_1_83' title='bbox 1407 1610 1601 1717; x_wconf 74' lang='grc' dir='ltr'>αὐτῷ</span> <span class='ocrx_word' id='word_1_84' title='bbox 1664 1609 2304 1713; x_wconf 79' lang='grc' dir='ltr'>περισπούδαστον</span> <span class='ocrx_word' id='word_1_85' title='bbox 2358 1609 2705 1716; x_wconf 83' lang='grc' dir='ltr'>ε’ξανῦσαι</span> <span class='ocrx_word' id='word_1_86' title='bbox 2766 1641 3018 1711; x_wconf 87' lang='grc' dir='ltr'>προσ-</span> 
     </span>
     <span class='ocr_line' id='line_1_11' title="bbox 599 1730 3128 1837; baseline 0 -25"><span class='ocrx_word' id='word_1_87' title='bbox 599 1730 902 1829; x_wconf 82' lang='grc' dir='ltr'>τάττειν,</span> <span class='ocrx_word' id='word_1_88' title='bbox 960 1732 1314 1831; x_wconf 78' lang='grc' dir='ltr'>τουτέστι,</span> <span class='ocrx_word' id='word_1_89' title='bbox 1372 1731 1465 1813; x_wconf 84' lang='grc' dir='ltr'>τά</span> <span class='ocrx_word' id='word_1_90' title='bbox 1527 1739 1676 1818; x_wconf 85' lang='grc' dir='ltr'>τοῖς</span> <span class='ocrx_word' id='word_1_91' title='bbox 1740 1732 2096 1834; x_wconf 78' lang='grc' dir='ltr'>δεομένοις</span> <span class='ocrx_word' id='word_1_92' title='bbox 2156 1735 2548 1837; x_wconf 75' lang='grc' dir='ltr'>ἐπαρκέσαι</span> <span class='ocrx_word' id='word_1_93' title='bbox 2607 1731 3007 1832; x_wconf 85' lang='grc' dir='ltr'>δυνάμενα,</span> <span class='ocrx_word' id='word_1_94' title='bbox 3051 1769 3128 1812; x_wconf 84' lang='lat'>10</span> 
     </span>
     <span class='ocr_line' id='line_1_12' title="bbox 264 1854 3016 1971; baseline 0.001 -37"><span class='ocrx_word' id='word_1_95' title='bbox 264 1854 515 1971; x_wconf 50' lang='lat' dir='ltr'>gandi.</span> <span class='ocrx_word' id='word_1_96' title='bbox 542 1877 579 1924; x_wconf 73' lang='lat'><strong>0</strong></span> <span class='ocrx_word' id='word_1_97' title='bbox 602 1854 786 1935; x_wconf 85' lang='grc' dir='ltr'>κατά</span> <span class='ocrx_word' id='word_1_98' title='bbox 819 1888 906 1957; x_wconf 88' lang='grc' dir='ltr'>γε</span> <span class='ocrx_word' id='word_1_99' title='bbox 940 1856 1027 1936; x_wconf 78' lang='grc' dir='ltr'>τὸ</span> <span class='ocrx_word' id='word_1_100' title='bbox 1063 1863 1208 1936; x_wconf 83' lang='grc' dir='ltr'>τῶν</span> <span class='ocrx_word' id='word_1_101' title='bbox 1244 1857 1928 1961; x_wconf 71' lang='grc' dir='ltr'>προσκομιζὸμένων</span> <span class='ocrx_word' id='word_1_102' title='bbox 1964 1859 2247 1964; x_wconf 87' lang='grc' dir='ltr'>μέτρον.</span> <span class='ocrx_word' id='word_1_103' title='bbox 2325 1854 2647 1963; x_wconf 77' lang='grc' dir='ltr'>χρηστὸς</span> <span class='ocrx_word' id='word_1_104' title='bbox 2690 1855 2834 1960; x_wconf 83' lang='grc' dir='ltr'>γὰρ</span> <span class='ocrx_word' id='word_1_105' title='bbox 2885 1859 3016 1937; x_wconf 80' lang='grc' dir='ltr'>καὶ</span> 
     </span>
     <span class='ocr_line' id='line_1_13' title="bbox 601 1977 3016 2087; baseline 0.002 -29"><span class='ocrx_word' id='word_1_106' title='bbox 601 1977 924 2079; x_wconf 82' lang='grc' dir='ltr'>ἐλεήμων</span> <span class='ocrx_word' id='word_1_107' title='bbox 998 1980 1039 2059; x_wconf 88' lang='lat'><em>5</em></span> <span class='ocrx_word' id='word_1_108' title='bbox 1116 1978 1404 2083; x_wconf 83' lang='grc' dir='ltr'>Κύριος,</span> <span class='ocrx_word' id='word_1_109' title='bbox 1477 1979 1662 2062; x_wconf 79' lang='grc' dir='ltr'>κατὰ</span> <span class='ocrx_word' id='word_1_110' title='bbox 1748 1981 1834 2062; x_wconf 80' lang='grc' dir='ltr'>τὸ</span> <span class='ocrx_word' id='word_1_111' title='bbox 1919 1982 2439 2087; x_wconf 79' lang='grc' dir='ltr'>γεγραμμένον.</span> <span class='ocrx_word' id='word_1_112' title='bbox 2554 1981 2854 2084; x_wconf 78' lang='grc' dir='ltr'>ἀριστος</span> <span class='ocrx_word' id='word_1_113' title='bbox 2930 1980 3016 2062; x_wconf 80' lang='grc' dir='ltr'>δὲ</span> 
     </span>
     <span class='ocr_line' id='line_1_14' title="bbox 600 2100 3013 2210; baseline 0.001 -29"><span class='ocrx_word' id='word_1_114' title='bbox 600 2100 902 2210; x_wconf 86' lang='grc' dir='ltr'>σφόδρα</span> <span class='ocrx_word' id='word_1_115' title='bbox 974 2105 1093 2182; x_wconf 79' lang='grc' dir='ltr'>καὶ</span> <span class='ocrx_word' id='word_1_116' title='bbox 1166 2102 1343 2203; x_wconf 81' lang='grc' dir='ltr'>ἡμῖν</span> <span class='ocrx_word' id='word_1_117' title='bbox 1409 2105 1649 2188; x_wconf 79' lang='grc' dir='ltr'>αὐτοῖς</span> <span class='ocrx_word' id='word_1_118' title='bbox 1723 2105 1765 2184; x_wconf 84' lang='grc' dir='ltr'>ὁ</span> <span class='ocrx_word' id='word_1_119' title='bbox 1838 2112 1967 2186; x_wconf 90' lang='grc' dir='ltr'>τοῦ</span> <span class='ocrx_word' id='word_1_120' title='bbox 2040 2104 2465 2209; x_wconf 85' lang='grc' dir='ltr'>πράγματος</span> <span class='ocrx_word' id='word_1_121' title='bbox 2546 2103 3013 2207; x_wconf 83' lang='grc' dir='ltr'>εὑρεθήσεται</span> 
     </span>
     <span class='ocr_line' id='line_1_15' title="bbox 600 2223 3003 2332; baseline 0 -26"><span class='ocrx_word' id='word_1_122' title='bbox 600 2224 848 2307; x_wconf 82' lang='grc' dir='ltr'>τύπος.</span> <span class='ocrx_word' id='word_1_123' title='bbox 953 2229 1211 2332; x_wconf 88' lang='grc' dir='ltr'>χρῆναι</span> <span class='ocrx_word' id='word_1_124' title='bbox 1284 2224 1428 2330; x_wconf 79' lang='grc' dir='ltr'>γὰρ</span> <span class='ocrx_word' id='word_1_125' title='bbox 1501 2223 1698 2328; x_wconf 86' lang='grc' dir='ltr'>οἶμαι</span> <span class='ocrx_word' id='word_1_126' title='bbox 1761 2227 1928 2312; x_wconf 78' lang='grc' dir='ltr'>τοὺς</span> <span class='ocrx_word' id='word_1_127' title='bbox 1990 2225 2342 2332; x_wconf 77' lang='grc' dir='ltr'>ἑορτάζειν</span> <span class='ocrx_word' id='word_1_128' title='bbox 2403 2226 2804 2327; x_wconf 81' lang='grc' dir='ltr'>ἐθέλοντας,</span> <span class='ocrx_word' id='word_1_129' title='bbox 2862 2261 3003 2308; x_wconf 89' lang='grc' dir='ltr'>κα-</span> 
     </span>
     <span class='ocr_line' id='line_1_16' title="bbox 601 2348 3118 2460; baseline 0.001 -32"><span class='ocrx_word' id='word_1_130' title='bbox 601 2353 841 2451; x_wconf 77' lang='grc' dir='ltr'>θαρῶς</span> <span class='ocrx_word' id='word_1_131' title='bbox 877 2383 954 2429; x_wconf 92' lang='grc' dir='ltr'>τε</span> <span class='ocrx_word' id='word_1_132' title='bbox 990 2352 1107 2430; x_wconf 74' lang='grc' dir='ltr'>καὶ</span> <span class='ocrx_word' id='word_1_133' title='bbox 1145 2348 1599 2455; x_wconf 73' lang='grc' dir='ltr'>ἀρεσκόντως</span> <span class='ocrx_word' id='word_1_134' title='bbox 1639 2356 1827 2460; x_wconf 75' lang='grc' dir='ltr'>Θεῷ,</span> <span class='ocrx_word' id='word_1_135' title='bbox 1865 2352 2027 2457; x_wconf 81' lang='grc' dir='ltr'>οὐχὶ</span> <span class='ocrx_word' id='word_1_136' title='bbox 2060 2350 2285 2453; x_wconf 87' lang='grc' dir='ltr'>μόνης</span> <span class='ocrx_word' id='word_1_137' title='bbox 2333 2356 2464 2452; x_wconf 89' lang='grc' dir='ltr'>τῆς</span> <span class='ocrx_word' id='word_1_138' title='bbox 2511 2357 2732 2459; x_wconf 81' lang='grc' dir='ltr'>σφῶν</span> <span class='ocrx_word' id='word_1_139' title='bbox 2768 2351 3011 2431; x_wconf 81' lang='grc' dir='ltr'>αὐτῶν</span> <span class='ocrx_word' id='word_1_140' title='bbox 3043 2385 3118 2446; x_wconf 81' lang='lat'>15</span> 
     </span>
     <span class='ocr_line' id='line_1_17' title="bbox 602 2471 3012 2577; baseline 0.002 -27"><span class='ocrx_word' id='word_1_141' title='bbox 602 2472 933 2572; x_wconf 82' lang='grc' dir='ltr'>εὐθυμίας</span> <span class='ocrx_word' id='word_1_142' title='bbox 994 2480 1358 2555; x_wconf 86' lang='grc' dir='ltr'>ποιεῖσθαι</span> <span class='ocrx_word' id='word_1_143' title='bbox 1423 2475 1679 2577; x_wconf 88' lang='grc' dir='ltr'>λόγον,</span> <span class='ocrx_word' id='word_1_144' title='bbox 1739 2473 1902 2556; x_wconf 79' lang='grc' dir='ltr'>οὑδὲ</span> <span class='ocrx_word' id='word_1_145' title='bbox 1959 2475 2156 2559; x_wconf 78' lang='grc' dir='ltr'>ὅπως</span> <span class='ocrx_word' id='word_1_146' title='bbox 2212 2471 2306 2556; x_wconf 81' lang='grc' dir='ltr'>ἀν</span> <span class='ocrx_word' id='word_1_147' title='bbox 2357 2476 2568 2556; x_wconf 83' lang='grc' dir='ltr'>αὐτοὶ</span> <span class='ocrx_word' id='word_1_148' title='bbox 2620 2477 2737 2556; x_wconf 80' lang='grc' dir='ltr'>καὶ</span> <span class='ocrx_word' id='word_1_149' title='bbox 2799 2473 3012 2573; x_wconf 88' lang='grc' dir='ltr'>μόνοι</span> 
     </span>
     <span class='ocr_line' id='line_1_18' title="bbox 603 2599 3009 2707; baseline 0 -30"><span class='ocrx_word' id='word_1_150' title='bbox 603 2601 994 2679; x_wconf 86' lang='grc' dir='ltr'>διατελοῖεν</span> <span class='ocrx_word' id='word_1_151' title='bbox 1052 2604 1322 2703; x_wconf 81' lang='grc' dir='ltr'>ἰλαρῶς</span> <span class='ocrx_word' id='word_1_152' title='bbox 1392 2605 1748 2704; x_wconf 83' lang='grc' dir='ltr'>προνοεῖν,</span> <span class='ocrx_word' id='word_1_153' title='bbox 1803 2600 2375 2681; x_wconf 88' lang='grc' dir='ltr'>συναναπλέκειν</span> <span class='ocrx_word' id='word_1_154' title='bbox 2427 2599 2502 2680; x_wconf 79' lang='grc' dir='ltr'>δὲ</span> <span class='ocrx_word' id='word_1_155' title='bbox 2563 2606 2860 2699; x_wconf 79' lang='grc' dir='ltr'>μᾶλλον</span> <span class='ocrx_word' id='word_1_156' title='bbox 2916 2606 3009 2707; x_wconf 87' lang='grc' dir='ltr'>τῇ</span> 
     </span>
     <span class='ocr_line' id='line_1_19' title="bbox 603 2721 3010 2831; baseline 0 -29"><span class='ocrx_word' id='word_1_157' title='bbox 603 2723 825 2831; x_wconf 77' lang='grc' dir='ltr'>οἰκείᾳ</span> <span class='ocrx_word' id='word_1_158' title='bbox 857 2727 1184 2829; x_wconf 88' lang='grc' dir='ltr'>φροντίδι</span> <span class='ocrx_word' id='word_1_159' title='bbox 1235 2727 1352 2805; x_wconf 77' lang='grc' dir='ltr'>καὶ</span> <span class='ocrx_word' id='word_1_160' title='bbox 1396 2722 1530 2825; x_wconf 87' lang='grc' dir='ltr'>τὴν</span> <span class='ocrx_word' id='word_1_161' title='bbox 1568 2725 1686 2805; x_wconf 76' lang='grc' dir='ltr'>ἐπὶ</span> <span class='ocrx_word' id='word_1_162' title='bbox 1730 2730 1880 2807; x_wconf 84' lang='grc' dir='ltr'>τοῖς</span> <span class='ocrx_word' id='word_1_163' title='bbox 1929 2724 2284 2822; x_wconf 88' lang='grc' dir='ltr'>δεομένοις</span> <span class='ocrx_word' id='word_1_164' title='bbox 2336 2722 2586 2831; x_wconf 80' lang='grc' dir='ltr'>φειδώ.</span> <span class='ocrx_word' id='word_1_165' title='bbox 2663 2721 2827 2803; x_wconf 86' lang='grc' dir='ltr'>τότε</span> <span class='ocrx_word' id='word_1_166' title='bbox 2861 2721 3010 2828; x_wconf 79' lang='grc' dir='ltr'>γὰρ</span> 
     </span>
     <span class='ocr_line' id='line_1_20' title="bbox 603 2845 3004 2952; baseline 0 -26"><span class='ocrx_word' id='word_1_167' title='bbox 603 2845 763 2928; x_wconf 85' lang='grc' dir='ltr'>τότε</span> <span class='ocrx_word' id='word_1_168' title='bbox 813 2846 941 2930; x_wconf 76' lang='grc' dir='ltr'>τὸν</span> <span class='ocrx_word' id='word_1_169' title='bbox 976 2852 1102 2950; x_wconf 87' lang='grc' dir='ltr'>τῆς</span> <span class='ocrx_word' id='word_1_170' title='bbox 1152 2853 1250 2934; x_wconf 89' lang='grc' dir='ltr'>εἰς</span> <span class='ocrx_word' id='word_1_171' title='bbox 1300 2845 1677 2948; x_wconf 82' lang='grc' dir='ltr'>ἀλλήλους</span> <span class='ocrx_word' id='word_1_172' title='bbox 1723 2846 2012 2951; x_wconf 83' lang='grc' dir='ltr'>ἀγάπης</span> <span class='ocrx_word' id='word_1_173' title='bbox 2062 2849 2651 2952; x_wconf 85' lang='grc' dir='ltr'>ἀποπληροῦντες</span> <span class='ocrx_word' id='word_1_174' title='bbox 2699 2845 3004 2947; x_wconf 79' lang='grc' dir='ltr'>θεσμὸν,</span> 
     </span>
    </p>

    <p class='ocr_par' dir='ltr' id='par_1_4' title="bbox 537 2969 3112 3826">
     <span class='ocr_line' id='line_1_21' title="bbox 537 2969 3112 3081; baseline 0.001 -30"><span class='ocrx_word' id='word_1_175' title='bbox 537 2980 580 3045; x_wconf 87' lang='lat' dir='ltr'>d</span> <span class='ocrx_word' id='word_1_176' title='bbox 606 2969 860 3076; x_wconf 84' lang='grc' dir='ltr'>ἑορτὴν</span> <span class='ocrx_word' id='word_1_177' title='bbox 896 2972 1119 3058; x_wconf 84' lang='grc' dir='ltr'>ὅντως</span> <span class='ocrx_word' id='word_1_178' title='bbox 1154 2970 1638 3074; x_wconf 84' lang='grc' dir='ltr'>πνευματικὴν</span> <span class='ocrx_word' id='word_1_179' title='bbox 1674 2973 2184 3073; x_wconf 86' lang='grc' dir='ltr'>ἐπιτελέσομεν</span> <span class='ocrx_word' id='word_1_180' title='bbox 2219 2977 2322 3081; x_wconf 75' lang='grc' dir='ltr'>τῷ</span> <span class='ocrx_word' id='word_1_181' title='bbox 2359 2976 2642 3076; x_wconf 86' lang='grc' dir='ltr'>Σωτῆρι</span> <span class='ocrx_word' id='word_1_182' title='bbox 2676 2976 3004 3079; x_wconf 74' lang='grc' dir='ltr'>Χριστῷ.</span> <span class='ocrx_word' id='word_1_183' title='bbox 3031 2998 3112 3041; x_wconf 80' lang='lat'>²0</span> 
     </span>
     <span class='ocr_line' id='line_1_22' title="bbox 604 3092 3009 3200; baseline -0.001 -24"><span class='ocrx_word' id='word_1_184' title='bbox 604 3094 968 3200; x_wconf 82' lang='grc' dir='ltr'>τοιγάρτοι</span> <span class='ocrx_word' id='word_1_185' title='bbox 1004 3098 1123 3176; x_wconf 76' lang='grc' dir='ltr'>καὶ</span> <span class='ocrx_word' id='word_1_186' title='bbox 1173 3097 1213 3175; x_wconf 95' lang='lat'><em>5</em></span> <span class='ocrx_word' id='word_1_187' title='bbox 1262 3094 1495 3177; x_wconf 84' lang='grc' dir='ltr'>πάλαι</span> <span class='ocrx_word' id='word_1_188' title='bbox 1529 3102 1677 3180; x_wconf 83' lang='grc' dir='ltr'>τοῖς</span> <span class='ocrx_word' id='word_1_189' title='bbox 1709 3096 2082 3182; x_wconf 88' lang='grc' dir='ltr'>,Ἰουδαίοις</span> <span class='ocrx_word' id='word_1_190' title='bbox 2116 3099 2642 3179; x_wconf 85' lang='grc' dir='ltr'>διακελευσθεὶς</span> <span class='ocrx_word' id='word_1_191' title='bbox 2680 3092 2895 3194; x_wconf 85' lang='grc' dir='ltr'>νόμος</span> <span class='ocrx_word' id='word_1_192' title='bbox 2932 3095 3009 3174; x_wconf 83' lang='grc' dir='ltr'>ἐν</span> 
     </span>
     <span class='ocr_line' id='line_1_23' title="bbox 605 3216 3007 3328; baseline -0.001 -28"><span class='ocrx_word' id='word_1_193' title='bbox 605 3225 697 3325; x_wconf 86' lang='grc' dir='ltr'>τῇ</span> <span class='ocrx_word' id='word_1_194' title='bbox 732 3227 862 3300; x_wconf 91' lang='grc' dir='ltr'>τοῦ</span> <span class='ocrx_word' id='word_1_195' title='bbox 896 3216 1131 3319; x_wconf 88' lang='grc' dir='ltr'>μάννα</span> <span class='ocrx_word' id='word_1_196' title='bbox 1167 3221 1595 3325; x_wconf 83' lang='grc' dir='ltr'>συγκομιδῇ,</span> <span class='ocrx_word' id='word_1_197' title='bbox 1635 3219 1719 3299; x_wconf 84' lang='grc' dir='ltr'>οὐ</span> <span class='ocrx_word' id='word_1_198' title='bbox 1754 3218 1998 3318; x_wconf 87' lang='grc' dir='ltr'>μόνοις</span> <span class='ocrx_word' id='word_1_199' title='bbox 2036 3221 2275 3303; x_wconf 81' lang='grc' dir='ltr'>αὐτοῖς</span> <span class='ocrx_word' id='word_1_200' title='bbox 2312 3219 2564 3328; x_wconf 86' lang='grc' dir='ltr'>ἐφίησι</span> <span class='ocrx_word' id='word_1_201' title='bbox 2611 3217 3007 3320; x_wconf 82' lang='grc' dir='ltr'>συλλέγειν</span> 
     </span>
     <span class='ocr_line' id='line_1_24' title="bbox 605 3339 3007 3450; baseline 0 -29"><span class='ocrx_word' id='word_1_202' title='bbox 605 3339 771 3427; x_wconf 80' lang='grc' dir='ltr'>τοὺς</span> <span class='ocrx_word' id='word_1_203' title='bbox 817 3349 1031 3423; x_wconf 89' lang='grc' dir='ltr'>τοῦτο</span> <span class='ocrx_word' id='word_1_204' title='bbox 1080 3342 1421 3447; x_wconf 88' lang='grc' dir='ltr'>πράττειν</span> <span class='ocrx_word' id='word_1_205' title='bbox 1465 3342 1879 3448; x_wconf 83' lang='grc' dir='ltr'>ἰσχύοντας·</span> <span class='ocrx_word' id='word_1_206' title='bbox 1941 3353 1986 3392; x_wconf 82' lang='grc'><strong>“</strong></span> <span class='ocrx_word' id='word_1_207' title='bbox 2008 3342 2383 3427; x_wconf 88' lang='grc' dir='ltr'>Ἕκαστος</span> <span class='ocrx_word' id='word_1_208' title='bbox 2431 3342 2600 3448; x_wconf 82' lang='grc' dir='ltr'>γὰρ,</span> <span class='ocrx_word' id='word_1_209' title='bbox 2638 3344 2851 3450; x_wconf 77' lang='grc' dir='ltr'>φησὶ,</span> <span class='ocrx_word' id='word_1_210' title='bbox 2889 3346 3007 3422; x_wconf 84' lang='grc' dir='ltr'>καὶ</span> 
     </span>
     <span class='ocr_line' id='line_1_25' title="bbox 604 3464 3005 3575; baseline 0 -31"><span class='ocrx_word' id='word_1_211' title='bbox 604 3474 651 3512; x_wconf 84' lang='grc'><strong>“</strong></span> <span class='ocrx_word' id='word_1_212' title='bbox 684 3472 832 3549; x_wconf 83' lang='grc' dir='ltr'>τοῖς</span> <span class='ocrx_word' id='word_1_213' title='bbox 868 3465 1262 3566; x_wconf 88' lang='grc' dir='ltr'>συσκήνοις</span> <span class='ocrx_word' id='word_1_214' title='bbox 1299 3469 1499 3565; x_wconf 76' lang='grc' dir='ltr'>ὑμῶν</span> <span class='ocrx_word' id='word_1_215' title='bbox 1534 3466 2018 3575; x_wconf 49' lang='grc' dir='ltr'>συλλέξατεῗ</span> <span class='ocrx_word' id='word_1_216' title='bbox 2093 3471 2153 3547; x_wconf 89' lang='grc' dir='ltr'>εἰ</span> <span class='ocrx_word' id='word_1_217' title='bbox 2189 3466 2335 3571; x_wconf 87' lang='grc' dir='ltr'>γάρ</span> <span class='ocrx_word' id='word_1_218' title='bbox 2369 3500 2477 3551; x_wconf 91' lang='grc' dir='ltr'>τις</span> <span class='ocrx_word' id='word_1_219' title='bbox 2513 3464 2826 3566; x_wconf 87' lang='grc' dir='ltr'>ἠτόνησε</span> <span class='ocrx_word' id='word_1_220' title='bbox 2860 3471 3005 3545; x_wconf 77' lang='grc' dir='ltr'>τῶν</span> 
     </span>
     <span class='ocr_line' id='line_1_26' title="bbox 603 3587 3101 3696; baseline -0.002 -28"><span class='ocrx_word' id='word_1_221' title='bbox 603 3587 1033 3690; x_wconf 86' lang='grc' dir='ltr'>ὁμοσκήνων</span> <span class='ocrx_word' id='word_1_222' title='bbox 1065 3590 1322 3688; x_wconf 82' lang='grc' dir='ltr'>αὐτοῖς,</span> <span class='ocrx_word' id='word_1_223' title='bbox 1361 3593 1427 3669; x_wconf 84' lang='grc' dir='ltr'>οἱ</span> <span class='ocrx_word' id='word_1_224' title='bbox 1461 3588 1564 3690; x_wconf 89' lang='grc' dir='ltr'>μὴ</span> <span class='ocrx_word' id='word_1_225' title='bbox 1598 3599 1812 3671; x_wconf 89' lang='grc' dir='ltr'>τοῦτο</span> <span class='ocrx_word' id='word_1_226' title='bbox 1848 3588 2307 3691; x_wconf 84' lang='grc' dir='ltr'>πεπονθότες,</span> <span class='ocrx_word' id='word_1_227' title='bbox 2340 3596 2719 3696; x_wconf 84' lang='grc' dir='ltr'>κιχρῶντες</span> <span class='ocrx_word' id='word_1_228' title='bbox 2755 3587 3004 3692; x_wconf 79' lang='grc' dir='ltr'>ὥσπερ</span> <span class='ocrx_word' id='word_1_229' title='bbox 3027 3615 3101 3681; x_wconf 79' lang='lat'>25</span> 
     </span>
     <span class='ocr_line' id='line_1_27' title="bbox 600 3709 3004 3868; baseline 0 -75"><span class='ocrx_word' id='word_1_230' title='bbox 600 3713 795 3821; x_wconf 76' lang='grc' dir='ltr'>αὐτῷ</span> <span class='ocrx_word' id='word_1_231' title='bbox 844 3710 977 3814; x_wconf 82' lang='grc' dir='ltr'>τὴν</span> <span class='ocrx_word' id='word_1_232' title='bbox 1016 3715 1200 3794; x_wconf 87' lang='grc' dir='ltr'>ἰδίαν</span> <span class='ocrx_word' id='word_1_233' title='bbox 1237 3709 1480 3820; x_wconf 76' lang='grc' dir='ltr'>ἰσχὺν,</span> <span class='ocrx_word' id='word_1_234' title='bbox 1518 3712 1988 3818; x_wconf 80' lang='grc' dir='ltr'>συνεκόμιζον</span> <span class='ocrx_word' id='word_1_235' title='bbox 2023 3721 2126 3824; x_wconf 73' lang='grc' dir='ltr'>τῷ</span> <span class='ocrx_word' id='word_1_236' title='bbox 2176 3714 2411 3826; x_wconf 85' lang='grc' dir='ltr'>οἰκείῳ</span> <span class='ocrx_word' id='word_1_237' title='bbox 2458 3712 2697 3868; x_wconf 75' lang='grc' dir='ltr'>μέτρῳ</span> <span class='ocrx_word' id='word_1_238' title='bbox 2755 3715 2873 3792; x_wconf 78' lang='grc' dir='ltr'>καὶ</span> <span class='ocrx_word' id='word_1_239' title='bbox 2919 3709 3004 3794; x_wconf 73' lang='grc' dir='ltr'>τὸ</span> 
     </span>
    </p>

    <p class='ocr_par' dir='ltr' id='par_1_5' title="bbox 264 3835 3004 3944">
     <span class='ocr_line' id='line_1_28' title="bbox 264 3835 3004 3944; baseline -0 -27"><span class='ocrx_word' id='word_1_240' title='bbox 264 3848 347 3901; x_wconf 79' lang='lat' dir='ltr'>lb.</span> <span class='ocrx_word' id='word_1_241' title='bbox 369 3849 447 3902; x_wconf 78' lang='lat'>18·</span> <span class='ocrx_word' id='word_1_242' title='bbox 599 3843 750 3921; x_wconf 87' lang='grc' dir='ltr'>τοῖς</span> <span class='ocrx_word' id='word_1_243' title='bbox 784 3837 1044 3941; x_wconf 84' lang='grc' dir='ltr'>ἑτέροις</span> <span class='ocrx_word' id='word_1_244' title='bbox 1080 3841 1366 3942; x_wconf 83' lang='grc' dir='ltr'>ἀρκοῦν,</span> <span class='ocrx_word' id='word_1_245' title='bbox 1404 3873 1520 3918; x_wconf 86' lang='grc' dir='ltr'>ινα</span> <span class='ocrx_word' id='word_1_246' title='bbox 1555 3836 1743 3918; x_wconf 80' lang='grc' dir='ltr'>κατὰ</span> <span class='ocrx_word' id='word_1_247' title='bbox 1777 3836 1863 3920; x_wconf 78' lang='grc' dir='ltr'>τὸ</span> <span class='ocrx_word' id='word_1_248' title='bbox 1898 3837 2416 3944; x_wconf 78' lang='grc' dir='ltr'>γεγραμμένον,</span> <span class='ocrx_word' id='word_1_249' title='bbox 2455 3840 2496 3919; x_wconf 88' lang='lat'><em>5</em></span> <span class='ocrx_word' id='word_1_250' title='bbox 2525 3873 2659 3937; x_wconf 91' lang='grc' dir='ltr'>μεν</span> <span class='ocrx_word' id='word_1_251' title='bbox 2691 3870 2778 3919; x_wconf 91' lang='grc' dir='ltr'>το</span> <span class='ocrx_word' id='word_1_252' title='bbox 2815 3835 3004 3918; x_wconf 80' lang='grc' dir='ltr'>πολὺ</span> 
     </span>
    </p>

    <p class='ocr_par' dir='ltr' id='par_1_6' title="bbox 542 3957 3095 4315">
     <span class='ocr_line' id='line_1_29' title="bbox 542 3957 3002 4069; baseline -0.002 -28"><span class='ocrx_word' id='word_1_253' title='bbox 542 3996 578 4041; x_wconf 81' lang='lat' dir='ltr'>e</span> <span class='ocrx_word' id='word_1_254' title='bbox 600 3959 704 4064; x_wconf 82' lang='grc' dir='ltr'>μὴ</span> <span class='ocrx_word' id='word_1_255' title='bbox 738 3960 1213 4069; x_wconf 83' lang='grc' dir='ltr'>πλεονάσῃ,</span> <span class='ocrx_word' id='word_1_256' title='bbox 1179 3997 1220 4043; x_wconf 95' lang='grc' dir='ltr'>ο</span> <span class='ocrx_word' id='word_1_257' title='bbox 1264 3961 1341 4043; x_wconf 78' lang='grc' dir='ltr'>δὲ</span> <span class='ocrx_word' id='word_1_258' title='bbox 1393 3960 1478 4043; x_wconf 83' lang='grc' dir='ltr'>τὸ</span> <span class='ocrx_word' id='word_1_259' title='bbox 1528 3958 1838 4043; x_wconf 79' lang='grc' dir='ltr'>’ἔλαττον</span> <span class='ocrx_word' id='word_1_260' title='bbox 1871 3961 1975 4064; x_wconf 78' lang='grc' dir='ltr'>μὴ</span> <span class='ocrx_word' id='word_1_261' title='bbox 2009 3966 2412 4069; x_wconf 85' lang='grc' dir='ltr'>ἐλαττωθῇ.</span> <span class='ocrx_word' id='word_1_262' title='bbox 2493 3995 2681 4042; x_wconf 91' lang='grc' dir='ltr'>ουτω</span> <span class='ocrx_word' id='word_1_263' title='bbox 2718 3959 2863 4065; x_wconf 81' lang='grc' dir='ltr'>γὰρ</span> <span class='ocrx_word' id='word_1_264' title='bbox 2897 3957 3002 4061; x_wconf 86' lang='grc' dir='ltr'>ἦν,</span> 
     </span>
     <span class='ocr_line' id='line_1_30' title="bbox 602 4081 3003 4194; baseline -0.002 -27"><span class='ocrx_word' id='word_1_265' title='bbox 602 4084 1065 4193; x_wconf 86' lang='grc' dir='ltr'>ἀνακράσεως</span> <span class='ocrx_word' id='word_1_266' title='bbox 1104 4121 1356 4194; x_wconf 89' lang='grc' dir='ltr'>ωσπερ</span> <span class='ocrx_word' id='word_1_267' title='bbox 1387 4085 1580 4173; x_wconf 79' lang='grc' dir='ltr'>τινὸς</span> <span class='ocrx_word' id='word_1_268' title='bbox 1617 4087 2029 4190; x_wconf 86' lang='grc' dir='ltr'>γενομένης,</span> <span class='ocrx_word' id='word_1_269' title='bbox 2066 4087 2195 4168; x_wconf 81' lang='grc' dir='ltr'>τὸν</span> <span class='ocrx_word' id='word_1_270' title='bbox 2230 4091 2357 4187; x_wconf 89' lang='grc' dir='ltr'>τῆς</span> <span class='ocrx_word' id='word_1_271' title='bbox 2395 4084 2730 4187; x_wconf 85' lang='grc' dir='ltr'>ἰσότητος</span> <span class='ocrx_word' id='word_1_272' title='bbox 2775 4081 3003 4165; x_wconf 81' lang='grc' dir='ltr'>ἅπασι</span> 
     </span>
     <span class='ocr_line' id='line_1_31' title="bbox 602 4205 3095 4315; baseline -0 -22"><span class='ocrx_word' id='word_1_273' title='bbox 602 4208 970 4315; x_wconf 75' lang='grc' dir='ltr'>σώζεσθαι</span> <span class='ocrx_word' id='word_1_274' title='bbox 1018 4212 1272 4314; x_wconf 87' lang='grc' dir='ltr'>λόγον.</span> <span class='ocrx_word' id='word_1_275' title='bbox 1353 4205 1594 4291; x_wconf 81' lang='grc' dir='ltr'>ἀδικεῖ</span> <span class='ocrx_word' id='word_1_276' title='bbox 1635 4219 2019 4315; x_wconf 86' lang='grc' dir='ltr'>τοιγαροῦν</span> <span class='ocrx_word' id='word_1_277' title='bbox 2066 4211 2195 4293; x_wconf 80' lang='grc' dir='ltr'>τὸν</span> <span class='ocrx_word' id='word_1_278' title='bbox 2242 4217 2397 4296; x_wconf 86' lang='grc' dir='ltr'>ταῖς</span> <span class='ocrx_word' id='word_1_279' title='bbox 2451 4209 2689 4313; x_wconf 83' lang='grc' dir='ltr'>ἁγίαις</span> <span class='ocrx_word' id='word_1_280' title='bbox 2735 4208 3003 4311; x_wconf 80' lang='grc' dir='ltr'>ἑορταῖς</span> <span class='ocrx_word' id='word_1_281' title='bbox 3025 4234 3095 4295; x_wconf 85' lang='lat'>30</span> 
     </span>
    </p>
   </div>
   <div class='ocr_carea' id='block_1_4' title="bbox 264 3340 464 3457">
    <p class='ocr_par' dir='ltr' id='par_1_7' title="bbox 264 3340 464 3457">
     <span class='ocr_line' id='line_1_32' title="bbox 265 3340 428 3390; baseline -0.018 0"><span class='ocrx_word' id='word_1_282' title='bbox 265 3340 428 3390; x_wconf 78' lang='lat' dir='ltr'>Exod-</span> 
     </span>
     <span class='ocr_line' id='line_1_33' title="bbox 264 3403 464 3457; baseline 0 0"><span class='ocrx_word' id='word_1_283' title='bbox 264 3406 368 3457; x_wconf 82' lang='lat' dir='ltr'>xvi.</span> <span class='ocrx_word' id='word_1_284' title='bbox 390 3403 464 3457; x_wconf 83' lang='lat'>16.</span> 
     </span>
    </p>
   </div>
   <div class='ocr_carea' id='block_1_5' title="bbox 605 4434 3002 4608">
    <p class='ocr_par' dir='ltr' id='par_1_8' title="bbox 605 4434 3002 4608">
     <span class='ocr_line' id='line_1_34' title="bbox 681 4434 3002 4514; baseline -0.001 -20"><span class='ocrx_word' id='word_1_285' title='bbox 681 4456 728 4495; x_wconf 86' lang='lat'>1.</span> <span class='ocrx_word' id='word_1_286' title='bbox 764 4437 929 4494; x_wconf 64' lang='grc' dir='ltr'>ἐδόκει</span> <span class='ocrx_word' id='word_1_287' title='bbox 953 4437 1019 4494; x_wconf 84' lang='grc' dir='ltr'>Ε.</span> <span class='ocrx_word' id='word_1_288' title='bbox 1162 4440 1214 4505; x_wconf 84' lang='lat'>8,</span> <span class='ocrx_word' id='word_1_289' title='bbox 1235 4458 1288 4513; x_wconf 88' lang='grc'>9.</span> <span class='ocrx_word' id='word_1_290' title='bbox 1323 4438 2152 4514; x_wconf 72' lang='grc' dir='ltr'>ἐπιτηδείων-περισπούδαστον</span> <span class='ocrx_word' id='word_1_291' title='bbox 2175 4458 2284 4498; x_wconf 86' lang='lat' dir='ltr'>om.</span> <span class='ocrx_word' id='word_1_292' title='bbox 2302 4440 2370 4497; x_wconf 87' lang='grc' dir='ltr'>Ε.</span> <span class='ocrx_word' id='word_1_293' title='bbox 2513 4456 2568 4511; x_wconf 88' lang='grc'>9.</span> <span class='ocrx_word' id='word_1_294' title='bbox 2602 4434 2920 4511; x_wconf 52' lang='lat' dir='ltr'>spon-rme</span> <span class='ocrx_word' id='word_1_295' title='bbox 2939 4434 3002 4491; x_wconf 80' lang='grc' dir='ltr'>Ε.</span> 
     </span>
     <span class='ocr_line' id='line_1_35' title="bbox 605 4522 1732 4608; baseline -0.001 -15"><span class='ocrx_word' id='word_1_296' title='bbox 605 4551 691 4604; x_wconf 81' lang='lat'>24.</span> <span class='ocrx_word' id='word_1_297' title='bbox 728 4522 1043 4605; x_wconf 60' lang='grc' dir='ltr'>συλλεξηὸι</span> <span class='ocrx_word' id='word_1_298' title='bbox 1069 4534 1135 4593; x_wconf 83' lang='grc' dir='ltr'>Ε.</span> <span class='ocrx_word' id='word_1_299' title='bbox 1346 4550 1436 4608; x_wconf 69' lang='grc' dir='ltr'>3ο.</span> <span class='ocrx_word' id='word_1_300' title='bbox 1472 4534 1644 4592; x_wconf 62' lang='grc' dir='ltr'>ἀδικοῖ</span> <span class='ocrx_word' id='word_1_301' title='bbox 1666 4532 1732 4592; x_wconf 82' lang='lat' dir='ltr'>E.</span> 
     </span>
    </p>
   </div>
  </div>
 </body>
</html>
