3238 5158
319 333 567 424 κίῃς,
591 350 698 422 50.
892 338 1001 403 IN
1061 337 1129 403 s,
1178 338 1702 405 JoANNEM.
1795 340 2164 408 LIB.1x.
2601 342 2728 407 341

319 501 545 602 μηδὲν
579 509 727 585 τῶν
759 506 1297 604 ἐντεταλμένων
1331 508 1535 613 αὐτῇ.
1611 508 1690 587 τί
1733 509 1974 590 τοίνυν
2009 506 2095 590 τὸ
2141 508 2369 616 ξένον,
2406 505 2465 587 ὦ
2497 507 2726 605 οὗτοι,
2758 514 2802 581 b

323 623 629 733 φήσειεν
665 629 757 709 ἄν
792 657 903 714 τις
940 630 1018 709 εὖ
1052 628 1258 730 μάλα
1294 630 1479 735 πρὸς
1517 617 1843 731 ἐκείνους,
1873 638 1932 713 εἰ
1962 632 2205 736 Λόγος
2238 629 2341 712 ὢν
2376 640 2506 712 τοῦ
2539 637 2734 711 Θεοῦ

325 753 444 830 καὶ
510 751 805 856 Πατρὸς
879 754 920 832 ὀ
985 751 1184 853 Υἱὸς,
1246 755 1384 861 οὐχ
1443 753 1698 860 ὥσπερ
1762 757 1804 836 ὃ
1870 756 2228 860 ἡμέτερος·
2310 753 2522 859 μείζω
2590 753 2735 858 γὰρ

322 872 597 961 παντὸς
669 878 1255 981 παραδείγματος
1326 877 1421 960 τὰ
1482 882 1650 984 περὶ
1712 885 1930 961 Θεοῦ·
2021 879 2155 981 τὴν
2211 888 2340 961 τοῦ
2405 877 2738 965 τεκόντος

260 1017 300 1080 5
324 998 545 1080 αὐτὸν
582 996 1018 1105 διερμηνεύει
1071 998 1402 1102 βουλήνς
1466 1000 1511 1103 ἢ
1565 1001 1711 1106 γὰρ
1763 1005 1923 1108 οὐχὶ
1973 1008 2092 1084 καὶ
2143 1002 2371 1105 ὄνομά
2423 1006 2727 1110 φησιν’
2695 1039 2736 1084 ο

323 1123 709 1232 προφήτης
745 1125 940 1232 αὐτῷ
975 1122 1607 1226 πρεπωδέστατον,
1644 1131 2030 1208 καλεῖσθαι
2068 1137 2114 1175 “
2143 1126 2501 1232 Μεγάλης
2548 1137 2732 1224 βου-
2829 1142 2915 1196 B
2930 1137 3003 1195 1¹·
3021 1144 3073 1194 ⁶·

328 1257 375 1295 “
406 1252 545 1348 λῆς
605 1248 1030 1353 αγγελον”
957 1311 979 1347 ,
1099 1251 1269 1328 ἀλλ’
1333 1245 1530 1350 οἶμαι
1593 1254 1712 1331 καὶ
1775 1261 1989 1333 τοῦτο
2063 1251 2408 1358 ὑπαρχειν
2467 1252 2731 1361 σαφές

328 1370 536 1453 οὖδεν
578 1383 965 1479 τοιγαροῦν
1011 1378 1111 1458 εἰς
1168 1408 1298 1460 τον
1339 1378 1469 1473 τῆς
1524 1373 1778 1460 οὐσίας
1825 1374 2075 1477 λόγον,
2116 1371 2278 1476 ἤτοι
2326 1379 2454 1478 τῆς
2503 1375 2739 1484 ἀξίας,

331 1498 672 1598 ὑπομενεῖ
725 1500 810 1579 τὸ
883 1497 1175 1593 βλάβος
1247 1498 1289 1577 ὃ
1357 1498 1805 1602 Μονογενὴς,
1864 1499 2001 1580 κᾶν
2058 1497 2311 1595 ἔντολῗιν
2365 1499 2739 1609 εἰληφέναι
2762 1531 2801 1574 0

224 1653 306 1698 ιο
331 1622 630 1726 λέγηται
684 1621 886 1728 παρὰ
939 1632 1067 1704 τοῦ
1113 1627 1308 1704 Θεοῦ
1362 1625 1481 1703 καὶ
1529 1622 1846 1728 Πατρός·
1906 1626 2057 1705 ἐπεὶ
2113 1628 2230 1705 καὶ
2286 1626 2484 1726 ἡμεῖς
2539 1627 2742 1707 αὐτοὶ

330 1746 692 1833 πολλάκις
726 1748 988 1852 ἑτέροις
1023 1744 1510 1848 ἐντελλόμεθά
1544 1782 1616 1829 τι
1662 1752 1778 1829 καὶ
1822 1752 2002 1854 δρᾶν
2037 1748 2527 1850 ἐπιτάττομεν,
2564 1744 2738 1831 ἀλλ’

330 1873 418 1954 οὐ
463 1872 727 1973 ταύτης
775 1873 976 1954 ἕνεκα
1024 1876 1152 1973 τῆς
1208 1874 1437 1957 αἰτίας
1492 1872 1626 1975 τὴν
1667 1870 1851 1977 πρὸς
1905 1874 2094 1974 ἡμᾶς
2147 1874 2535 1976 ὁμοιότητα
2589 1880 2733 1980 φυ-

331 1991 550 2097 σικὴν
604 1995 1064 2103 ἀρνήσονται,
1114 1996 1275 2078 οὐδὲ
1332 2032 1418 2078 το
1473 1994 1650 2078 εἶναι
1705 1995 1869 2078 καθ’
1919 1998 2107 2099 ἡμᾶς
2161 2001 2736 2098 ἀποβαλοῦνται,

332 2121 649 2224 ἧττον
600 2157 800 2208 οντες
848 2120 1246 2223 ὃμοοῦσιοι,
1285 2124 1403 2203 καὶ
1457 2157 1602 2226 προ
1660 2126 1790 2223 τῆς
1842 2124 2162 2223 ἐντολῆς,
2198 2126 2315 2204 καὶ
2371 2120 2554 2223 μετὰ
2609 2120 2753 2247 τὴν

229 2266 309 2330 15
334 2245 658 2348 ἐντολήν.

447 2367 668 2453 ”Αλλ
706 2372 882 2475 ἐρεῖς
930 2369 1044 2451 ὅτι
1093 2369 1396 2470 μένουσι
1437 2368 1568 2520 μὲν
1608 2367 2007 2472 ὃμοούσιοι,
2043 2369 2436 2472 ἡττώμενοι
2485 2369 2563 2452 δὲ
2614 2374 2743 2471 τῆς

332 2494 544 2609 ἀξίας
581 2496 1019 2598 ὑπηρετοῦσι
1054 2498 1185 2593 τῆς
1219 2495 1470 2600 παρ”
1429 2502 1622 2598 ημῖν.

452 2617 683 2722 Κάγὼ
734 2621 822 2702 δέ
858 2654 985 2701 σοι
1033 2617 1217 2724 πρὸς
1264 2617 1480 2700 τοῦτό
1532 2627 1724 2727 φημι
1770 2614 1933 2722 περὶ
1981 2626 2111 2699 τοῦ
2150 2616 2612 2724 Μονογενοῦς
2648 2625 2742 2701 Εἰ

333 2742 466 2843 μὲν
531 2742 675 2850 γὰρ
746 2747 874 2826 οὐκ
942 2744 1231 2850 ἐγράφη
1304 2747 1468 2847 περὶ
1530 2745 1775 2844 αὐτοῦ,
1840 2778 1952 2824 οτι
2040 2746 2165 2824 6ἐν
2227 2750 2480 2850 μορφῇ
2546 2749 2739 2824 Θεοῦ
2762 2774 2808 2839 d
2829 2726 2961 2844 6-8ss
2983 2744 3036 2776 ““

228 2886 311 2931 ²0
337 2877 384 2918 θ’
419 2866 764 2977 ὑπάρχων
798 2869 937 2976 οὐχ
985 2867 1378 2973 ἁρπαγμὸν
1411 2867 1746 2972 ἡγήσατο
1794 2867 1879 2950 τὸ
1926 2863 2185 2949 εἷναι”
2154 2902 2283 2948 ισα
2326 2873 2524 2976 Θεῷ,
2566 2868 2737 2948 ἀλλ’

336 3002 384 3042 “
419 2992 672 3076 ἑαυτὸν
750 2992 1055 3075 ἐκένωσε
1139 2990 1433 3101 μορφὴν
1507 2991 1775 3074 δούλου
1862 2989 2141 3091 λαβὼν,
2216 2994 2334 3073 καὶ
2413 2990 2742 3098 σχήματι

336 3126 384 3166 “
417 3120 720 3224 εὑρεθεὶς
774 3122 872 3204 ὡς
925 3118 1306 3223 ἅνθρωπος
1359 3118 1836 3199 ἐταπείνωσεν
1885 3114 2203 3209 ἑαυτὸν,”
2242 3113 2428 3223 εἶχεν
2478 3117 2570 3199 ἅν
2617 3153 2744 3200 σοι

335 3245 456 3324 καὶ
493 3243 621 3323 οὐκ
656 3244 1009 3324 ἀπίθανον
1044 3239 1277 3346 λόγον
1311 3245 1441 3342 τῆς
1478 3240 1891 3345 ἀντιλογίας
1925 3240 2011 3323 τὸ
2048 3244 2327 3348 σχῆμα·
2388 3243 2627 3343 ἐπειδὴ
2665 3240 2744 3323 δὲ

338 3372 467 3468 τῆς
503 3369 871 3470 ὑποταγῆς
915 3369 1032 3447 καὶ
1082 3365 1584 3450 ταπεινώσεως
1634 3362 1943 3469 ἐναργὴς
1992 3366 2034 3445 ὃ
2083 3364 2370 3469 τρόπος,
2408 3367 2487 3447 τί
2512 3370 2740 3474 ῥιψο-

228 3507 312 3572 25
337 3490 681 3576 κινδύνους
713 3493 1039 3599 ἐπιτιμᾷς
1076 3494 1181 3598 τῷ
1217 3490 1306 3570 δι’
1329 3489 1518 3590 ἡμᾶς
1555 3492 1674 3570 καὶ
1711 3498 1926 3571 τοῦτο
1962 3495 2218 3572 παθεῖν
2246 3490 2742 3591 ὖπομείναντις

335 3612 790 3722 πανταχόθεν
836 3621 1219 3719 τοιγαροῦν
1263 3618 1362 3699 εἰς
1416 3611 1776 3717 ὀρθότητα
1826 3608 2210 3717 δογμάτων
2252 3613 2747 3719 περιιστάντες

336 3739 468 3821 τὸν
524 3737 772 3843 λόγον,
824 3745 1282 3840 οἰκονομικῶς
1346 3739 1691 3842 εἰρηκέναι
1750 3738 1993 3847 φαμὲν
2045 3739 2176 3820 τὸν
2217 3738 2489 3844 Κύριον
2543 3740 2746 3841 ἡμῶν
2766 3778 2804 3823 ο

337 3865 633 3964 Ἰησοῦν
668 3860 1002 3969 Χριστὸν
1034 3860 1127 3944 τὰ
1162 3864 1239 3943 ἐν
1276 3869 1381 3970 τῷ
1413 3863 1858 3972 προκειμένῳ
1891 3866 2109 3972 ῥητῷ.

418 4111 466 4150 1.
500 4092 879 4164 ἐντεταλμένων
902 4092 968 4148 Ε.
989 4092 1320 4161 ἐνταλμᾶτων
1343 4090 1448 4148 Ed.
1605 4114 1660 4160 4.
1694 4092 2112 4164 παραδείγματος
2136 4092 2203 4149 Ε.
2227 4093 2619 4166 παραδείγματα
2646 4093 2748 4151 Ed.

342 4167 428 4222 18.
463 4165 604 4236 παρὰ
631 4165 696 4221 Ε.
913 4177 1000 4232 25.
1036 4164 1378 4233 ὑπομείναντα
1405 4163 1470 4219 Ε.
