3238 5158
592 327 722 391 512
1200 326 1280 392 B.
1328 323 1742 391 CYRILLI
1803 324 2386 391 ALEXANDR..
2745 323 2880 388 xiv.
2911 322 3009 386 28.
3211 252 3214 433 4

593 491 1235 601 κατευφραίνοντος
1281 492 1604 593 δύναμις.
1682 491 2176 595 συντέταγμαι
2212 491 2344 592 μὲν
2377 490 2522 595 γὰρ
2573 493 2672 575 ὡς
2717 492 3005 588 ἀναβη-
3207 436 3215 623 ⁴

594 617 904 717 σόμενος
943 615 1130 721 πρὸς
1181 653 1309 697 τον
1350 617 1647 720 Πατέρα
1702 620 1819 698 καὶ
1875 615 2091 714 Θεὸν,
2127 618 2300 697 ἀλλ’
2344 618 2455 698 ὅτι
2502 618 2620 696 καὶ
2669 614 3008 722 ἐπανήξω

595 741 824 823 πάλιν
875 741 1356 844 ἐπήγγελμαι.
1441 739 1843 845 καταραΐζει
1897 742 2139 822 τοίνυν
2193 740 2680 842 ἀκμαιοτάτην
2726 743 2810 820 ἐν
2855 746 3010 823 τοῖς

597 873 953 968 μαθηταῖς
998 865 1134 967 τὴν
1183 865 1429 966 λύπην
1472 866 1722 968 εὑρών·
1784 868 1904 946 καὶ
1956 863 2210 969 ὥσπερ
2265 865 2356 945 ἂν
2387 866 2456 946 εἴ
2493 899 2602 948 τις
2652 863 3010 972 φιλόπαις

531 997 577 1064 d
601 990 825 1076 ὅντως
877 990 1058 1094 ἀνὴρ
1113 992 1232 1071 καὶ
1287 990 1775 1093 ἀγαθώτατος,
1829 995 1959 1091 τῆς
2018 990 2449 1094 ἐνεγκούσης
2503 989 2832 1091 ἀπαίρειν
2888 986 3013 1068 ἐπί
3032 1010 3067 1071 5

599 1150 754 1197 τισι
828 1121 976 1195 τῶν
1043 1116 1454 1219 ἀναγκαίων
1515 1114 2039 1219 ἐκβιαζόμενος,
2106 1111 2258 1196 εἶτα
2329 1111 2527 1195 πολὺ
2595 1119 2743 1194 τῶν
2809 1114 3009 1192 ἰδίων

598 1238 864 1321 τέκνων
917 1237 1004 1320 τὸ
1058 1236 1369 1342 δάκρυον
1421 1240 1743 1338 βλέπων,
1794 1238 1928 1340 τὴν
1980 1239 2539 1346 τρυφερωτάτην
2590 1238 2832 1317 αὐτῶν
2887 1242 3006 1318 καὶ

601 1365 831 1472 φίλην
884 1364 1339 1469 καταβρέχον
1391 1361 1720 1467 παρειὰν,
1762 1362 1880 1445 διὰ
1932 1360 2211 1467 παντὸς
2259 1360 2404 1444 εἶσι
2456 1361 2706 1463 λόγου,
2745 1366 2865 1442 καὶ
2919 1362 3006 1442 τὸ

601 1490 681 1570 ἐκ
751 1492 880 1589 τῆς
951 1487 1355 1589 ἀποδημίας
1424 1486 1773 1586 ἐσόμενον
1836 1488 2113 1592 ἀγαθὸν
2176 1490 2282 1568 ἀεὶ
2341 1482 2852 1591 παρακομίζων
2909 1491 3008 1571 εἷς

601 1613 852 1713 μέσον,
911 1612 1327 1717 ἀνθοπλίζει
1387 1612 1662 1716 τρόπον
1726 1612 1887 1694 τινὰ
1942 1620 2099 1698 ταῖς
2154 1613 2419 1697 λύπαις
2479 1610 2615 1712 τὴν
2679 1613 2802 1690 ἐπὶ
2860 1618 3010 1695 τοῖς
3034 1638 3098 1681 ¹⁰

604 1738 927 1837 ἡδίστοις
996 1738 1283 1819 ἐλπίδα·
1379 1739 1569 1818 οὕτω
1654 1740 1773 1818 καὶ
1858 1737 1898 1816 ὅ
1976 1736 2242 1841 Κύριος
2321 1737 2524 1838 ἡμῶν
2589 1738 2888 1834 Ἰησοῦς
2970 1737 3010 1816 ὃ

547 1885 584 1930 θ
608 1860 938 1965 Χριστὸς
1000 1866 1129 1961 τῆς
1192 1868 1338 1942 τῶν
1403 1861 1634 1963 ἁγίων
1691 1866 1942 1968 ψυχῆς
2003 1862 2468 1964 περιστέλλει
2531 1857 2668 1960 τὴν
2729 1858 3004 1959 λύπην.

606 1983 761 2093 ᾔδει
796 1985 942 2089 γὰρ
974 1982 1149 2092 ᾔδει,
1180 1982 1368 2068 Θεὸς
1408 1983 1755 2090 ὑπάρχων
1793 1982 2152 2086 ἀληθινὸς,
2191 1983 2734 2093 φορτικωτάτην
2772 1985 3012 2068 αὐτοῖς

607 2110 912 2192 ἔσεσθαι
965 2108 1098 2209 τὴν
1140 2111 1539 2216 ἀπόλειψιν
1585 2111 1824 2209 αὐτοῦ,
1862 2110 2093 2190 καίτοι
2142 2108 2492 2192 συνόντος
2540 2110 2648 2188 ἀεὶ
2704 2107 2830 2189 διὰ
2886 2117 3013 2188 τοῦ
3213 2192 3214 2197 ,

611 2235 1054 2333 Πνεύματος·
1133 2234 1420 2338 ἀγάπης
1477 2232 1555 2314 δὲ
1600 2242 1816 2315 τοῦτο
1868 2237 1986 2314 καὶ
2036 2233 2413 2336 ὁσιότητος
2461 2235 2589 2332 τῆς
2637 2235 2736 2317 εἷς
2787 2233 3014 2336 ἄκρον
3041 2260 3100 2320 15
3213 2228 3214 2231 ¹

608 2358 994 2466 ἀπόδειξις.
1071 2357 1158 2440 τὸ
1198 2356 1340 2462 γὰρ
1378 2365 1698 2439 συνεῖναι
1729 2359 2133 2453 βούλεσθαι
2167 2363 2272 2466 τῷ
2309 2362 2646 2464 Χριστῷ,
2688 2364 2851 2443 πῶς
2887 2358 3015 2437 οὐκ
3213 2354 3214 2359 ¹

610 2487 902 2584 ἀληθῶς
951 2490 1098 2569 τοῖς
1149 2484 1377 2587 ἁγίοις
1428 2482 2084 2588 πρεπωδέστατον3
2149 2491 2265 2562 καὶ
2315 2491 2493 2586 γοῦν
2529 2483 2569 2561 ὃ
2608 2481 3018 2581 θαυμάσιος

614 2615 914 2695 Παῦλος
967 2617 1223 2689 τοῦτον
1276 2607 1461 2713 ἔχων
1517 2611 1594 2687 ἐν
1649 2610 1877 2714 ἐαυτῷ
1932 2604 2063 2688 τὸν
2113 2604 2397 2688 σκοπόν
2438 2613 2820 2710 Κρεῖσσον
2874 2607 3018 2712 γάρ

613 2741 836 2842 φησι,
879 2745 924 2783 “
944 2730 1028 2815 τὸ
1067 2735 1433 2813 ἀναλῦσαι
1469 2734 1587 2813 καὶ
1622 2731 1767 2813 σὺν
1804 2737 2111 2842 Χριστῷ
2146 2728 2390 2813 εἷναι.”

276 2606 411 2657 Phil.
434 2606 467 2657 i.

280 2687 357 2737 23·

685 2984 737 3040 5.
773 2969 1093 3062 ἆγαθότατος
1116 2969 1182 3025 Ε.
1399 2986 1482 3026 12.
1518 2971 1711 3042 ψυχῶν
1736 2969 1800 3025 Ε.
2011 2988 2092 3037 14.
2129 2970 2419 3043 ἀπόλειψιν
2443 2969 2509 3026 Ε.
2535 2977 2590 3025 et
2613 2970 2692 3025 ita
2716 2972 3026 3029 emendmt

617 3041 823 3114 Migne.
846 3042 1183 3113 ἀποκάλυψιν
1207 3040 1312 3098 Ed.
1530 3054 1613 3113 15.
1651 3041 1808 3111 ἄκρον
1832 3041 1898 3097 Ε.
1922 3040 2084 3113 ἄκραν
2109 3040 2211 3098 Ed.
