3238 5158
643 337 773 400 734
1249 338 1329 404 B.
1376 337 1800 405 CYRILLI
1856 338 2437 405 ALEXANDR.
2613 338 2770 402 xvii.
2806 356 2910 414 20,
2945 354 3045 401 21.

639 500 857 582 εἷπῶν
895 500 1138 590 Καθῶς
1185 503 1270 584 ab
1315 504 1538 612 Πάτερ
1588 506 1650 587 ἐν
1686 506 1832 611 ἐμοὶ
1889 503 2093 609 κάγῶ
2146 506 2206 584 ἓν
2250 513 2351 585 σοὶ
2398 505 2513 585 ’ἵνα
2574 514 2696 584 καὶ
2750 506 2944 582 αὐτοὶ
2995 501 3052 580 ἔτ

639 629 788 732 ἡμῖν
839 621 901 707 ἓν
945 628 1093 707 ὦσι·
1171 630 1682 733 περιαθρητεόν
1736 631 1815 709 εὖ
1867 629 2093 728 μάλα,
2137 630 2299 709 τίνα
2352 627 2441 729 δὴ
2497 629 2641 730 ἄρα
2694 623 3056 731 προσ-ἥκει

639 754 756 830 καὶ
810 748 938 832 τὸν
996 753 1111 833 ἐπὶ
1166 751 1443 838 τούτοις
1497 755 1683 855 ἡμᾶς
1736 751 2193 854 ποιήσασθαι
2250 752 2497 856 λόγον.
2582 754 2661 831 ἐν
2716 750 2856 850 μὲν
2912 749 3056 853 γὰρ

638 880 783 959 τοῖς
819 876 955 976 ἤδη
991 876 1487 986 παρῳχηκόσι,
1524 876 1653 958 τὸν
1688 882 1816 977 τῆς
1856 878 2045 961 θείας
2080 877 2407 977 ἑνότητος
2441 875 2720 980 τρόπον
2758 878 2880 955 καὶ
2927 874 3058 973 τὴν

639 999 954 1100 οὐσιῶδη
1026 1004 1152 1100 τῆς
1217 1001 1429 1103 ἁγίας
1498 998 1812 1105 Τριάδος
1885 1001 2289 1101 ταυτότητα
2362 1002 2480 1081 καὶ
2542 999 2678 1098 τὴν
2739 996 3056 1079 εὶσᾶπαν
3080 1027 3112 1087 5

639 1122 1057 1223 ἀναπλοκὴν
1112 1128 1634 1224 ἀπομιμεῖσθαι
1689 1128 1838 1205 δεῖν
1892 1127 2020 1206 οὐκ
2077 1125 2438 1207 ἀσυνέτως
2496 1125 2865 1226 ἐλέγομεν,
2925 1122 3056 1221 τὴν

639 1246 801 1326 καθ’
849 1246 1187 1347 ὁμόνοιάν
1242 1283 1319 1329 τε
1371 1253 1489 1330 καὶ
1545 1251 1962 1356 ὀμοψυχίαν
2017 1257 2163 1330 τῶν
2212 1246 2704 1330 πιστευόντων
2758 1247 3046 1326 ἕνωσιν·

637 1374 714 1452 ἐν
752 1371 827 1453 δὲ
881 1373 1160 1458 τούτοις
1214 1375 1353 1477 ἤδη
1408 1409 1565 1459 πως
1624 1378 1739 1455 καὶ
1797 1373 2115 1481 φυσικὴν
2160 1372 2292 1474 τὴν
2343 1369 2646 1472 ἑνότητα
2700 1370 3052 1451 δεικνύναι

641 1498 1158 1603 σπουδάζομεν,
1198 1500 1359 1580 καθ’
1398 1498 1491 1599 ἣν
1529 1500 1725 1599 ἡμεῖς
1774 1533 1853 1578 τε
1905 1500 2263 1600 ἀλλήλοις
2317 1501 2434 1577 καὶ
2479 1501 2546 1577 οἱ
2581 1495 2847 1581 πάντες
2888 1502 3051 1603 Θεῷ

644 1622 1116 1723 συνδούμεθα,
1162 1623 1322 1703 οὐδὲ
1377 1628 1506 1724 τῆς
1559 1623 1888 1723 ἑνότητος
1944 1627 2073 1722 τῆς
2129 1620 2313 1702 κατὰ
2365 1628 2586 1720 σῶμα
2640 1620 3048 1719 λειπόμενοι
3077 1656 3146 1696 10

304 1760 444 1817 998
462 1759 542 1816 A·
585 1774 621 1814 a
646 1745 854 1853 τάχα,
900 1751 1089 1855 φημὶ
1146 1746 1221 1828 δὲ
1276 1753 1403 1848 τῆς
1460 1755 1556 1832 εἰς
1610 1747 2009 1849 ἀλλήλους,
2056 1753 2113 1828 εἰ
2169 1750 2287 1828 καὶ
2346 1752 2436 1851 τῇ
2491 1753 2636 1827 τῶν
2685 1746 3048 1845 σωμάτων

644 1876 960 1979 διαφορᾷ
1015 1871 1509 1974 διεστήκαμεν,
1567 1872 1877 1953 ἑκάστου
1941 1880 2089 1953 τῶν
2143 1870 2309 1952 καθ’
2367 1873 2552 1972 ἡμᾶς
2615 1871 2800 1975 πρὸς
2865 1873 3048 1950 ἰδίαν

640 1993 891 2098 ὥσπερ
929 2001 1469 2103 ἀναχωροῦντος
1505 1996 1962 2104 περιγραφὴν
1998 2000 2115 2077 καὶ
2154 1995 2586 2079 ὑπόστασιν.
2658 1997 2743 2074 οὐ
2780 1994 2927 2098 γὰρ
2960 1992 3048 2074 ἂν

638 2120 742 2219 εἴη
797 2155 875 2201 τε
930 2125 1047 2200 καὶ
1096 2122 1386 2224 λέγοιτο
1435 2119 1657 2226 τυχὸν
1697 2126 2000 2206 Παῦλος
2051 2117 2181 2220 μὲν
2221 2123 2261 2202 5
2303 2121 2600 2225 Πέτρος,
2640 2121 2924 2221 Πέτρος
2973 2119 3048 2200 δὲ

638 2246 731 2324 αὖ
792 2241 1019 2325 πάλιν
1079 2247 1119 2326 5
1180 2251 1502 2344 Παῦλος,
1563 2250 1623 2325 εἰ
1689 2249 1805 2326 καὶ
1871 2248 1975 2351 τῷ
2039 2243 2284 2354 τρόπῳ
2344 2249 2470 2345 τῆς
2540 2242 2658 2323 διὰ
2718 2241 3049 2346 Χριστὸν
3078 2276 3147 2337 15

639 2370 962 2455 ἑνώσεως
1011 2370 1086 2452 ἓν
1120 2371 1344 2476 ἄμφω
1396 2378 1694 2452 νοοῖντο.
1792 2370 2047 2450 οὐκοῦν
2085 2370 2665 2471 ὁμολογουμένης
2718 2373 2847 2467 τῆς
2898 2374 3041 2473 φυ-

638 2499 849 2596 σικῆς
898 2494 1249 2598 ἑνότητος,
1286 2497 1409 2576 ε’πί
1457 2530 1534 2575 τε
1589 2492 1883 2599 Πατρὸς
1939 2497 2056 2574 καὶ
2108 2499 2310 2591 Υὶοῦ,
2357 2496 2585 2594 δῆλον
2630 2490 2708 2571 δὲ
2765 2491 2876 2572 ὅτι
2929 2496 3050 2572 καὶ

636 2621 894 2723 Ἀγίου
931 2619 1375 2721 Πνεύματος·
1437 2619 1565 2718 μία
1615 2618 1760 2722 γὰρ
1811 2616 2060 2718 θεότης
2111 2621 2188 2700 ἐν
2232 2620 2405 2727 ἁγίᾳ
2438 2616 2697 2723 Τριάδι
2733 2617 3039 2699 πιστεύ-

640 2778 791 2824 εται
850 2748 966 2824 καὶ
1033 2743 1427 2852 δοξάζεται·
1511 2745 1688 2850 φέρε
1751 2742 1839 2844 δὴ
1905 2744 2135 2824 πάλιν
2190 2743 2806 2840 διασκεπτῶμεθα,
2865 2740 3050 2822 κατὰ

638 2869 801 2949 τίνα
849 2865 1118 2971 τρόπον
1161 2872 1278 2948 καὶ
1334 2868 1530 2968 ἡμεῖς
1584 2869 1784 2949 αὐτοὶ
1840 2871 1960 2948 καὶ
2006 2866 2191 2971 πρὸς
2241 2867 2613 2967 ἀλλήλους
2661 2867 2738 2947 ἓν
2780 2901 3044 2965 σωμα·
3077 2909 3150 2949 20

572 3015 616 3081 b
641 2999 852 3078 τικῶς
924 3027 1001 3073 τε
1075 2995 1192 3073 καὶ
1265 2999 1758 3090 πνευματικῶς
1832 2995 1950 3073 καὶ
2024 2989 2208 3093 πρὸς
2277 2990 2470 3072 Θεὸν
2543 2989 3044 3095 εὑρισκόμεθα.

640 3118 897 3197 οὐκοῦν
936 3117 1024 3226 ἐξ
1069 3118 1288 3218 αὐτῆς
1338 3115 1787 3223 ἀναλάμψας
1834 3117 2003 3217 ἡμῖν
2038 3121 2165 3217 τῆς
2203 3125 2331 3197 τοῦ
2370 3121 2563 3196 Θεοῦ
2599 3118 2719 3195 καὶ
2758 3113 3055 3218 [Im-pbs—

641 3240 892 3325 οὐσίας
944 3242 984 3321 5
1034 3240 1482 3342 Μονογενὴς,
1523 3245 1639 3320 καὶ
1690 3239 1868 3320 ὅλον
1911 3238 2094 3346 ἔχων
2130 3242 2206 3321 ἐν
2244 3240 2388 3347 ἰδίᾳ
2437 3240 2660 3345 φύσει
2711 3238 2842 3318 τὸν
2880 3274 3048 3342 γεν-

299 3385 462 3451 Supra
484 3386 517 3437 i.
642 3364 988 3465 νήσαντα,
1027 3365 1276 3468 γέγονε
1327 3364 1549 3473 σὰρξ,
1596 3364 1781 3445 κατὰ
1829 3364 1958 3450 τὰς
2010 3364 2321 3471 γραφὰς,
2360 3361 2752 3466 ἀναμιγνὺς
2799 3361 3056 3465 ὥσπερ

306 3464 383 3514 ¹⁴⁰
638 3487 890 3569 ἑαυτὸν
923 3494 1014 3595 τῇ
1050 3489 1353 3597 ἡμετέρᾳ
1391 3489 1633 3597 φύσει,
1672 3489 1790 3569 διὰ
1829 3494 1954 3589 τῆς
2003 3488 2391 3595 ἀφράστου
2441 3487 2754 3568 συνόδου
2804 3522 2887 3568 τε
2937 3492 3054 3569 καὶ
3081 3521 3144 3580 ²5

637 3613 961 3721 ἑνῷσεως
996 3619 1124 3713 τῆς
1161 3613 1344 3719 πρὸς
1380 3612 1464 3694 τὸ
1502 3620 1721 3713 σῶμα
1760 3616 1958 3694 τουτὶ
1990 3613 2075 3693 τὸ
2113 3612 2259 3694 ἀπὸ
2303 3617 2430 3714 τῆς
2475 3616 2630 3714 γῆς,
2669 3614 2859 3692 οὕτω
2896 3646 2979 3693 τε
3015 3615 3055 3691 5

638 3736 860 3843 φύσει
920 3736 1107 3822 Θεὸς
1163 3734 1645 3842 κεχρημάτικέ
1692 3771 1769 3817 τε
1835 3740 1950 3816 καὶ
2015 3738 2310 3840 γέγονεν
2368 3739 2661 3836 ἀληθῶς
2725 3736 3052 3840 οὐράνιος

636 3860 1034 3963 ἅνθρωπος,
1086 3863 1169 3941 οὐ
1226 3859 1574 3970 θεοφόρος
1623 3861 1808 3941 κατά
1855 3895 2052 3944 τινας
2102 3868 2246 3940 τῶν
2288 3863 2601 3963 ἀκριβῶς
2651 3861 2733 3939 οὖ
2789 3861 3048 3942 συνέν-

636 4021 783 4069 των
827 3994 954 4066 τοῦ
1009 3986 1410 4089 μυστηρίου
1466 3984 1550 4066 τὸ
1606 3983 1859 4081 βάθος·
1933 3987 2102 4064 ἀλλ’
2143 3988 2220 4064 ἐν
2264 3986 2500 4092 ταύτῷ
2554 3982 2744 4069 Θεός
2799 4018 2881 4064 τε
2937 3988 3052 4065 καὶ

584 4110 1011 4214 οᾶνθρωπος
1057 4110 1175 4209 ὧν,
1215 4110 1331 4190 ἵνα
1379 4109 1471 4190 τὰ
1523 4106 1721 4191 πολὺ
1771 4110 2204 4214 διωρισμένα
2258 4107 2440 4188 κατὰ
2490 4105 2622 4208 τὴν
2662 4108 2896 4209 φύσιν
2933 4111 3048 4189 καὶ
3075 4136 3144 4193 30

635 4239 762 4334 τῆς
828 4232 1182 4336 ἀλλήλων
1242 4234 1601 4341 ὃμοφυΐας
1665 4232 2108 4341 ἐξεστηκότα
2167 4232 2587 4317 συνενῶσας
2656 4231 2912 4333 ὥσπερ
2977 4236 3051 4311 ἐν

635 4360 885 4467 ἑαυτῷ,
925 4361 1116 4442 θείας
1172 4357 1260 4459 δὴ
1323 4359 1618 4465 φύσεως
1666 4355 2002 4439 κοινωνόν
2048 4392 2125 4437 τε
2175 4358 2292 4436 καὶ
2341 4356 2649 4462 μέτοχον
2701 4356 3047 4462 ἀποδείξῃ

635 4542 776 4648 δβέ·
815 4567 827 4580 ·
864 4525 1283 4599 τούτοις-ἁγίας
1307 4544 1413 4581 om.
1442 4526 1507 4580 E.
1709 4543 1791 4598 13.
1831 4528 2011 4596 ὥσπερ
2036 4534 2377 4597 assumptum
2403 4542 2466 4581 ex
2493 4523 2560 4579 E.
2755 4541 2845 4595 32.
2886 4523 2949 4593 δὴ
2977 4522 3040 4578 Ε.

668 4618 691 4648 C
814 4635 827 4649 ο
