3238 5158
687 348 813 410 736
1292 349 1370 413 Β.
1420 348 1843 413 CYRILLI
1903 349 2485 416 ALEXANDR.
2672 350 2825 416 xvii.
2847 368 2939 427 20,
2963 367 3051 416 21·

686 524 728 560 “
766 510 956 610 ὦμεν
1041 513 1297 612 νήπιοι,
1373 512 1959 615 κλυδωνιζόμενοι
2044 520 2161 596 καὶ
2247 515 2790 622 περιφερόμενοι
2866 514 3057 594 παντὶ

687 647 729 683 “
766 638 1003 746 ἀνέμῷ
1064 643 1193 738 τῆς
1247 638 1720 722 διδασκαλίας
1772 641 1849 717 ἐν
1898 645 1988 743 τῇ
2045 643 2296 748 κυβείᾳ
2350 647 2496 721 τῶν
2543 638 2955 740 ἀνθρώπων,
2995 638 3059 713 ἐν

687 771 728 808 “
760 762 1162 868 πανουργίᾳ
1203 762 1385 863 πρὸς
1428 760 1559 863 τὴν
1594 763 1964 860 μεθοδειάν
2000 767 2128 864 τῆς
2162 764 2467 866 πλάνης,
2507 763 2966 863 ἀληθεύοντες
2996 758 3057 838 δὲ

684 895 728 932 “
765 887 841 965 ἐν
905 886 1156 993 ἀγάπῃ
1218 885 1654 993 αὐξήσωμεν
1718 890 1816 971 εἶς
1882 887 2098 967 αὐτὸν
2157 888 2249 969 τὰ
2315 891 2574 988 πάντα,
2640 889 2722 972 ὅς
2786 890 2973 966 ἐστιν
3022 887 3058 983 ἡ

681 1020 727 1057 “
765 1008 1076 1117 κεφαλὴ,
1114 1008 1460 1112 Χριστὸς,
1500 1010 1588 1117 ἐξ
1618 1011 1704 1090 οὗ
1735 1016 1884 1090 πᾶν
1918 1010 2003 1091 τὸ
2053 1020 2273 1110 σῶμα
2317 1011 3105 1116 συναρμολογούμενον5

681 1145 725 1182 “
763 1137 881 1214 καὶ
918 1131 1546 1237 συμβιβαζὸμενον
1584 1132 1701 1214 διὰ
1736 1132 1981 1236 πάσης
2019 1137 2212 1242 ἁφῆς
2259 1142 2387 1237 τῆς
2436 1136 2895 1243 ἐπιχορηγίας
2926 1131 3055 1213 κατ’

679 1269 724 1306 “
761 1258 1111 1362 ἐνέργειαν
1148 1260 1223 1338 ἐν
1259 1258 1497 1367 με’τρῷ
1545 1257 1702 1342 ἑνὸς
1753 1257 2064 1344 ἑκάστου
2112 1256 2379 1359 μέλους
2427 1261 2561 1361 τὴν
2605 1262 2916 1368 αὔξησιν
2952 1264 3060 1336 τοῦ

681 1393 723 1431 “
760 1383 1098 1482 σώματος
1150 1391 1449 1465 ποιεῖται
1499 1387 1593 1467 εἰς
1645 1382 2023 1482 οἰκοδομὴν
2060 1387 2312 1465 ἑαυτοῦ
2360 1386 2436 1464 ἐν
2471 1383 2795 1490 ἀγάπῃ.”
2855 1383 2955 1463 ὅτι
2995 1378 3060 1459 δὲ

620 1537 657 1581 o
680 1511 797 1588 καὶ
853 1507 984 1608 τὴν
1039 1509 1222 1588 κατὰ
1278 1514 1497 1606 σῶμα
1553 1506 1935 1608 νοουμένην
1991 1508 2271 1607 ἕνωσιν,
2329 1511 2518 1612 φημὶ
2574 1506 2667 1608 δὴ
2726 1506 2857 1607 τὴν
2904 1503 3061 1607 πρὸς

678 1630 1028 1734 Χριστὸν,
1088 1639 1152 1713 οἱ
1206 1636 1336 1733 τῆς
1390 1631 1598 1734 ἁγίας
1657 1634 1874 1711 αὑτοῦ
1929 1629 2199 1735 σαρκὸς
2253 1634 2330 1712 ἐν
2381 1631 2666 1740 μεθέξει
2720 1628 3058 1735 γεγονότες
3086 1655 3139 1696 10

680 1757 1303 1860 ἀποκερδαίνομεν,
1340 1755 1782 1858 μαρτυρήσει
1840 1753 2065 1837 πάλιν
2116 1757 2156 1835 ὁ
2206 1762 2506 1841 Παῦλος
2557 1761 2729 1861 περὶ
2784 1764 2906 1837 τοῦ
2953 1756 3061 1853 τῆς

342 1896 473 2012 Ενέ-
501 1897 571 1949 iii·
683 1881 1044 1976 εὐσεβείας
1093 1881 1493 1984 μυστηρίου
1542 1879 1778 1982 λε’γων
1816 1891 1859 1928 “
1882 1878 1992 1960 Ὃ
2040 1879 2305 1983 ἑτέραις
2355 1888 2631 1983 γενεαῖς
2685 1884 2814 1960 οὐκ
2859 1882 3054 1981 ἔγνω·

340 1974 387 2024 5·
447 2000 459 2011 ⁰
681 2015 724 2052 “
759 2005 980 2106 ρίσθη
1032 2012 1178 2089 τοῖς
1233 2010 1400 2088 υἱοῖς
1448 2009 1593 2085 τῶν
1630 2003 2052 2108 ἀνθρώπων,
2088 2008 2183 2088 ὡς
2234 2014 2362 2085 νῦν
2405 2006 2889 2110 ἀπεκαλύφθη
2937 2007 3061 2082 τοῖς

678 2139 720 2175 “
760 2129 989 2230 ἁγίοις
1025 2127 1470 2212 ἀποστόλοις
1507 2128 1725 2209 αὑτοῦ
1764 2131 1882 2208 καὶ
1917 2126 2326 2235 προφήταις
2370 2134 2447 2209 ἐν
2484 2129 2878 2228 Πνεύματι,
2912 2122 3060 2204 εἶναι

675 2262 720 2299 “
759 2251 849 2332 τὰ
887 2253 1054 2352 ε”θνη
1092 2250 1659 2355 συγκληρονόμα
1708 2255 1828 2333 καὶ
1876 2254 2301 2358 συμμέτοχα
2350 2257 2479 2353 τῆς
2526 2255 2957 2356 ἐπαγγελίας
2997 2250 3059 2327 ἐν
3084 2269 3134 2326 ¹5

677 2387 721 2424 “
758 2376 1124 2485 Χριστῷ.”
1212 2383 1271 2456 εὶ
1344 2376 1417 2456 δὲ
1494 2375 1891 2477 σύσσωμοι
1963 2374 2224 2461 πάντες
2296 2376 2659 2477 ἀλλήλοις
2734 2373 2946 2475 ἐσμὲν
2996 2372 3060 2450 ἐν

674 2508 1002 2610 Χριστῷ,
1042 2505 1157 2582 καὶ
1195 2502 1353 2607 οὐχὶ
1389 2498 1611 2602 μόνον
1650 2499 2026 2601 ἀλλήλοις,
2064 2499 2265 2581 ἀλλὰ
2305 2503 2422 2581 καὶ
2469 2501 2669 2610 αὐτῷ
2715 2504 2934 2602 δῆλον
2965 2494 3055 2575 ὅτι

674 2635 778 2735 τῷ
833 2630 909 2707 ἐν
966 2629 1133 2728 ἡμῖν
1188 2626 1534 2734 γινομένῳ
1591 2623 1707 2704 διὰ
1763 2629 1890 2724 τῆς
1946 2628 2126 2709 ἰδίας
2176 2628 2473 2729 σαρκός·
2545 2633 2710 2711 πῶς
2764 2627 2890 2706 οὐκ
2936 2621 3054 2720 ἤδη

602 2763 646 2829 d
678 2758 940 2859 σαφῶς
976 2753 1053 2832 ἕν
1086 2753 1307 2850 ἐσμεν
1343 2755 1407 2830 οὶ
1451 2749 1714 2834 πάντες
1766 2753 1882 2829 καὶ
1931 2752 2007 2829 ἐν
2043 2748 2401 2850 ἀλλήλοις
2450 2753 2566 2830 καὶ
2611 2752 2692 2830 ἐν
2727 2750 3050 2853 Χριστῷς

677 2875 999 2979 Χριστὸς
1026 2874 1168 2978 γάρ
1197 2878 1396 2955 ἐστιν
1435 2876 1474 2954 ὁ
1512 2878 1642 2974 τῆς
1676 2871 2004 2974 ἑνότητος
2042 2875 2470 2973 σύνδεσμος,
2501 2874 2696 2958 Θεός
2731 2909 2810 2954 τε
2844 2866 3044 2972 ὖπάρ-
3076 2895 3135 2937 20

674 3035 827 3105 χων
862 3004 938 3080 ἐν
974 3002 1208 3108 ταύτῷ
1245 3002 1359 3080 καὶ
1400 2999 1802 3101 ἅνθρωπος.
1882 3002 2045 3100 περὶ
2084 2998 2170 3077 δέ
2197 3032 2282 3100 γε
2318 3002 2446 3097 τῆς
2478 2998 2808 3081 ἑνῶσεως
2842 3000 2960 3094 τῆς
2990 2993 3054 3070 ἐν

679 3123 1065 3225 Πνεύματι,
1131 3125 1263 3224 τὴν
1329 3121 1551 3223 αὐτὴν
1615 3119 1867 3225 ὥσπερ
1930 3129 2076 3202 τῶν
2142 3119 2621 3224 θεωρημάτων
2690 3118 3056 3202 διαθέοντες·

675 3251 949 3351 τρίβον,
987 3252 1280 3353 ἐροῦμεν
1316 3246 1405 3348 δὴ
1454 3244 1707 3339 πάλιν,
1748 3245 1858 3326 ὅτι
1906 3245 2168 3330 πάντες
2218 3245 2294 3328 ἓν
2340 3250 2457 3326 καὶ
2504 3244 2590 3327 τὸ
2641 3243 2818 3327 αὐτὸ
2867 3239 3052 3348 δεξᾶ·

674 3407 874 3472 μενοι
915 3378 1236 3471 Πνεῦμα,
1273 3374 1460 3480 φημὶ
1512 3370 1600 3471 δὴ
1652 3369 1738 3450 τὸ
1771 3371 2058 3473 Ἀγιον,
2097 3369 2768 3473 συνανακιρνάμεθα
2814 3366 3056 3472 τρόπον

673 3497 832 3577 τινὰ
867 3499 983 3576 καὶ
1019 3496 1377 3598 ἀλλήλοις
1414 3500 1529 3576 καὶ
1568 3500 1757 3603 Θεῷ.
1837 3502 1896 3575 εἰ
1944 3495 2089 3599 γὰρ
2139 3497 2256 3575 καὶ
2305 3501 2615 3579 πολλοῖς
2667 3496 2878 3575 οὖσιν
2910 3491 3055 3591 ἡμῖν
3076 3506 3129 3568 ²5

670 3620 810 3700 ἀνὰ
857 3622 1091 3723 με’ρος,
1129 3621 1413 3729 ἑκάστῳ
1465 3618 1550 3700 τό
1601 3654 1678 3700 τε
1729 3627 1858 3700 τοῦ
1908 3617 2199 3723 Πατρὸς
2251 3621 2368 3699 καὶ
2412 3617 2497 3700 τὸ
2547 3617 2730 3699 ἴδιον
2773 3611 3053 3714 ἐνοικίζει

673 3752 973 3845 Πνεῦμα
1009 3745 1353 3849 Χριστὸς,
1391 3747 1561 3823 ἀλλ’
1601 3743 1678 3824 ἕν
1715 3746 1873 3824 ἐστι
1912 3746 2027 3823 καὶ
2065 3744 2476 3846 ἀμέριστον,
2512 3740 2603 3822 τά
2651 3747 2782 3843 τῆς
2828 3737 3043 3837 ἀλλή-

668 3882 822 3949 λων
886 3870 1213 3971 ἑνότητος
1284 3869 1799 3968 διακεκομμένα
1870 3867 2260 3968 πνεύματα,
2323 3865 2507 3947 κατά
2575 3900 2662 3969 γε
2737 3862 2823 3946 τὸ
2894 3857 3054 3943 εἶναι’

669 4002 927 4100 φαμεν,
965 3997 1041 4075 ἐν
1078 4000 1168 4100 τῇ
1219 3995 1383 4074 καθ’
1425 3993 1734 4100 ὕπαρξιν
1778 3989 2071 4091 ἰδιότητι
2122 3992 2431 4095 συνέχον
2480 3996 2572 4075 εἶς
2625 3989 2936 4090 ἑνότητα,
2971 3983 3043 4061 δι’

332 4139 642 4195 100οΔ.ει
671 4122 923 4201 ἑαυτοῦ
980 4123 1097 4200 καὶ
1200 4119 1374 4204 ὡςὲν
1427 4154 1498 4198 τι
1556 4116 1723 4202 τοὺς
1774 4116 2050 4200 πάντας
2111 4115 2634 4221 ἀναφαίνεσθαι
2690 4120 2936 4194 ποιοῦν
2982 4107 3046 4184 ἐν
3068 4136 3126 4194 30

737 4338 790 4386 4.
829 4317 911 4390 ὅς]
941 4318 1044 4375 ὅσά
1069 4318 1135 4373 Ε.
1392 4330 1476 4388 15.
1513 4312 1940 4388 συγκληρονόμα]
1976 4320 2033 4379 -1-
2064 4320 2170 4371 “et
2194 4312 2598 4384 concorpores”
2626 4310 2820 4381 Georg.
2840 4307 3041 4396 :Pl-apet-

667 4394 775 4443 “et
813 4389 1262 4460 concorporales”
1301 4386 1566 4442 traductio
1615 4388 1821 4451 Latina,
1863 4394 2003 4440 recte
2050 4393 2112 4440 ut
2149 4384 2393 4447 videtum
2447 4383 2567 4438 vide
2609 4383 2656 4437 εἰ
2697 4382 2753 4437 δὲ
2789 4392 3044 4443 ‹tvo-como·

662 4462 845 4529 paullo
869 4461 1024 4515 infra.
1096 4459 1350 4514 Attamen
1376 4458 1537 4512 verba
1560 4459 1646 4512 καὶ
1671 4457 1936 4526 σύσσωμα
1960 4473 2072 4511 non
2097 4455 2314 4510 exhibet
2340 4454 2381 4508 F
2384 4492 2400 4509 .
2655 4471 2737 4508 21.
2781 4451 2960 4521 Usque
2982 4439 3042 4496 ad

664 4531 757 4585 fin.
785 4548 845 4584 ca
883 4531 968 4585 itis
994 4532 1119 4586 citat
1144 4549 1198 4601 p.
1615 4545 1704 4582 22.
1742 4525 2093 4599 διατρεύοντες
2118 4526 2183 4581 Ε.
2210 4523 2499 4582 διαθέοντες
2524 4528 2626 4580 τῶν
2649 4521 2976 4595 owpnpdw
2993 4530 3040 4584 Ρ·

666 4618 751 4667 24.
789 4602 851 4671 δὴ
909 4602 964 4654 δὲ
991 4621 1045 4673 p.
1264 4614 1350 4672 27,
1391 4599 1445 4655 ἕν
1471 4617 1578 4654 om.
1607 4599 1674 4654 Ε.
