3238 5158
251 344 385 411 xiv.
413 362 474 431 7.
824 348 940 415 IN
1000 350 1066 416 s,
1117 347 1632 416 JOANNEM.
1716 347 2083 416 LIB.1x.
2528 349 2658 413 413

252 523 301 562 ‘⁴
336 511 690 619 Πατέρα.”
750 515 935 596 ἰτέον
971 516 1097 597 οὖν
1131 516 1272 619 ἄρα
1307 513 1493 597 κατᾶ
1526 516 1659 618 τὴν
1693 525 1824 598 τοῦ
1857 513 2320 620 προκειμένου
2358 514 2659 613 δύναμιν

251 636 401 719 ἀπὸ
436 643 566 738 τῆς
601 639 869 724 εἰκόνος
905 642 1019 720 ἐπὶ
1068 638 1155 721 τὸ
1204 640 1631 747 ἀρχέτυπον,
1667 644 1787 721 καὶ
1837 640 1982 721 ἀπὸ
2032 648 2161 720 τοῦ
2207 641 2658 746 χαρακτῆρος
2679 664 2716 708 θ

250 761 359 843 ἐπ’
393 764 665 844 ἐκεῖνον
709 761 799 864 δὴ
851 761 1144 848 πάντως
1198 765 1283 845 οῦ
1339 766 1456 845 καὶ
1512 763 1672 845 ἐστι
1728 761 2119 870 χαρακτὴρ,
2164 766 2283 845 καὶ
2331 764 2435 861 οὐ,
2474 759 2659 842 κατά

249 919 451 971 τινας
523 893 689 968 τῶνΧ
739 887 1174 996 ἑτεροδοξεῖν
1246 886 1618 986 εἰωθότων,
1677 891 2009 972 ἐπακτοῖς
2088 922 2242 968 τισι
2316 891 2433 969 καὶ
2508 893 2657 970 τοῖς

179 1024 223 1087 5
255 1010 522 1118 ἔξωθεν
565 1011 933 1119 ἀξιώμασι
987 1012 1572 1118 σχηματίζεσθαί
1619 1018 1860 1119 φαμεν
1900 1010 2029 1093 τὸν
2063 1012 2244 1093 Υἰὸν
2289 1010 2474 1115 πρὸς
2528 1007 2658 1089 τὸν

258 1135 555 1239 Πατέρα
611 1134 793 1234 οὐδὲ,
837 1135 1161 1241 καθάπερ
1211 1143 1359 1220 τοῖς
1415 1137 1914 1235 πλανωμένας
1971 1140 2180 1234 δοκεῖ,
2225 1135 2429 1215 εἰκὼν
2480 1130 2658 1213 εἶναι

255 1258 541 1363 λέγεται
595 1269 724 1341 τοῦ
777 1265 971 1342 Θεοῦ
1022 1262 1143 1341 καὶ
1191 1259 1503 1364 Πατρὸς,
1553 1263 1656 1345 ὡς
1706 1258 1891 1365 ἔχων
1940 1260 2161 1340 αὐτοῦ
2215 1257 2347 1360 τὴν
2401 1257 2651 1366 δόξαν,

254 1383 390 1484 τὴν
443 1386 762 1483 δύναμιν,
812 1383 947 1485 τὴν
1001 1386 1298 1492 σοφίαν,
1352 1384 1646 1492 φύσεως
1701 1383 1932 1486 γεμὴν
1985 1384 2225 1488 ἑτέρας
2281 1381 2651 1489 ὑπάρχων·

254 1518 487 1591 ταῦτα
520 1509 666 1614 γὰρ
701 1510 983 1590 ἐκείνων
1019 1507 1114 1589 τὰ
1156 1506 1561 1613 ληρῆματα,
1599 1512 1717 1589 καὶ
1765 1508 1811 1608 ἦ
1860 1508 2400 1614 κεκομψευμένη
2451 1515 2650 1614 φλυ-

148 1667 234 1708 10
262 1637 447 1739 αρία,
484 1641 772 1733 μᾶλλον
809 1632 885 1714 δὲ
922 1632 1333 1734 δυσσέβεια,
1369 1631 1554 1737 πρὸς
1588 1631 2004 1736 ἀνατροπὴν
2040 1636 2496 1732 ἐπινοηθεῖσα
2536 1634 2655 1711 καὶ
2677 1663 2713 1704 a
2769 1647 2990 1708 771A.

237 1748 678 1859 ’καθαίρεσιν
739 1762 867 1856 τῆς
929 1755 1485 1859 ὁμοουσιότητος
1552 1766 1684 1838 τοῦ
1740 1763 1942 1856 Υἰοῦ,
2000 1754 2186 1860 κατά
2246 1785 2332 1858 γε
2393 1753 2523 1836 τὸν
2580 1757 2657 1835 ἐν

259 1881 498 1966 αὐτοῖς
567 1879 862 1964 ἀνόσιόν
921 1916 1001 1963 τε
1075 1884 1194 1962 καὶ
1266 1880 1630 1989 θεομάχον
1691 1879 1999 1963 σκοπόν·
2088 1882 2259 1960 ἀλλ’
2324 1884 2421 1964 ὡς
2478 1879 2656 1965 Υἱὸς
2726 1911 2741 1928 “·

254 2009 572 2108 ἀληθῶς,
626 2010 705 2088 ἐκ
768 2012 899 2109 τῆς
958 2016 1089 2088 τοῦ
1145 2013 1336 2088 Θεοῦ
1397 2010 1516 2087 καὶ
1572 2005 1867 2111 Πατρός
1907 2008 2177 2090 ὀὐσίας
2232 2001 2655 2110 ἀποῤῥήτως

256 2137 376 2212 καὶ
425 2134 909 2237 ἀπερινοήτως
957 2135 1335 2234 γεννηθεὶς,
1365 2129 1744 2238 χαρακτήρ
1785 2132 1986 2212 ἐστιν
2022 2131 2240 2211 αὐτοῦ
2286 2134 2403 2210 καὶ
2450 2129 2679 2210 εἰκὼν·

145 2276 228 2336 15
260 2260 376 2336 καὶ
431 2255 909 2359 ἀπαύγασμα,
968 2256 1210 2363 φέρων
1263 2259 1339 2337 ἐν
1393 2258 1611 2365 οἰκείᾳ
1669 2255 1894 2362 φύσει
1947 2259 2076 2354 τῆς
2133 2262 2262 2335 τοῦ
2326 2253 2656 2339 τεκόντος

257 2379 476 2461 αὐτὸν
511 2381 765 2465 οὐσίας
812 2377 899 2461 τὸ
948 2381 1145 2477 ἰ’διον,
1183 2382 1300 2461 καὶ
1345 2387 1491 2461 τῶν
1526 2386 1859 2489 φυσικῶν
1892 2377 2535 2478 πλεονεκτημάτων
2569 2378 2655 2458 τὸ

257 2507 559 2590 κάλλος.
648 2505 735 2586 οὐ
783 2502 928 2608 γὰρ
979 2503 1435 2605 ἀπόπληκτοι
1485 2506 1638 2586 κατ’
1678 2504 1976 2589 ἐκείνους
2026 2504 2345 2603 ἐσόμεθα
2400 2506 2517 2584 καὶ
2561 2509 2656 2587 εἰς

254 2638 472 2710 τοῦτο
536 2630 987 2726 δυσβουλίας
1049 2628 1177 2710 τὸν
1240 2634 1495 2709 οἰκέῖον
1557 2627 2075 2729 κατωθήσομεν
2137 2635 2330 2727 νοῦν,
2393 2631 2489 2711 ὡς
2554 2633 2657 2734 τῷ

261 2752 445 2834 κατὰ
495 2754 724 2860 ’φύσιν
768 2755 898 2834 οὐκ
947 2751 1123 2835 ὄντα
1171 2752 1411 2856 λέγειν
1449 2759 1615 2861 Θεῷ
1673 2751 1939 2852 ὅμοιον,
1972 2750 2153 2855 μήτε
2208 2749 2353 2852 μὴν
2399 2753 2477 2830 ἐκ
2530 2755 2658 2849 τῆς
2681 2759 2726 2825 b

141 2906 236 2949 20
262 2879 512 2963 οὐσίας
575 2877 1002 2983 γεννηθέντα
1065 2886 1192 2958 τοῦ
1258 2883 1450 2958 Θεοῦ
1521 2880 1640 2957 καὶ
1707 2877 2021 2982 Πατρὸς,
2081 2873 2215 2976 τὴν
2274 2882 2402 2958 τοῦ
2465 2880 2660 2956 Θεοῦ

258 3002 712 3109 χαρίσασθαι
760 3002 1004 3110 δόξαν,
1041 2999 1088 3103 ἢ
1142 3004 1259 3082 καὶ
1308 2999 1534 3109 φάναι
1582 3002 1945 3083 δύνασθαί
1988 3035 2164 3083 ποτε
2214 2998 2299 3081 τὸ
2347 3033 2655 3100 πεποιη-

255 3127 475 3228 μένον
526 3126 738 3225 ὅλως,
780 3131 897 3207 καὶ
949 3125 1035 3207 τὸ
1091 3125 1179 3234 ἐξ
1229 3127 1356 3207 οὐκ
1412 3124 1639 3208 ὄντων
1685 3133 1783 3212 εἰς
1836 3126 1922 3206 τὸ
1980 3122 2154 3207 εἶναι
2207 3122 2659 3230 παρενεχθὲν,

255 3248 392 3350 τὴν
426 3253 626 3333 θείαν
661 3248 1245 3355 ἀπαραλλάκτως
1281 3248 1594 3357 φορέσαι
1630 3249 1929 3349 δύναμιν
1964 3253 2081 3331 καὶ
2130 3249 2431 3357 σοφίαν,
2473 3247 2660 3354 ἔχειν

257 3370 334 3454 δὲ
368 3378 592 3461 οὕτως
630 3379 744 3460 ὡς·
763 3372 851 3455 ἂν
889 3382 1122 3456 νοοῖτο
1158 3373 1380 3481 τυχὸν
1416 3376 1459 3475 ἦ
1496 3374 1653 3456 θεία
1685 3408 1763 3455 τε
1799 3378 1916 3456 καὶ
1952 3375 2256 3480 ἅῤῥητος
2298 3383 2427 3455 τοῦ
2464 3379 2659 3455 Θεοῦ

143 3523 232 3585 25
264 3499 555 3604 Πατρός
600 3500 846 3607 φύσις.
925 3500 1003 3580 τί
1041 3496 1187 3602 γὰρ
1234 3497 1323 3580 ἂν
1358 3498 1464 3600 εἴη
1511 3498 1597 3579 τὸ
1649 3499 2174 3603 παραλλάττον
2207 3498 2311 3580 ἔτι
2356 3507 2658 3599 ποιητοῦ

239 3627 379 3703 καὶ
421 3622 841 3725 ποιήματος,
880 3620 927 3724 ἢ
978 3624 1057 3703 τί
1092 3622 1179 3703 τὸ
1226 3630 1695 3723 μεσολαβοῦν
1733 3626 1851 3703 καὶ
1888 3622 2231 3729 διακόψαι
2269 3621 2657 3723 δυνάμενον
2678 3648 2718 3692 0

258 3750 388 3848 τῆς
450 3745 882 3850 ταυτότητος
945 3751 1073 3848 τῆς
1142 3750 1219 3827 ἐν
1274 3746 1486 3854 οὐσίᾳ
1549 3747 1739 3853 φημὶ
1802 3745 1886 3826 τὸ
1945 3745 2244 3850 γεγονὸς
2305 3755 2436 3827 τοῦ
2501 3748 2655 3827 κτί·

258 3905 575 3970 σαντος;
633 3879 696 3953 εἰ
728 3871 875 3976 γὰρ
910 3872 1100 3956 ὅλως
1135 3872 1279 3977 ἔχει
1315 3869 1447 3972 τήν
1482 3905 1562 3950 τε
1612 3871 1836 3978 δόξαν
1870 3873 1989 3950 καὶ
2038 3868 2170 3971 τὴν
2205 3870 2504 3971 δύναμιν
2540 3872 2659 3950 καὶ

258 3996 393 4096 τὴν
451 3996 731 4104 σοφίαν
794 3998 1032 4093 αὐτοῦ,
1106 3993 1291 4076 κατὰ
1353 3995 1483 4076 τὸν
1552 3994 1719 4076 ’ίσον
1782 3992 2055 4099 τρόπον
2124 3997 2228 4102 τῷ
2302 4000 2470 4102 Θεῷ
2541 3999 2662 4076 καὶ

143 4153 232 4214 3ο
265 4127 524 4226 Πατρὶ,
582 4121 661 4202 τί
715 4119 800 4203 τὸ
861 4120 1100 4224 μεῖζον
1157 4122 1233 4201 ἐν
1293 4120 1505 4228 αὐτῷ,
1560 4119 1641 4199 τί
1697 4118 1773 4200 δὲ
1834 4117 1920 4198 τὸ
1983 4118 2210 4199 πλέον
2276 4117 2419 4226 ἔξει
2486 4120 2656 4221 παρ’
2715 4190 2741 4198 ,,

256 4246 463 4347 ἡμᾶς,
537 4245 695 4347 ἤτοι
782 4244 916 4346 τὴν
998 4245 1256 4343 κτίσιν,
1330 4243 1475 4347 ἐγὼ
1554 4240 1689 4343 μὲν
1760 4249 1978 4324 εἰπεῖν
2056 4243 2184 4322 οὐκ
2263 4240 2357 4321 ἀν
2428 4242 2663 4349 ἔχοιμι

256 4377 654 4471 παντελῶς,
691 4369 1088 4475 ἀπορήσειν
1131 4368 1207 4450 δὲ
1256 4365 1753 4470 ὑπολαμβάνω
1803 4368 2187 4451 κάκείνους.
2268 4366 2527 4447 οὐκοῦν
2577 4367 2663 4446 οὐ

620 4613 702 4673 17.
739 4586 1060 4671 ἀπόπληκτα
1086 4599 1153 4656 Ε.
1813 4610 1900 4669 27.
1937 4595 2214 4666 αὐτότητος
2240 4593 2309 4651 Ε.
