3238 5158
184 318 341 382 xvii.
377 319 469 397 18,
505 339 596 404 ¹9·
675 318 788 383 IN
851 318 918 381 S.
968 317 1483 383 JOANNEM.
1576 316 1771 382 LIB.
1818 316 1942 382 XI.
2033 316 2237 384 CAP.
2270 318 2355 384 X.
2475 319 2603 383 719

183 482 339 563 οἷον
392 483 950 587 μεμερισμένως.
1015 483 1538 568 ἱδιοσυστάτως
1592 481 1726 584 μὲν
1765 484 1912 588 γὰρ
1963 480 2148 563 εἶναι’
2198 489 2439 590 φαμεν
2473 482 2604 563 τὸν

183 607 391 705 Υἱὸν,
455 607 878 711 ἐνυπάρχειν
942 607 1019 688 δὲ
1078 609 1170 688 αὖ
1231 614 1336 715 τῷ
1402 608 1555 716 ἰδίῳ
1624 606 2019 712 γεννήτορι,
2092 610 2209 688 καὶ
2276 605 2462 711 ἔχειν
2527 608 2604 685 ἐν

184 733 420 839 ἐαυτῷ
492 729 622 811 τὸν
691 731 1165 835 γεννήσαντα.
1263 731 1372 812 ὅτι
1438 731 1513 813 δὲ
1574 732 1659 813 τὸ
1719 742 1847 814 τοῦ
1916 729 2209 835 Πατρὸς
2270 735 2599 828 Πνεῦμα,

188 861 492 955 Πνεῦμα
537 858 863 962 φαίνεται
912 866 1043 937 τοῦ
1076 862 1281 956 Υὶοῦ,
1320 859 1439 937 καὶ
1486 865 1616 937 τοῦ
1655 857 1948 962 Πατρὸς
1996 858 2403 955 πέμποντος
2447 857 2605 957 ἤτοι

118 1007 155 1066 5
186 978 544 1077 διανέμειν
579 981 1214 1083 ἐπαγγελλομένου
1258 987 1409 1067 τοῖς
1460 981 1691 1083 ἁγίοις
1734 980 1929 1080 αὐτὸ,
1967 982 2342 1062 διαδίδωσι
2375 979 2604 1061 πάλιν

187 1107 289 1187 ὡς
326 1103 506 1183 ἴδιον
544 1106 584 1184 5
623 1105 818 1202 Υἱὸς,
858 1102 974 1185 διὰ
1021 1103 1155 1205 τὴν
1190 1103 1591 1206 ταυτότητα
1625 1109 1756 1205 τῆς
1804 1106 2057 1190 οὐσίας
2101 1105 2187 1207 ἧς
2235 1104 2379 1210 ἔχει
2421 1104 2604 1206 πρὸς

188 1227 325 1307 τὸν
353 1230 668 1332 Πατέρα,
700 1236 818 1309 καὶ
853 1228 963 1309 ὅτι
997 1228 1184 1332 πρὸς
1218 1235 1367 1310 πᾶν
1395 1231 1634 1310 ὁτιοῦν
1670 1227 1955 1332 ἐνεργὸς
1992 1231 2034 1309 5
2064 1226 2324 1331 Πατὴρ
2360 1230 2445 1308 δι’
2478 1228 2599 1308 αὖ-
2632 1263 2669 1308 ο

186 1358 348 1447 τοῦ,
378 1352 819 1457 σαφέστατα
854 1349 1079 1433 πάλιν
1116 1350 1330 1439 αὐτὸς
1367 1352 1879 1455 διαμεμήνυκεν
1916 1353 2133 1435 εἰπών
2166 1364 2212 1401 “
2241 1353 2603 1458 Συμφέρει
2693 1354 2870 1486 ἓξὲξ,

190 1475 510 1573 “thaffu‘'
479 1511 592 1556 ινα
629 1475 772 1579 ἐγὼ
810 1476 1133 1557 ἀπέλθω·
1204 1477 1329 1557 ἐὰν
1376 1477 1522 1583 γὰρ
1556 1477 1661 1577 μὴ
1698 1476 2018 1576 ἀπέλθω,
2054 1480 2096 1557 5
2137 1474 2603 1626 παράκλητος

123 1611 236 1679 0“
278 1601 362 1679 οὐ
421 1599 523 1701 μὴ
585 1598 766 1707 ἔλθῃ
815 1635 997 1704 προς
1049 1603 1254 1696 ὑμᾶς·
1335 1601 1510 1682 ὅταν
1566 1602 1643 1682 δὲ
1696 1601 2011 1700 ἀπέλθω,
2053 1603 2329 1708 πέμψω
2384 1599 2604 1681 αὐτὸν

192 1737 237 1772 “
277 1724 462 1825 πρὸς
535 1727 789 1824 ὑμᾶς,”
859 1727 937 1834 ἐν
1012 1725 1274 1828 ἕτεροις
1359 1725 1577 1806 εἰπών
1652 1737 1696 1774 “
1728 1724 1957 1828 Κάγω
2050 1725 2393 1829 ἐρωτήσω
2474 1723 2603 1804 τὸν
2695 1741 2776 1858 fg
2805 1743 2906 1793 xiv.

194 1860 239 1896 ‘⁶
282 1847 578 1951 Πατέρα
634 1884 750 1929 και
805 1849 1043 1930 ἀλλον
1084 1848 1573 1953 Παράκλητον
1630 1851 1922 1931 δώσει’
1885 1852 2098 1949 υμῖν·’
2190 1848 2607 1956 ἀναφανδὸν
2766 1845 2779 1858 ’

194 1979 274 2054 ἐν
327 1971 606 2058 τούτοις
651 1973 863 2058 αὐτὸς
913 1974 1083 2073 ἡμῖν
1124 1973 1252 2055 τὸν
1306 1975 1776 2078 παράκλητον
1818 1975 2319 2082 καταπέμψειν
2373 1975 2599 2076 ἐπαγ·

196 2095 564 2201 γε’λλεται.

88 2261 109 2300 1
130 2259 171 2315 5
310 2220 608 2321 Ἐπειδὴ
665 2224 904 2302 τοίνυν
958 2223 1531 2325 προβέβληνται,
1580 2232 1832 2328 φησὶν,
1872 2231 1970 2308 εἶς
2013 2223 2444 2323 ἀποστολὴν
2480 2221 2610 2321 τὴν

198 2349 276 2426 ἐν
335 2345 590 2454 κόσμῳ
646 2344 812 2427 καθ’
873 2346 1258 2447 ὁμοιότητα
1322 2346 1455 2448 τὴν
1510 2347 1710 2447 ἐμὴν,
1773 2352 1841 2426 οἱ
1900 2355 2049 2432 τοῖς
2107 2349 2301 2445 ἐμοῖς
2363 2345 2614 2447 λόγοις

197 2470 800 2574 προσεδρεύοντες
861 2472 1183 2572 μαθηταί
1231 2474 1506 2578 Τήρησον
1562 2467 1837 2567 αὐτοῦς,
1895 2468 2058 2574 ἅγιε
2117 2487 2181 2550 Π
2189 2469 2364 2577 einp,
2420 2473 2483 2551 ἐν
2538 2475 2618 2578 τῇ

197 2595 487 2704 ἀληθείᾳ.
542 2633 683 2691 σου,
721 2598 1093 2678 τουτέστιν
1138 2600 1214 2676 ἐν
1248 2602 1352 2704 τῷ
1395 2601 1513 2704 σῷ
1551 2593 1802 2704 Λόγῳ,
1846 2599 1922 2676 ἐν
1959 2592 2018 2704 ᾧ
2075 2599 2191 2674 καὶ
2248 2596 2334 2674 δι’
2387 2595 2471 2674 οὗ
2527 2592 2611 2675 τὸ
2638 2614 2681 2678 d

197 2717 491 2823 ἁγιάζον
527 2721 694 2800 ἐστι’
720 2754 796 2800 τε
836 2725 953 2800 καὶ
998 2718 1286 2824 πρόεισι
1325 2725 1646 2822 Πνεῦμα.
1730 2724 1845 2799 καὶ
1886 2720 1993 2804 τίς
2040 2727 2266 2799 ταῦτα
2323 2718 2615 2821 λέγοντι

88 2882 172 2922 20
197 2849 301 2949 τῷ
341 2848 625 2945 Σωτῆρι
673 2844 1001 2941 σκοπός;
1064 2846 1176 2950 ἐφ’
1218 2846 1403 2943 ἡμᾶς
1459 2841 1717 2929 αὐτοῦς
1772 2843 1901 2925 τὸν
1954 2847 2030 2925 ἐν
2071 2843 2441 2942 Πνεύματι
2495 2846 2614 2924 καὶ

196 2967 319 3047 διά
358 2965 779 3067 Πνεύματος
819 2967 1187 3070 ἀγιασμὸν
1222 2967 1461 3049 ἐκάλει
1506 2967 1710 3074 παρὰ
1749 2966 2064 3071 Πατρὸς,
2117 2971 2232 3048 καὶ
2290 2967 2468 3068 ὅπερ
2523 2964 2614 3067 ἦν

194 3095 275 3172 ἐν
311 3092 480 3191 ἡμῖν
515 3090 663 3172 ἀπὸ
699 3091 1007 3195 πρώτων
1040 3096 1170 3191 τῆς
1205 3090 1548 3193 γενέσεως
1591 3093 1874 3198 χρόνων
1911 3097 2027 3173 καὶ
2079 3094 2155 3171 ἐν
2192 3095 2450 3196 ἀρχαῖς
2484 3099 2613 3171 τοῦ

196 3219 641 3314 πεποιῆσθαι
676 3214 876 3318 παρὰ
913 3222 1127 3313 Θεοῦ,
1165 3224 1376 3297 τοῦτο
1411 3214 1640 3297 πάλιν
1677 3218 1754 3297 ἐν
1790 3218 1960 3317 ἡμῖν
1993 3215 2612 3320 ἀναζωπυρεΐσθαι

199 3338 562 3433 βούλεται.
637 3344 754 3420 καὶ
796 3337 1024 3421 ταῦτα’
1061 3350 1321 3447 φαμεν,
1358 3338 1483 3420 ἅτε
1529 3338 1618 3440 δὴ
1667 3341 2164 3440 μεσιτεύοντος
2201 3343 2319 3419 καὶ
2364 3338 2449 3418 τὸ
2487 3346 2615 3420 τοῦ

88 3504 172 3560 25
198 3461 673 3563 παρακλήτου
720 3462 1123 3567 πρόσωπον
1159 3468 1753 3566 ἀποπληροῦντος
1801 3464 1978 3565 ὑπὲρ
2021 3464 2225 3563 ἡμῶν
2260 3461 2442 3565 πρὸς
2486 3462 2615 3543 τὸν

199 3592 277 3668 ἐν
335 3595 485 3672 τοῖς
546 3588 868 3691 οὐρανοῖς
929 3590 1222 3692 Πατέρα
1287 3597 1415 3669 τοῦ
1477 3595 1966 3690 Μονογενοῦς.
2073 3589 2243 3667 ἀλλ’
2311 3588 2427 3668 ἵνα
2484 3590 2613 3682 τῆς

199 3713 561 3816 ἀσαφείας
618 3715 732 3791 καὶ
789 3712 919 3793 τὸν
976 3715 1091 3793 ἐπὶ
1151 3713 1383 3821 τούτῳ
1444 3712 1674 3813 λόγον
1730 3711 2345 3802 ἀπαλλάττοντες,
2404 3710 2608 3792 εὐκά-

199 3870 472 3916 τοπτον
530 3842 677 3918 τοῖς·
729 3833 1201 3938 ἀκροωμένοις
1252 3836 1386 3936 τὴν
1436 3844 1580 3917 τῶν
1616 3836 1998 3942 εἰρημένων
2034 3834 2614 3937 καταστήσωμεν

202 3959 530 4055 δύναμιν,
572 3958 744 4065 φέρε
784 3993 852 4038 τι
889 3959 1132 4064 βραχὺ
1167 3964 1326 4062 περὶ
1362 3970 1491 4041 τοῦ
1526 3960 2115 4063 πρωτοπλάστου
2152 3959 2502 4061 λέγωμεν.

91 4126 177 4184 30
303 4080 513 4234 Ἔφη
572 4082 813 4163 τοίνυν
878 4088 1210 4232 Μωυσῆς
1275 4086 1317 4164 5
1375 4084 1763 4169 θεσπέσιος
1827 4089 1990 4184 περὶ
2048 4085 2287 4180 αὑτοῦ,
2348 4082 2457 4163 ὅτι
2522 4079 2671 4181 &72
2709 4117 2847 4173 033
2866 4117 2944 4172 Α,

203 4216 382 4310 χοῦν
436 4206 582 4287 ἀπὸ
639 4209 774 4309 γῆς
829 4206 1087 4301 λαβὼν
1133 4209 1172 4286 5
1212 4206 1399 4293 Θεὸς
1454 4208 1735 4288 ἔπλασε
1787 4207 1914 4288 τὸν
1970 4206 2377 4309 ανθρωπον.
2458 4202 2610 4286 εἶτα
2698 4216 2826 4344 ξω·
2851 4232 2901 4266 ¹¹·

201 4331 288 4412 τὸ
362 4331 543 4439 ζῷον
601 4337 697 4416 εἰς
761 4330 888 4412 τὸν
952 4329 1225 4411 τέλειον
1289 4367 1486 4433 αγων
1546 4331 2027 4434 ἀπαρτισμὸν,
2093 4329 2286 4414 ὅπως
2350 4366 2426 4411 τε
2493 4333 2607 4409 καὶ
2734 4318 2747 4331 ’

202 4457 365 4535 τίνα
420 4453 690 4557 τρόπον
738 4454 1087 4561 ἐψυχώθη
1145 4456 1506 4534 διδάσκων
1558 4466 1599 4501 “
1621 4456 2049 4562 ἐνεφύσησε,
2098 4459 2345 4558 φησὶν,
2383 4460 2478 4539 εἰς
2523 4451 2607 4533 τὸ
2698 4490 2777 4540 lb.
