3238 5158
171 365 404 432 xvii.1.
492 366 607 432 IN
666 368 734 434 S.
782 366 1296 433 JOANNEM.
1388 366 1578 433 LIB.
1628 367 1752 432 XI.
1843 366 2049 433 CAP.
2097 365 2229 432 111.
2436 364 2566 429 659

171 536 294 632 τῆς
347 532 679 635 γλώττης
724 532 772 632 ἡ
821 533 1197 633 εὐκοσμία.
1274 534 1415 613 τίνι
1469 531 1611 636 γὰρ
1650 532 1735 612 οὐ
1789 529 2085 638 σφόδρα
2140 527 2565 634 καταφανὲς,

173 658 266 740 ὣς
317 657 608 742 εὔκολος
662 659 831 738 λίαν
865 658 942 738 ἐν
974 664 1129 740 ταῖς
1173 656 1669 759 εὶκαιολογῖαις
1713 656 2042 756 μάλιστα
2074 659 2220 734 τῶν
2257 653 2386 734 οὐκ
2422 653 2471 733 ἕ
2506 688 2564 732 ω

104 875 117 879 ,
171 777 428 887 ψόγων
459 782 505 882 ἡ
540 778 990 890 ἐπεισφορά,
1054 784 1169 861 καὶ
1197 790 1376 884 γοῦν
1410 781 1552 889 ἔφη
1606 816 1716 867 τις
1769 779 2008 888 σοφός
2067 789 2109 828 “
2141 780 2277 859 Ἐκ
2322 788 2560 860 πολυ-

173 914 217 951 “
250 905 505 1008 λογίας
590 908 719 986 οὐκ
793 905 1105 1015 ἐκφεύξῃ
1180 905 1558 1008 ἁμαρτίαν,
1634 902 2051 1015 φειδόμενος
2124 901 2198 983 δὲ
2274 900 2569 1008 χειλέων
2592 928 2629 971 c

114 1053 148 1116 5
175 1037 215 1076 “
250 1029 534 1130 νοήμων
568 1031 774 1137 ἕσῃ.”

276 1154 860 1256 Ἀποθαυμάσεις
902 1154 989 1237 δέ
1031 1190 1102 1235 τι
1148 1154 1332 1259 πρὸς
1385 1155 1616 1264 τούτῳ
1674 1157 1789 1234 καὶ
1846 1154 2087 1257 ἕτερον
2142 1152 2225 1231 οὐ
2278 1148 2572 1263 μετρίαν

172 1278 337 1378 ἡμῖν
370 1282 706 1379 ἐμποιοῦν
753 1277 886 1380 τὴν
921 1280 1196 1382 ὄνησιν.
1263 1285 1563 1360 ποιεῖται
1616 1276 1762 1381 γὰρ
1812 1277 1946 1378 τὴν
1991 1280 2118 1377 τῆς
2160 1276 2571 1380 προσευχῆς

175 1402 503 1510 ἀπαρχὴν
540 1403 716 1508 ὑπὲρ
753 1402 969 1511 δόξης
1017 1407 1144 1504 τῆς
1186 1404 1442 1483 ἑαυτοῦ
1491 1407 1609 1483 καὶ
1658 1406 1787 1502 τῆς
1821 1411 1950 1482 τοῦ
1991 1396 2304 1503 Πατρός·
2381 1431 2562 1477 συν-

175 1527 553 1609 αναπλέκει
604 1525 678 1608 δὲ
725 1527 905 1628 μετὰ
958 1536 1168 1609 τοῦτο
1220 1530 1339 1608 καὶ
1387 1526 1914 1630 παρεισκομίζει
1961 1528 2404 1629 παραχρῆμα
2439 1521 2571 1622 τὴν

87 1694 154 1735 10
178 1651 344 1757 ὑπὲρ
398 1653 624 1753 ἡμῶν.
703 1655 822 1734 καὶ
874 1654 982 1738 τίς
1034 1652 1081 1753 ἡ
1127 1649 1544 1759 πρόφασις;
1603 1650 1965 1732 ἀναπείθει
2020 1648 2109 1751 δὴ
2155 1647 2390 1764 ’πάλιν
2443 1644 2572 1726 τὸν

176 1779 428 1878 ἐπιεικῆ
468 1782 587 1858 καὶ
634 1778 1223 1885 θεοφιλέστατον,
1260 1779 1377 1857 καὶ
1408 1761 1753 1882 ’τεχνίτην
1788 1777 2079 1875 ἀληθῶς
2116 1777 2210 1856 εἷς
2252 1804 2566 1876 προσευ-

176 1898 307 2004 χὴν
369 1899 758 2006 ἐργάζεται.
847 1899 1097 2004 ὥσπερ
1164 1900 1312 2005 γὰρ
1370 1903 1846 2003 ἀγαθουργεῖν
1904 1900 2090 2000 ἡμᾶς
2153 1900 2269 1978 καὶ
2333 1894 2574 1978 πάντα

178 2030 348 2124 δρᾶν
400 2028 812 2128 ἀναγκαῖον,
849 2026 979 2106 οὐκ
1032 2032 1131 2110 εἷς
1186 2024 1410 2131 δόξαν
1445 2022 1578 2124 τὴν
1626 2022 1971 2125 ἡμετέραν
2026 2020 2158 2122 τὴν
2212 2026 2309 2106 εἷς
2362 2028 2574 2101 τοῦτο
2598 2042 2642 2107 d

177 2149 499 2251 σπουδὴν
534 2150 1137 2254 παρατρέποντας,
1167 2150 1336 2228 ἀλλ’
1378 2154 1475 2232 εἷς
1509 2147 1643 2247 τὴν
1677 2155 1807 2228 τοῦ
1837 2145 2128 2250 Πατρὸς
2163 2151 2310 2227 τῶν
2345 2144 2568 2243 ὅλων,

90 2299 155 2359 15
180 2275 359 2376 φημὶ
412 2272 503 2374 δὴ
558 2282 686 2353 τοῦ
742 2278 959 2354 Θεοῦ·
1038 2283 1082 2321 “
1109 2269 1487 2379 λαμψάτω
1550 2269 1695 2375 γάρ
1755 2278 1945 2377 φησι
2007 2269 2089 2351 τὸ
2155 2275 2313 2375 φῶς
2379 2272 2576 2368 ὑμῶν
2664 2271 2912 2389 ἓζᾏέῒὼ·

180 2405 220 2443 “
254 2397 662 2502 ἔμπροσθεν
698 2403 845 2477 τῶν
882 2395 1301 2501 ἀνθρώπων,
1328 2395 1524 2480 ὅπως
1560 2395 1773 2475 ἰ’δωσι
1807 2393 1901 2475 τὰ
1927 2392 2121 2475 καλά
2153 2394 2331 2497 ἔργα
2356 2395 2576 2493 ὑμῶν,

181 2528 223 2566 “
258 2525 372 2602 καὶ
427 2520 810 2629 δοξάσωσι
862 2519 992 2603 τὸν
1050 2520 1344 2627 Πατέρα
1400 2522 1598 2620 ὑμῶν
1650 2517 1779 2600 τὸν
1833 2502 1917 2602 ’ἐν
1976 2525 2122 2603 τοῖς
2182 2518 2504 2620 οὐρανοῖς
2514 2518 2575 2563 ·”

181 2646 357 2726 οὕτω
411 2649 531 2727 καὶ
581 2651 678 2731 εἷς
726 2645 940 2752 εὐχὴν
975 2646 1473 2729 διανιστᾶντος
1528 2645 1713 2744 ἡμᾶς
1768 2653 1896 2724 τοῦ
1953 2650 2200 2747 καιροῦ
2253 2640 2397 2747 πρὸ
2433 2650 2580 2723 τῶν

179 2768 529 2876 ἡμετέρων
572 2769 666 2852 τὰ
712 2775 811 2855 εἶς
846 2775 1041 2851 Θεοῦ
1097 2770 1321 2878 δόξαν
1376 2775 1594 2849 αἰτεῖν
1647 2768 2271 2871 πρεπωδέιπατον,
2327 2765 2578 2869 ὥσπερ

90 2928 159 2970 20
181 2893 298 2973 οὖν
370 2893 624 2993 ἀμέλει
692 2896 809 2975 καὶ
883 2892 1097 2979 αὐτὸς
1170 2896 1210 2973 ὁ
1277 2892 1603 2996 Χριστός
1677 2902 1721 2941 “
1748 2895 1991 2991 Οὕτω,
2067 2894 2318 2999 φησὶν,
2385 2893 2579 2988 ὑμεῖς
2665 2895 2759 3026 ἐξ
2771 2897 2841 3011 J}-

182 3028 222 3065 ‘⁶
252 3019 750 3125 προσεύχεσθε
790 3019 1035 3123 Πάτερ
1092 3019 1296 3118 ἡμῶν
1340 3021 1382 3098 ὃ
1428 3021 1504 3097 ἐν
1548 3024 1698 3102 τοῖς
1753 3019 2098 3120 οὐρανοῖς,
2154 3013 2577 3117 ἁγιασθήτω

181 3150 222 3187 “
254 3141 336 3223 τὸ
374 3142 604 3242 ὄνομά
629 3176 792 3241 σου,
818 3143 1086 3223 ἐλθέτω
1123 3143 1168 3242 ἡ
1204 3143 1553 3238 βασιλεία
1579 3175 1745 3239 σου,
1771 3138 2139 3244 γενηθήτω
2171 3136 2255 3220 τὸ
2295 3136 2578 3238 θέλημά
2601 3170 2637 3212 e

184 3274 224 3311 ‘⁶
260 3301 397 3347 σου
432 3271 532 3351 ὡς
572 3268 649 3348 ἐν
685 3268 962 3374 οὐρανῷ
1016 3270 1134 3347 καὶ
1191 3267 1305 3347 ἐπὶ
1362 3269 1488 3365 τῆς
1544 3269 1700 3368 γῆς·
1766 3263 1892 3344 τὸν
1930 3264 2149 3367 ἄρτον
2204 3263 2406 3363 ἡμῶν
2451 3260 2581 3345 τὸν

180 3397 221 3434 “
255 3391 618 3472 ἐπιούσιον
672 3387 796 3475 δὸς
851 3391 1019 3490 ἡμῖν
1071 3389 1461 3494 σήμερον.ῗ’
1531 3390 1754 3473 τύπος
1805 3389 1930 3468 οὖν
1965 3388 2117 3490 ἄρα
2171 3392 2584 3492 προσευχῆς

91 3553 118 3591 2
125 3517 274 3609 5⁵²⁵*
308 3515 491 3614 ἡμᾶς
525 3514 609 3595 τὸ
645 3512 1159 3618 πραττόμενον.
1230 3514 1369 3594 ἔδει
1408 3512 1548 3616 γὰρ
1586 3514 1723 3594 ἔδει
1759 3508 2032 3596 παντὸς
2069 3512 2237 3611 ἡμῖν
2272 3513 2577 3614 ἀγαθοῦ,

183 3640 295 3717 καὶ
327 3648 454 3720 τοῦ
502 3636 684 3742 πρὸς
722 3636 915 3719 Θεὸν
953 3637 1499 3740 ἀνακομίζοντος
1535 3636 1807 3741 τρόπου
1842 3634 2159 3737 ἡγεμόνα
2196 3638 2312 3716 καὶ
2349 3643 2574 3737 καθη-

185 3760 425 3864 γητὴν,
478 3764 563 3843 οὗ
615 3763 970 3866 πρέσβυν,
1018 3764 1146 3843 οὐκ
1202 3761 1545 3864 ἄγγελον,
1581 3761 1754 3841 ἀλλ’
1795 3759 2013 3840 αὐτὸν
2056 3762 2581 3865 ἀναφαίνεσθαι
2672 3767 2757 3818 ΕΒ·
2781 3767 2907 3817 ¹¹¹5*-

181 3882 304 3965 τὸν
365 3885 722 3992 Χριστόν.
803 3884 1208 3987 κεκλήμεθα
1271 3886 1415 3990 γὰρ
1476 3885 1598 3965 καί
1657 3888 1879 3983 ἐσμεν
1933 3883 2156 3968 ὅντως
2214 3885 2399 3964 κατὰ
2453 3884 2583 3986 τὴν
2674 3848 2721 3898 9·

182 4018 304 4089 τοῦ
336 4009 717 4117 προφήτου
750 4009 1003 4116 φωνήν
1040 4012 1385 4117 Διδακτοζ
1422 4014 1637 4090 Θεοῦ.
2674 4005 2755 4134 {¹32
2781 4005 2869 4055 Ην·

89 4165 163 4221 30
288 4136 391 4213 Τι’
439 4132 517 4215 δὲ
572 4132 662 4234 δὴ
717 4136 842 4213 καί
886 4141 1076 4239 φησι
1125 4131 1308 4236 πρὸς
1356 4133 1485 4213 τὸν
1533 4133 1784 4213 ἑαυτοῦ
1826 4133 2142 4236 Πατέρα,
2183 4132 2459 4236 πρέπον
2495 4128 2584 4211 ἀν

72 4266 77 4271 ’
185 4255 285 4355 εἴη
350 4259 874 4364 νουνεχέοτατα
938 4261 1264 4338 κατιδεῖν.
1354 4260 1496 4336 δεῖν
1553 4254 1697 4358 γὰρ
1767 4253 1961 4353 οἶμαι
2022 4255 2205 4357 μετὰ
2268 4257 2583 4360 δριμείας

185 4378 369 4467 τινὸς
419 4386 545 4481 τῆς
582 4381 1063 4486 ἐπιτηρήσεως
1098 4386 1188 4485 τῇ
1237 4387 1382 4461 τῶν
1420 4380 1828 4483 λεγομένων
1867 4382 2126 4488 θεωρίᾳ
2178 4379 2574 4485 προσβάλ·
2607 4408 2643 4449 a
2686 4395 2819 4452 947
2838 4393 2920 4449 A·

2657 775 2806 826 Prov,
2832 791 2882 825 x.

2662 855 2738 907 19.

534 4637 585 4689 3.
622 4622 926 4692 πολυλόγου
954 4621 1017 4676 Ε.
1469 4620 1520 4675 6.
1557 4622 1770 4690 μετρίαν
1795 4621 1857 4676 Ε.
1881 4620 2099 4691 μετρίως
2126 4618 2227 4673 Ed.

1293 4724 1336 4785 4
1368 4722 1403 4765 P
1438 4722 1473 4766 2
