3238 5158
601 331 648 393 4
1207 330 1289 396 Β.
1336 330 1755 397 CYRILLI
1813 332 2386 399 ALEXANDR.
2737 331 2871 397 viii.
2901 351 3006 400 21.

603 493 884 597 καίρως,
920 496 1038 574 καὶ
1085 492 1413 598 εἰρηκότα
1462 502 1748 602 σαφῶς,
1786 495 1896 577 ὅτι
1932 500 2159 579 ταῦτα
2207 492 2586 579 ἐδίδασκεν
2623 496 2684 577 ἐν
2719 503 2814 604 τῷ
2863 502 3006 603 ἱερῷ

604 616 804 721 παρὰ
857 617 942 698 τὸ
996 618 1541 727 γαζοφυλάκιον
1595 621 1637 698 ὃ
1693 618 1971 724 Σωτὴρ,
2020 628 2140 702 καὶ
2200 615 2402 706 οὐδεὶς
2458 621 2736 701 ἐπίασεν
2784 620 3002 699 αὐτόν.

605 738 1067 844 ἐπεμαρτύρει
1115 740 1260 844 γὰρ
1309 740 1559 846 ὥσπερ
1608 749 1757 827 τοῖς
1804 746 1970 847 παρ’
2014 745 2231 824 αὐτοῦ
2265 741 2603 849 ῥήμασιν,
2640 738 2822 844 ἅπερ
2860 739 3004 846 ἔφη

604 862 787 965 πρὸς
820 865 1206 948 Ἰουδαίους·
1242 865 1361 945 ὅτε
1396 864 1957 973 συλληψόμενοι
2002 871 2346 970 παρῆσαν
2382 863 2598 945 αὐτόν
2634 874 2678 911 “
2704 864 2837 947 Ὠς
2885 865 3001 944 ἐπὶ

538 992 581 1056 d
608 997 650 1034 “
686 985 976 1092 λῃστὴν
1028 986 1371 1094 ἐξήλθετε
1434 988 1615 1087 μετὰ
1681 997 2055 1095 μαχαιρῶν
2108 992 2226 1070 καὶ
2289 989 2538 1096 ξύλων
2591 992 3002 1081 συλλαβεῖν
3029 1012 3072 1073 5

608 1119 650 1156 “
686 1143 776 1207 με
804 1142 825 1203 ;
884 1113 1051 1190 καθ’
1090 1110 1360 1214 ἡμέραν
1395 1110 1826 1214 ἐκαθεζόμην
1861 1117 1937 1194 ἐν
1973 1121 2075 1222 τῷ
2114 1118 2275 1221 ἱερῷ
2311 1110 2675 1191 διδάσκων
2710 1113 2828 1189 καὶ
2871 1110 3000 1189 οὐκ

604 1242 650 1280 “
687 1232 1137 1336 ἐκρατήσατέ
1178 1236 1337 1333 με.”
1416 1239 1534 1315 καί
1584 1238 1669 1316 οὐ
1717 1235 1947 1336 δήπου
1998 1234 2297 1344 φήσειεν
2342 1235 2432 1314 ἄν
2467 1269 2575 1319 τις
2624 1231 2716 1315 τὰ
2762 1231 3001 1313 εἰκότα

607 1362 918 1462 φρονῶν,
956 1360 1053 1441 ὡς
1103 1360 1440 1464 ἐπῃτιᾶτο
1489 1356 1656 1443 τοὺς
1691 1362 2077 1443 Ἰουδαίους
2127 1360 2236 1439 ὅτι
2284 1356 2386 1459 μὴ
2438 1356 2772 1460 πρόωρον
2804 1356 2999 1462 αὐτῷ

602 1478 687 1559 τὸ
723 1479 956 1566 πάθος
989 1479 1386 1585 ἐπήγαγον,
1428 1484 1600 1561 ἀλλ’
1641 1482 1804 1563 οὐδὲ
1846 1482 1957 1563 ὅτι
2004 1479 2132 1563 τὸν
2167 1482 2419 1562 δέοντα
2454 1475 3001 1584 παρελάσαντες

601 1603 885 1708 χρόνον,
927 1610 1216 1707 βραδεῖς
1271 1602 1521 1709 ὥσπερ
1576 1603 1903 1710 ἐβάδιζον
1945 1608 2061 1687 ἐπὶ
2117 1605 2203 1686 τὸ
2258 1610 2514 1710 χρῆναι
2569 1606 2993 1708 μιαιφονεῖν.
3030 1630 3118 1673 10

600 1727 880 1831 ἐλέγχει
927 1726 1003 1806 δὲ
1050 1733 1342 1825 μᾶλλον
1377 1727 1660 1826 αὐτοὺς,
1707 1731 1804 1815 ὡς
1851 1729 2217 1829 οἰηθέντας
2268 1729 2657 1824 ἀσυνέτως,
2699 1728 2819 1805 καὶ
2867 1726 3004 1829 οὐχ

601 1848 887 1934 ἑκόντος
962 1851 1179 1929 αὐτοῦ
1250 1850 1727 1952 περιέσεσθαί
1792 1887 1994 1953 ποτε,
2068 1855 2185 1932 καὶ
2259 1852 2744 1951 βιασαμένους
2811 1849 3002 1927 ἑλεῖν

604 1972 959 2053 δύνασθαι
995 1970 1122 2052 τὸν
1158 1971 1358 2053 οὐδὲν
1395 1972 1634 2054 εἰδότα
1668 1982 1925 2056 παθεῖν
1962 1980 2021 2054 εἰ
2056 1975 2157 2076 μὴ
2195 1976 2561 2072 βούλοιτο.
2630 1984 2673 2020 “
2699 1973 3003 2051 Ἐκαθε-

548 2122 584 2166 Θ
608 2105 651 2143 “
686 2095 906 2199 ζὸμην
938 2094 1083 2199 γὰρ
1130 2093 1492 2177 διδάσκων
1527 2100 1603 2178 ἐν
1640 2103 1742 2206 τῷ
1788 2104 1951 2207 ἱερῷ
1999 2100 2117 2178 καὶ
2166 2100 2294 2179 οὐκ
2345 2094 2794 2201 ἐκρατήσατέ
2834 2095 2996 2194 με·”

604 2220 689 2298 οὐ
725 2218 869 2322 γὰρ
902 2218 1323 2319 ἠβουλόμην
1358 2220 1543 2313 τότε,
1582 2221 1752 2300 ἀλλ’
1794 2224 1949 2302 οὐδ’
1989 2220 2082 2302 ἂν
2117 2228 2214 2307 εἰς
2250 2224 2335 2302 τὸ
2371 2220 2606 2324 παρὸν
2642 2217 3002 2323 ἰσχύσατε
3033 2248 3114 2310 15

603 2351 813 2422 τοῦτο
869 2348 1066 2446 δρᾶν,
1100 2348 1160 2423 εἰ
1212 2341 1313 2443 μὴ
1368 2352 1523 2429 ταῖς
1580 2342 1942 2448 ὑμετέραις
1999 2348 2254 2449 χερσίν
2299 2341 2674 2442 ἐθελοντὴς
2729 2340 2992 2441 ὑπενή-

602 2498 877 2566 νεγμαι.
934 2467 1188 2545 οὐκοῦν
1223 2466 1340 2545 διὰ
1374 2463 1668 2547 πάντων
1704 2466 1987 2573 ἔξεστιν
2018 2472 2207 2566 ἰδεῖν,
2234 2471 2328 2552 ὦς
2366 2467 2450 2547 οὐ
2484 2471 2613 2565 τῆς
2635 2465 3002 2545 Ἰουδαίων

602 2588 855 2695 ἰσχύος
910 2589 1122 2693 ἔργον
1179 2588 1269 2689 ἦν
1322 2588 1407 2669 τὸ
1464 2588 1750 2698 θανάτῳ
1804 2599 2225 2694 περιβαλεῖν
2277 2590 2405 2672 τὸν
2458 2589 2748 2694 Κύρων,
2799 2587 3004 2668 ἀλλὰ

602 2720 751 2797 τοῖς
797 2712 930 2813 μὲν
964 2714 1246 2792 ἐκείνων
1282 2714 1602 2796 ἀνοσίοις
1650 2711 2117 2814 τολμήμασιν
2162 2712 2565 2820 ἐπιγράψαι
2618 2746 2727 2797 τις
2776 2709 2869 2790 ἂν
2916 2709 3003 2790 τὸ

602 2838 1015 2943 ἐγχείρημα·
1076 2841 1179 2944 τῷ
1216 2834 1293 2916 δὲ
1332 2840 1615 2939 Σωτῆρι
1653 2841 1960 2945 Χριστῷ
1995 2835 2079 2916 τὸ
2118 2836 2296 2940 ὑπὲρ
2330 2836 2623 2917 πάντων
2657 2838 3003 2932 ἐθελῆσαι
3033 2865 3117 2907 20

268 2984 407 3039 499
428 2982 513 3039 Δ.
541 2997 578 3040 a
599 2966 879 3059 παθεῖν,
921 2960 1038 3041 ἵνα
1084 2959 1360 3044 πάντας
1416 2959 1753 3067 ἐξέληται
1804 2961 1922 3040 καὶ
1972 2959 2350 3062 ἀγοράσας
2398 2959 2643 3058 αἵματι
2690 2962 2794 3065 τῷ
2846 2959 3000 3065 ἰδίῳ

268 3092 491 3221 23⁰¹*-
598 3083 1049 3190 παραστήσῃ
1093 3090 1196 3192 τῷ
1234 3088 1402 3189 Θεῷ
1437 3086 1554 3162 καὶ
1590 3086 1856 3185 Πατρί.
1932 3092 1977 3129 “
2005 3080 2193 3167 Θεὸς
2246 3081 2388 3186 γὰρ
2439 3080 2599 3182 ἧν,”
2638 3079 2823 3162 κατὰ
2868 3078 3004 3181 τὴν

599 3215 728 3287 τοῦ
805 3206 1112 3286 Παύλου
1186 3202 1456 3309 φωνὴν,
1522 3214 1566 3251 “
1601 3205 1678 3281 ἐν
1733 3208 2041 3311 Χριστῷ
2106 3202 2387 3304 κόσμον
2447 3202 3002 3285 καταλλάσσων

598 3338 645 3377 “
676 3328 961 3435 ἐαυτῷ,”
990 3328 1109 3406 καὶ
1141 3322 1226 3405 τὸ
1262 3329 1392 3422 τῆς
1427 3330 1522 3408 εἰς
1558 3323 1777 3405 αὑτὸν
1804 3327 2056 3431 φιλίας
2083 3326 2533 3413 ἐκπεπτωκὸς
2560 3327 3000 3431 ἀνακομίζων

599 3447 1104 3554 ἀμνησικάκως
1140 3451 1236 3532 εἰς
1273 3446 1451 3550 ὅπερ
1484 3444 1576 3547 ἦν
1610 3449 1687 3528 ἐν
1722 3450 1933 3556 ἀρχῇ.
3029 3489 3111 3550 ²5

269 863 512 941 awsptth.

269 944 408 979 xxvn.
433 940 512 991 55.

501 3722 571 3763 21
608 3706 804 3778 Εἶπεν
857 3706 971 3777 οὖν
1026 3709 1224 3775 πάλιν
1279 3703 1501 3774 αὐτοῖς
1545 3706 1727 3783 ‘Eub
1781 3709 2032 3791 finds-(o,
2087 3711 2194 3775 καὶ
2247 3711 2549 3800 ζητήσετέ
2607 3733 2708 3791 με,
2763 3710 2869 3775 καὶ
2925 3709 2996 3776 ὲν

1219 3856 1301 3942 τῇ
1358 3850 1644 3942 ἁμαρτίᾳ
1698 3851 1878 3928 ὑμῶν
1934 3847 2390 3918 ἀποθανεῖσθε.

696 4032 875 4113 “Orc
911 4030 1053 4137 χρὴ
1089 4028 1446 4135 παρόντος
1495 4028 2049 4133 ἐπιδράττεσθαι
2093 4039 2221 4110 τοῦ
2271 4037 2520 4133 καιροῦ
2569 4030 2734 4110 καθ’
2775 4027 2997 4130 ὅνπερ

668 4284 721 4339 3.
758 4267 1095 4392 ἐπιμαρτυρεῖ
1111 4284 1163 4322 a.
1392 4284 1447 4334 4.
1483 4266 1609 4321 αὐτὸ
1638 4265 1762 4338 (sic)
1791 4265 1858 4321 Β.
1883 4265 2184 4322 emendavit
2209 4267 2309 4323 Ht.
2406 4264 2650 4322 Statim‘
2624 4288 2692 4323 ως
2718 4265 2785 4321 Β.
2811 4265 2994 4336 ὥσπερ

599 4339 782 4394 Holet.
799 4337 904 4394 Ed.
1061 4338 1116 4392 6.
1323 4338 1443 4410 ἱερῷ
1469 4336 1780 4406 ἐκαθεζόμην
1802 4336 1913 4392 inv.
1936 4337 2053 4392 ord.
2077 4354 2127 4393 a.
2288 4338 2451 4392 8—22.
2490 4337 2693 4392 Partim
2717 4337 2844 4391 citat
2859 4335 2993 4391 Nik.

595 4409 652 4464 in
680 4409 737 4463 S.
759 4409 892 4463 Luc.
916 4406 986 4462 ad
1008 4408 1141 4464 Ιοο..
1152 4359 1409 4463 Ἥίετο
1433 4406 1503 4462 ad
1525 4408 1753 4463 verbum
1776 4405 1833 4461 id
1934 4406 2003 4461 od
2028 4424 2078 4462 a.
2296 4423 2380 4463 11.
2417 4408 2518 4480 οὐχ
2541 4408 2750 4463 ἑκόντας
2773 4406 2898 4475 (nic)
2927 4405 2994 4462 B.

595 4478 896 4535 emendavit
923 4477 1024 4533 Ht.
1047 4478 1257 4535 ἄκοντος
1280 4494 1327 4532 a.
1535 4478 1619 4532 18.
1656 4478 1717 4532 τὸ
1741 4494 1791 4533 a.
1816 4486 1868 4532 et
1949 4477 2024 4532 ik.
2048 4477 2086 4531 1.
2104 4495 2152 4532 c.
2277 4476 2382 4533 Ed.
2578 4494 2663 4548 ¹9·
2698 4476 2994 4549 ἐπιγράψαι

594 4571 673 4607 τις
700 4550 765 4605 Β.
791 4549 1078 4621 ἐπιγράψω
1104 4571 1181 4605 τις
1203 4565 1251 4604 a.
1278 4557 1330 4602 et
1355 4547 1487 4603 Nik.
1511 4549 1550 4604 l.
1566 4565 1615 4603 c.
1640 4548 1993 4619 ἐπιγράψαιτο
2019 4547 2120 4603 Ht.
2138 4500 2251 4603 Εῑῖ
