3238 5158
0 1181 16 1220 h

0 1301 14 1340 ἓ

0 1426 14 1472 t

0 1559 10 1596 ι’

222 327 355 392 xiv.
387 346 487 410 14.
587 326 703 393 IN
763 326 832 393 S.
880 324 1394 392 JOANNEM.
1483 324 1680 389 LIB.
1728 323 1851 389 IX.
1940 321 2144 389 CAP.
2194 321 2253 388 Ῑ.
2496 323 2621 387 461

223 490 311 572 δέ
337 527 499 574 τινα
541 489 676 593 τὴν
712 490 896 572 κατὰ
937 489 1231 572 πάντων
1265 489 1451 596 ἔχειν
1488 487 1868 595 ὑπεροχήν·
1926 489 2095 569 ἀλλ’
2137 488 2469 569 ’ίστωσαν
2514 487 2625 568 ὅτι

223 614 426 697 οὐδὲν
466 616 684 717 ἦττον
731 618 1066 721 ὑβριοῦσι
1119 616 1252 715 τὴν
1296 624 1426 697 τοῦ
1472 615 1768 719 Πατρὸς
1823 615 2066 721 δόξαν,
2111 612 2458 709 τουτέστι,
2497 610 2627 693 τὸν

222 738 424 839 Υἱὸν,
462 740 613 821 ἔστ’
659 740 749 820 ἂν
803 738 1021 821 αὐτὸν
1068 742 1474 845 ἐναρίθμιον
1528 741 1852 844 λέγωσιν
1892 737 2069 819 εἶναι
2122 745 2270 822 τοῖς
2326 771 2623 838 πεποιη-

220 864 482 963 μένοις.
561 864 646 947 τὸ
691 863 835 970 γὰρ
880 863 1301 967 ζητούμενόν
1338 868 1558 965 ἐστιν,
1598 866 1727 945 οὐκ
1763 870 1824 945 εἰ
1856 863 2047 966 μέγα
2083 861 2305 968 τυχόν
2341 864 2543 942 ἐστιν
2578 858 2625 962 ἢ

150 1017 194 1080 5
220 986 478 1093 μικρὸν
508 990 803 1091 ποίημα,
840 991 1011 1069 ἀλλ’
1052 995 1111 1070 εἰ
1162 989 1354 1075 ὅλως
1401 985 1720 1093 γενητὸς,
1755 990 1874 1069 καὶ
1916 995 2209 1089 μᾶλλον
2244 988 2403 1093 οὐχὶ
2441 984 2625 1070 Θεὸς
2652 999 2697 1065 b

221 1112 410 1194 κατὰ
446 1113 697 1219 φύσιν,
733 1114 909 1216 ὅπερ
943 1116 1101 1194 ἐστὶ
1137 1117 1257 1194 καὶ
1290 1112 1576 1214 ἀληθές.

412 1338 577 1406 Ἐάν
630 1364 690 1406 τι
745 1335 1060 1407 αἰτήσητε
1112 1341 1183 1406 ἐν
1236 1344 1332 1427 τῷ
1379 1337 1655 1418 ὀνόματί
1706 1361 1851 1422 μου,
1903 1343 2098 1407 τοῦτο
2151 1340 2433 1412 ποιήσω.

338 1503 997 1612 Ἀπ-ημφιεσμένως
1031 1507 1171 1606 ἤδη
1209 1508 1440 1611 φησὶν
1478 1504 1609 1603 ὅτι,
1648 1501 1836 1589 Θεὸς
1873 1503 2217 1608 ὑπάρχων
2252 1502 2623 1604 ἀληθινὸς,

227 1629 700 1736 προσδέξεται
737 1626 870 1728 μὲν
905 1632 1024 1709 καὶ
1060 1630 1229 1709 λίαν
1255 1632 1567 1714 εὐπετῶς
1593 1627 1731 1714 ,τὰς
1767 1628 1967 1732 παρὰ
2002 1635 2146 1709 τῶν
2173 1628 2366 1709 ἰδίων
2398 1626 2630 1732 εὐχὰς,

2 1775 12 1846 ,ἑ
119 1794 203 1835 ιο
226 1753 622 1857 χορηγήσει
686 1754 761 1834 δὲ
826 1756 944 1833 καὶ
1006 1753 1306 1859 σφόδρα
1366 1753 1755 1855 προθύμως
1828 1749 2012 1856 ἅπερ
2077 1749 2167 1833 ἂν
2219 1753 2630 1849 βούλωνται

225 1877 503 1972 λαβεῖν,
543 1878 960 1983 χαρίσματα
1011 1876 1089 1958 δε
1137 1877 1474 1978 δηλονότι
1518 1912 1962 1976 πνευματικα
2015 1880 2132 1958 καὶ
2181 1882 2309 1978 τῆς
2357 1878 2631 1958 ἄνωθεν

2661 1352 2735 1408 14

226 2004 643 2109 φιλοτιμίας
716 2002 908 2109 ἄξια.
1021 2006 1137 2082 καὶ
1201 2002 1336 2107 οὐχ
1409 2004 1505 2086 ὡς
1564 2005 1695 2102 τῆς
1769 2003 2009 2105 ετε’ρου
2083 2006 2625 2109 φιλανθρωπίας
2654 2032 2692 2077 ο

224 2122 572 2224 διάκονος,
628 2127 790 2207 οὔτε
844 2125 988 2227 μὴν
1044 2129 1140 2210 ὡς
1194 2128 1587 2230 ἀλλοτρίας
1641 2125 2066 2230 ἡμερότητος
2127 2125 2484 2230 ὑπουργὸς
2538 2163 2632 2208 τα

222 2250 519 2331 τοιαῦτά
575 2258 828 2358 φησιν,
884 2249 1057 2331 ἀλλ’
1117 2253 1214 2336 ὡς
1271 2250 1456 2355 ἔχων
1507 2253 1585 2331 ἐν
1639 2251 1955 2359 ἐξουσία
1996 2248 2089 2332 τὰ
2147 2250 2389 2333 πάντα
2449 2287 2631 2352 μετα

113 2402 195 2466 15
227 2374 538 2481 Πατρὸς,
596 2380 714 2456 καὶ
780 2374 994 2461 αὐτὸς
1053 2374 1396 2481 ὑπάρχων
1450 2377 1491 2455 ὀ
1553 2377 1639 2456 δι’
1689 2376 1774 2456 οὗ
1830 2374 1924 2457 τὰ
1978 2375 2239 2474 πάντα,
2293 2374 2496 2481 παρά
2533 2411 2630 2478 τε

221 2499 425 2599 ἡμῶν
482 2503 580 2585 εἰς
640 2498 862 2599 Θεὸν,
914 2504 1031 2582 καὶ
1092 2506 1192 2586 εἰς
1248 2501 1435 2602 ἡμᾶς
1491 2501 1661 2604 παρ’
1723 2500 1963 2583 αὐτοῦ.
2064 2499 2180 2581 διὰ
2238 2508 2453 2582 τοῦτο
2513 2504 2630 2582 καὶ

226 2629 528 2709 Παῦλος
576 2626 686 2705 ἀεὶ
738 2625 1298 2731 συνεζευγμένας
1350 2623 1483 2711 τὰς
1537 2631 1684 2706 τῶν
1735 2628 2032 2729 ἀγαθῶν
2084 2628 2430 2731 χορηγίας
2483 2635 2632 2712 τοῖς

223 2746 453 2854 ἀξίοις
507 2749 875 2854 ἐπεύχεται
930 2749 1169 2854 λέγων
1204 2759 1250 2797 “
1276 2748 1510 2852 Χάρις
1565 2751 1733 2849 ὑμῖν
1781 2753 1898 2829 καὶ
1954 2748 2194 2854 εἰρήνη
2249 2749 2395 2831 ἀπὸ
2440 2756 2632 2833 Θεοῦ

226 2880 272 2918 “
310 2873 602 2975 Πατρὸς
635 2874 836 2974 ἡμῶν
875 2878 993 2956 καὶ
1033 2873 1307 2979 Κυρίου
1339 2875 1592 2973 Ἰησοῦ
1631 2875 2030 2978 Χριστοῦ.”
2091 2879 2205 2954 καὶ
2256 2877 2340 2955 οὐ
2389 2874 2479 2976 δή
2525 2909 2633 2961 τις

2725 2381 2748 2418 1
2763 2368 2878 2418 Cor.

2720 2435 2824 2485 viii.
2842 2434 2891 2486 6.

2725 2760 2858 2812 Phil.
2880 2761 2915 2812 i.

2726 2842 2774 2878 α.

107 3035 199 3076 20
226 3002 395 3074 νοῦν
433 2995 616 3101 ἔχων
652 2997 972 3099 οιήσεται
1021 2997 1271 3096 πάλιν,
1308 3001 1407 3082 ὡς
1457 3001 1600 3105 ἰδία
1647 2999 1812 3159 pe'v?
1813 3033 1973 3079 τινα
2009 2997 2221 3150 χάριν
2257 3001 2621 3080 δίδωσιν
2589 3035 2630 3079 ο
2660 3015 2699 3081 d

229 3117 510 3223 Πατὴρ,
549 3123 693 3202 ἰδία
736 3122 908 3202 δὲ”
848 3156 1104 3226 ωσπερ
1141 3125 1260 3203 καὶ
1297 3121 1437 3203 ἀνὰ
1469 3123 1686 3225 μέρος
1722 3124 1814 3202 αυ
1847 3122 2142 3204 πάλιν“
2110 3158 2151 3203 ο
2189 3123 2390 3208 Υἱός·
2452 3125 2627 3237 ἀλλ’

220 3245 384 3325 ἔστι
418 3282 551 3345 μεν
587 3247 633 3347 ἡ
668 3246 846 3347 αὐτὴ
883 3250 1003 3328 καὶ
1037 3248 1193 3347 μία,
1232 3253 1293 3326 εἰ
1329 3248 1446 3327 καὶ
1496 3248 1582 3327 δι’
1624 3249 1897 3353 ἀμφοῖν
1932 3247 2254 3346 λέγεται.
2327 3256 2631 3330 ποιεῖται

219 3378 400 3471 γοῦν
449 3405 642 3469 ομως
688 3405 782 3451 τα
827 3369 1067 3452 πάντα
1111 3405 1312 3476 παρα
1363 3368 1660 3474 Πατρὸς
1708 3373 1794 3450 δι’
1835 3377 2016 3453 Υἱοῦ
2061 3378 2210 3457 τοῖς
2256 3374 2483 3481 ἀξίοις
2537 3408 2632 3454 τα

220 3493 487 3596 ἀγαθὰ,
524 3499 642 3575 καὶ
677 3494 723 3595 ἦ
760 3502 907 3576 τῶν
942 3497 1153 3576 θείων
1188 3492 1665 3601 χαρισμάτων
1702 3493 2025 3597 διανομὴ,
2062 3497 2193 3577 οὐκ
2242 3500 2317 3578 ἐν
2355 3499 2627 3602 ὑπουρ-

108 3652 193 3713 25
222 3619 386 3721 γίας
456 3618 657 3726 τάξει
724 3619 1351 3727 παραληφθέντος,
1426 3617 1754 3724 καθάπερ
1826 3620 2223 3725 εἰρήκαμεν,
2298 3624 2466 3703 ἀλλ’
2534 3627 2633 3707 ὦς

220 3741 665 3848 συνδοτῆρός
700 3778 777 3824 τε
819 3748 936 3825 καὶ
983 3752 1454 3849 συγχορηγοῦ
1499 3746 1879 3846 νοουμένου
1914 3780 1991 3827 τε
2028 3751 2147 3827 καὶ
2187 3744 2634 3854 ὑπάρχοντος

220 3871 536 3969 ἀληθῶς.
630 3869 760 3968 μία
815 3867 963 3972 γὰρ
1015 3868 1061 3969 ἦ
1109 3873 1239 3969 τῆς
1289 3868 1621 3968 θεότητος
1671 3870 1895 3978 φύσις
1944 3871 2112 3952 ἐστί
2150 3906 2226 3951 τε
2280 3875 2398 3951 καὶ
2444 3874 2632 3954 οὕτω

220 3993 657 4078 πιστεύεται.
738 3990 875 4074 κᾶν
921 3992 1064 4097 γὰρ
1119 3999 1215 4079 εἷς
1272 3994 1567 4096 Πατέρα
1624 3996 2075 4097 πλατύνηται
2130 3998 2249 4077 καὶ
2291 3995 2472 4077 Υὶὸν
2515 4000 2633 4079 καὶ

220 4120 325 4200 εἷς
376 4114 462 4196 τὸ
519 4122 822 4219 Πνεῦμα
877 4117 963 4199 τὸ
1005 4116 1289 4221 Ἀγιον,
1335 4119 1506 4199 ἀλλ’
1557 4120 1691 4200 οὐκ
1754 4120 1899 4225 ἔχει
1962 4117 2092 4201 τὸν
2145 4119 2458 4203 εἶσάπαν
2515 4123 2632 4202 καὶ
2657 4151 2695 4198 ε

298 4391 352 4451 7.
387 4377 847 4453 ’.Εὰν]-Ι-οΰνΕ
1193 4380 2631 4456 150?va-16.oealalt.]÷6catt.

227 4449 315 4505 18.
354 4452 1040 4544 ecofimumptumexE.
1066 4452 1208 4510 Catt.
1388 4453 1475 4510 26.
1509 4453 2287 4525 upriuemnmtumexlss.
2314 4454 2457 4512 Catt.
2549 4458 2634 4511 καὶ

221 4520 405 4648 ἓτίιιι]
440 4527 500 4588 -Ι-
528 4523 599 4580 ὥς
623 4522 769 4579 cut.
897 4523 1293 4597 ὣνάρχοντοςΓ
1296 4525 1401 4582 ’.αἱ
1425 4525 1848 4598 ἔνυπάρχονως”
2004 4545 2117 4599 mg.
2140 4548 2228 4599 γρ.
2254 4526 2636 4599 ἐνυπάρχοντος

311 4611 369 4648 ιιι
393 4611 506 4665 mg.
531 4594 861 4666 ὑπάρχοντος
884 4594 1087 4651 habent
1116 4594 1263 4651 Catt.
