3238 5158
167 382 369 451 xV.9,
400 385 499 430 10.
561 366 678 431 IN
739 368 807 433 S.
855 368 1375 435 JOANNEM.
1466 370 1661 436 LIB.
1708 370 1793 435 X.
1884 369 2091 435 CAP.
2138 367 2233 434 11.
2444 365 2586 430 569.

293 534 457 611 Ποῦ
493 542 891 638 τοιγαροῦν,
928 533 974 637 ἢ
1011 537 1227 616 ποίαν
1261 543 1392 617 τοῦ
1421 534 1714 639 Πατρὸς
1751 532 2132 638 τετήρηκεν
2165 527 2486 630 ἐντολὴν,
2524 524 2572 628 ἢ

169 655 295 733 καὶ
348 654 509 735 τίνα
561 657 832 760 τρόπον
887 659 1310 761 ἠγαπῆσθω
1347 659 1693 764 λέγεσθαι
1727 660 1895 763 παρ’
1936 659 2175 755 αὑτοῦ,
2213 654 2567 760 ζητητέον.

169 779 520 883 παρέστω
556 791 937 886 τοιγαροῦν
965 788 1261 869 Παῦλος
1298 787 1339 865 6
1378 783 1833 890 σοφώτατος,
1861 784 1976 863 καὶ
2006 778 2572 884 μυσταγωγείτω

170 901 417 1003 λέγων
470 909 634 1008 περὶ
687 908 930 1005 αὐτοῦ,
985 910 1082 992 ὡς
1136 910 1211 988 ἐν
1260 914 1511 1016 μορφῇ
1559 907 1693 1007 μὲν
1749 910 2020 1012 ὑπῆρχε
2061 912 2277 1002 Θεοῦ,
2331 913 2374 951 “
2398 904 2572 1008 ἀλλῖ

94 1042 139 1104 5
175 1037 225 1075 “
261 1027 512 1109 ἑαυτὸν
565 1030 868 1111 ε’κένωσε
921 1032 1214 1140 μορφὴν
1263 1033 1527 1113 δούλου
1575 1031 1850 1130 λαβὼν,
1884 1034 1960 1111 ἐν
2009 1030 2401 1130 ὁμοιώματι
2438 1030 2568 1107 ἀν·-

173 1160 227 1198 “
261 1152 572 1255 θρώπων
635 1153 1029 1256 γενόμενος,
1096 1160 1213 1237 καὶ
1286 1157 1610 1262 σχήματι
1684 1158 1979 1260 εὑρεθεὶς
2043 1158 2140 1240 ὡς
2199 1154 2573 1256 ἄνθρωπος
2598 1162 2644 1227 b

175 1284 225 1324 ‘⁴
261 1278 768 1359 τεταπείνωκεν
821 1278 1097 1379 ἑαυτὸν,
1162 1279 1538 1383 γενόμενος
1602 1279 1912 1382 ὑπήκοος
1974 1278 2186 1384 μέχρι
2240 1273 2577 1375 θανᾶτου,

175 1407 224 1447 “
258 1400 570 1482 θανάτου
622 1403 700 1483 δὲ
752 1412 1099 1508 σταυροῦ·
1172 1401 1282 1485 διὸ
1319 1405 1438 1484 καὶ
1495 1406 1537 1484 6
1603 1399 1788 1489 Θεός
1852 1400 2071 1484 αὑτὸν
2138 1401 2578 1508 ὑπερύψωσε

175 1533 223 1570 “
260 1527 379 1604 καὶ
414 1527 802 1631 ἐχαρίσατο
839 1529 1030 1636 αὐτῷ
1066 1526 1425 1629 ὄνοματὸ
1476 1527 1654 1632 ὑπὲρ
1695 1535 1842 1608 πᾶν
1882 1525 2168 1625 ὅνομα.”
2250 1523 2576 1625 ἀκήκοας,

51 1675 87 1718 1
104 1673 155 1714 Ο
180 1644 377 1732 ὅπως
414 1649 637 1729 καίτοι
676 1649 861 1737 Θεὸς
898 1649 1241 1757 ὑπάρχων
1275 1647 1633 1752 ἀληθινὸς,
1674 1649 1795 1730 ἅτε
1846 1647 1936 1751 δὴ
1982 1652 2098 1729 καὶ
2144 1648 2580 1756 σύμμορφος

178 1775 287 1878 τῷ
340 1770 610 1852 τεκόντι
666 1778 926 1877 Πατρὶ,
971 1777 1472 1856 τεταπείνωκεν
1522 1772 1778 1855 ’ἑαυτὸν
1835 1771 2213 1876 γενόμενος
2273 1771 2581 1873 ὑπήκοος

177 1892 391 1999 μέχρι
429 1894 738 1978 θανᾶτου
767 1931 788 1996 ;
851 1901 1087 2000 ἐπειδὴ
1127 1898 1270 2002 γὰρ
1315 1902 1678 1978 διασῶσαι
1726 1894 1811 1978 τὸ
1848 1894 2429 2004 κατεφθαρμένον
2463 1899 2578 1978 ἐπὶ

175 2022 317 2121 γῆς
364 2018 568 2122 γένος
614 2021 1101 2117 ἐβουλεύσατο
1138 2023 1178 2102 6
1218 2020 1402 2106 Θεὸς
1448 2025 1563 2102 καὶ
1605 2019 1885 2124 Πατὴρ,
1923 2022 2051 2101 οὐκ
2100 2020 2189 2122 ἦν
2234 2019 2310 2100 δὲ
2364 2029 2577 2102 τοῦτο

175 2146 513 2224 διανῦσαι
570 2145 768 2245 θέμις
820 2154 965 2227 τῶν
1000 2149 1078 2227 ἐν
1111 2144 1386 2249 γενέσει
1424 2148 1583 2244 τινὶ,
1615 2153 1868 2227 πᾶσαν
1903 2141 2154 2248 ὥσπερ
2203 2143 2335 2244 τὴν
2367 2147 2566 2225 ἐνοῦ·
2598 2171 2638 2216 0

52 2308 85 2349 1
102 2302 145 2365 5
179 2300 332 2347 σαν
400 2274 490 2374 τῇ
565 2273 794 2350 κτίσει
858 2270 1156 2368 δύναμιν
1229 2273 1733 2370 ἀναπηδῶντος
1806 2277 1936 2350 τοῦ
2004 2269 2578 2372 κατορθώματος,

180 2390 398 2478 αὑτὸς
460 2392 679 2474 ὑπέδυ
744 2392 874 2494 τὴν
938 2396 1363 2494 οἰκονομίαν,
1420 2396 1460 2474 6
1522 2394 1906 2498 γινώσκων
1967 2391 2051 2474 τὸ
2112 2393 2391 2493 θέλημα
2449 2401 2579 2473 τοῦ

180 2520 376 2597 Θεοῦ
442 2519 558 2598 καὶ
618 2517 907 2622 Πατρὸς
965 2518 1150 2605 Θεὸς
1209 2517 1655 2623 Μονογενής.
1737 2516 2000 2620 κατέβη
2061 2516 2137 2598 δὲ
2202 2517 2427 2601 οὕτως
2484 2521 2583 2603 εἷς

180 2641 508 2722 ἑκούσιον
572 2642 963 2745 ὑποταγὴν,
1029 2646 1125 2729 ὡς
1183 2646 1297 2724 καὶ
1354 2644 1563 2749 μέχρι
1625 2641 1936 2723 θανᾶτου
1990 2640 2405 2722 καθικέσθαι
2462 2643 2582 2720 καὶ

179 2762 437 2845 τούτου
490 2764 942 2867 ἀτιμοτάτου.
1032 2765 1118 2849 τὸ
1176 2765 1319 2871 γὰρ
1374 2767 1817 2875 ἐξηρτῆσθαι
1845 2839 1852 2849 .
1877 2771 2220 2867 σταυροῦ,
2278 2768 2432 2846 πῶς
2492 2761 2583 2842 ἂν

52 2927 155 2972 20
181 2886 290 2987 εἴη
342 2890 594 2988 τίμιον,
637 2898 930 2989 μᾶλλον
977 2889 1053 2972 δὲ
1103 2898 1257 2976 πῶς
1315 2891 1450 2997 οὑχ
1507 2887 1800 2991 ἀπάσης
1859 2889 2149 2995 ἀδοξίας
2206 2885 2576 2983 ε’πέκεινα;

180 3011 420 3114 ἐπειδὴ
457 3013 547 3115 δὴ
584 3014 660 3096 δὲ
704 3024 934 3096 ταῦτα
981 3014 1277 3115 ὑπέσηη,
1315 3018 1567 3122 φησὶν,
1606 3016 1649 3093 6
1687 3011 1873 3098 Θεὸς
1923 3010 2141 3093 αὐτὸν
2189 3010 2580 3116 ὑπερύψω-

181 3165 341 3216 σεν·
422 3140 676 3220 οὐκοῦν
711 3140 912 3245 ἔχεις,
949 3141 1026 3219 ἐν
1058 3138 1190 3238 μὲν
1226 3145 1317 3245 τῇ
1369 3138 1551 3219 κατὰ
1598 3137 1901 3238 θελησιν
1953 3138 2225 3240 ὑπακοῇ
2275 3140 2420 3214 τῶν
2453 3141 2584 3214 τοῦ

185 3261 481 3367 Πατρὸς
505 3263 1019 3375 βουλευμάτων
1050 3261 1185 3363 τὴν
1219 3260 1629 3366 πλήρωσιν·
1690 3258 1741 3342 ἃ
1774 3261 1889 3342 καὶ
1927 3262 2005 3341 ἐν
2038 3257 2235 3367 τάξει
2269 3260 2581 3337 ἐντολῶν
2604 3264 2649 3329 d

184 3393 377 3493 φησι
413 3388 747 3490 γενέσθαι
792 3386 974 3492 πρὸς
1018 3385 1237 3469 αὑτὸν
1266 3389 1307 3467 6
1342 3386 1542 3472 Υἱός.
1613 3389 1852 3470 συνεὶς
1890 3383 2032 3491 γὰρ
2069 3387 2166 3469 ὡς
2203 3380 2443 3484 Λόγος
2491 3377 2584 3462 τὰ

57 3544 154 3606 25
183 3513 262 3591 ἐν
302 3515 539 3615 Πατρὶ
582 3512 985 3612 σκέμματα,
1024 3515 1141 3592 καὶ
1179 3518 1306 3591 τοῦ
1341 3509 1665 3595 τεκόντος
1702 3507 1917 3591 αὐτὸν
1953 3506 2046 3589 τὰ
2080 3505 2276 3608 βάθη
2314 3510 2581 3611 διερευ-

185 3635 520 3735 νώμενος,
554 3642 846 3736 μᾶλλον
883 3636 958 3716 δὲ
1002 3631 1215 3720 αὐτὸς
1270 3634 1611 3740 ὑπάρχων
1648 3637 1693 3735 ἡ
1728 3635 1963 3742 σοφία
2016 3635 2134 3714 καὶ
2188 3632 2234 3733 ἡ
2291 3630 2587 3728 δύναμις

184 3768 316 3840 τοῦ
357 3758 666 3864 Πατρός,
705 3766 802 3845 εἰς
854 3760 1067 3865 ἔργον
1102 3758 1257 3862 ἄγει
1307 3757 1393 3841 τὸ
1451 3757 1697 3866 δόξαν,
1732 3765 1830 3843 εἶς
1876 3757 2100 3840 τόπον
2144 3753 2318 3837 αὐτὸ
2373 3758 2588 3840 τιθεὶς

184 3886 504 3983 ἐντολῆς,
540 3887 657 3966 καὶ
692 3882 1059 3988 ὀνομάζων
1093 3885 1318 3968 οὕτως
1354 3881 2005 3988 ἀνθρωπινώτερον·
2071 3881 2301 3978 βλέπε
2341 3877 2418 3960 δὲ
2452 3881 2589 3959 κάν

184 4009 417 4118 τούτῳ
474 4013 600 4109 τῆς
664 4007 950 4111 ἀγάπης
1004 4004 1090 4089 τὸ
1164 4007 1448 4111 μέτρον.
1557 4005 1997 4112 ὑπερύψωσε
2057 4003 2201 4109 γὰρ
2264 4001 2482 4083 αὑτὸν
2545 4002 2589 4081 6

63 4172 159 4231 30
187 4132 399 4232 Θεὸς,
421 4135 639 4241 φησί·
699 4132 828 4214 τὸν
866 4128 1161 4240 ὑψηλὸν
1188 4130 1324 4231 ἤδη
1349 4134 1465 4211 καὶ
1502 4130 2033 4238 δεδοξασμένον
2071 4132 2436 4233 ὑπερυψοῖ
2466 4127 2586 4204 καὶ

185 4256 487 4366 δοξάζει,
543 4259 769 4339 καίτοι
817 4256 1004 4341 Θεὸς
1049 4252 1234 4337 κατὰ
1282 4256 1510 4363 φύσιν
1551 4257 1711 4336 ἐστὶ
1760 4257 1877 4336 καὶ
1922 4250 2286 4355 ἀληθινὸς,
2323 4248 2447 4332 ἅτε
2497 4246 2587 4348 δὴ

2663 886 2797 937 Phil.
2819 887 2875 937 ii.

2668 965 2781 1018 7-9·

264 4456 315 4550 ι.
348 4494 786 4563 ποίας-ἐντολῆς
809 4492 875 4547 Ε.
900 4491 1158 4548 voluitne
1180 4491 1653 4550 ποίας-ἐντολὰςὲ
2004 4507 2054 4545 2.
2090 4483 2370 4562 λέγεσθαι]
2396 4483 2475 4539 ἵσ.
2499 4481 2590 4536 λε’-

182 4587 334 4641 γεται
360 4564 465 4620 Ed.
491 4582 601 4635 mg.
630 4562 884 4636 λέγεσθαι
906 4563 1067 4618 habet
1093 4564 1152 4618 F.
1366 4582 1418 4632 4.
1450 4564 1544 4633 μὲν
1566 4568 1908 4634 assumptum
1931 4578 1996 4616 ex
2028 4560 2089 4615 E.
2308 4572 2391 4610 10.
2422 4549 2588 4622 ὅπως]

191 4647 250 4705 -ι-
282 4659 339 4692 τε
368 4636 434 4691 Ε.
764 4651 852 4689 21.
889 4634 1243 4691 omittendum
1269 4642 1329 4690 ut
1353 4634 1465 4689 vid.
1491 4634 1572 4704 δὴ.

273 4738 422 4784 vo1..
455 4738 531 4783 11.
1359 4738 1403 4797 4
1436 4737 1477 4779 D
