3238 5158
551 320 683 382 206
1162 264 1242 379 Β.
1291 312 1709 378 CYRILLI
1770 312 2351 376 ALEXANDR.
2734 259 2827 373 ix:
2846 329 2961 391 41.

555 481 914 580 ὑπεδήλου
973 479 1049 559 δὲ
1114 478 1233 559 διὰ
1296 478 1570 559 τούτων
1630 485 1758 558 τοῦ
1821 484 2108 576 τυφλοῦ
2171 475 2306 577 τὴν
2365 473 2808 583 ἀνάβλεψιν,
2874 474 2963 552 οὐ

555 604 965 705 δυνηθέντες·
1018 606 1421 705 ὑπενεγκεῖν
1467 609 1593 681 τοῦ
1644 601 2062 706 παραδόξου
2110 600 2244 700 τὴν
2280 597 2708 700 ἀνάμνησιν,
2745 601 2952 679 ἀντε-

552 730 908 832 γείρονται
954 727 1183 808 πάλιν
1229 725 1765 827 διατεθηγμένοι
1821 730 1924 832 τῷ
1984 722 2259 832 φθόνῳ,
2297 727 2415 804 καὶ
2465 723 2961 827 ἀντιπράττειν

489 864 534 929 d
555 855 992 957 ἐπιχειροῦσι
1039 857 1188 934 τοῖς
1237 851 1405 953 παρ’
1447 850 1666 929 αὐτοῦ
1713 852 2096 953 μονονουχὶ
2148 849 2387 950 λέγειν
2431 851 2515 929 οὐ
2569 847 2961 950 παραιτού-

554 1009 754 1075 μενοι
829 972 1054 1054 Δεινά
1128 969 1530 1076 κομπάζεις,
1603 1007 1662 1051 ω
1734 972 1963 1070 οὗτος,
2038 972 2509 1075 κατορθώσας
2583 971 2784 1052 οὐδὲν
2857 967 2959 1050 ὧν
2988 993 3031 1053 5

555 1094 938 1203 ειργάσθαι
977 1097 1297 1201 νομίζεις,
1335 1098 1505 1177 ἀλλ’
1546 1093 1691 1199 ἀρα
1738 1094 1840 1196 μὴ
1890 1095 2164 1193 βουλει,
2202 1100 2414 1202 φασι,
2451 1098 2567 1175 καὶ
2603 1095 2715 1200 ἐφ’
2758 1096 2961 1195 ἡμῶν

557 1225 792 1304 αὐτῶν
826 1221 1284 1304 πλάττεσθαι
1318 1220 1452 1321 τὴν
1488 1217 2176 1324 θαυματουργιηαν,
2131 1255 2272 1324 αρα
2306 1219 2408 1318 μὴ
2445 1218 2801 1323 παρέστω
2834 1253 2960 1298 σοι

481 1338 488 1344 ’
559 1344 793 1451 λέγειν
849 1382 958 1429 οτι
1012 1351 1130 1429 καὶ
1188 1347 1374 1446 ἡμᾶς
1431 1344 1644 1429 ὄντας
1697 1343 2022 1451 τυφλους
2081 1344 2637 1447 τεθεράπευκας·
2618 1408 2638 1439 ,
2704 1343 2960 1440 βουλει

558 1506 682 1553 σοι
725 1478 1127 1576 περιθῶμεν
1163 1469 1296 1570 τὴν
1335 1475 1578 1573 ἰατροῦ
1628 1467 1854 1576 δόξαν
1889 1472 2007 1549 καὶ
2059 1475 2630 1573 θαυματουργοὶ),
2666 1466 2956 1575 ψευσά-

555 1631 758 1697 μενοι
807 1598 960 1677 κατ’
1000 1598 1284 1693 ἐκεῖνον,
1332 1591 1415 1675 ὃν
1463 1599 1610 1699 φῂς
1661 1593 2084 1697 ἀναβλέψαι
2136 1595 2566 1694 γεννηθέντα
2612 1590 2898 1698 τυφλόν
2931 1624 2952 1688 ;
2996 1624 3024 1664 1
3037 1625 3081 1666 0

557 1720 659 1821 μὴ
698 1723 814 1801 καὶ
852 1720 1036 1819 ἡμᾶς
1071 1718 1213 1820 ἄρα
1262 1714 1846 1823 συκοφαντήσεις
1896 1717 2419 1818 ἀποτολμήσας
2469 1721 2687 1797 εἰπεῖν
2721 1715 2812 1811 τὰ
2848 1717 2956 1797 ἐπ’

500 1873 537 1918 ο
560 1843 846 1951 ἐκείνως
905 1840 1219 1945 πονηρὸς
1258 1841 1383 1922 οὖν
1416 1841 1557 1943 ἄρα
1594 1844 1713 1920 καὶ
1748 1839 2046 1946 σφόδρα
2083 1840 2334 1945 πικρὸς
2366 1846 2510 1920 τῶν
2539 1842 2962 1943 Φαρισαίων

559 1968 600 2046 ὁ
655 1967 879 2069 λόγος
932 1963 1434 2068 διαγελώντων
1479 1963 1571 2045 τὰ
1617 1966 1725 2044 ἐπ’
1767 1963 2026 2071 ἐκείνῳ,
2075 1969 2191 2045 καὶ
2245 1965 2740 2070 συκοφαντίαν
2784 1960 2964 2044 εἶναι

558 2095 852 2190 μᾶλλον
907 2087 1248 2188 οἰομένων
1302 2087 1485 2192 ἤπερ
1543 2084 1911 2188 ἀλήθειαν
1997 2093 2324 2170 δυσωπεῖ
2375 2088 2521 2192 γὰρ
2575 2089 2778 2169 ουδεν
2833 2123 2963 2170 τον

559 2213 968 2317 ἀγνώμονα.
2996 2248 3115 2306 15.

619 2459 644 2485 9
858 2466 873 2487 ἱ
964 2462 988 2479 '⁴
1088 2468 1104 2488 c
1150 2468 1166 2489 2
1507 2462 1523 2484 ²
1800 2466 1812 2487 ἱ
1882 2461 1909 2489 9
2106 2466 2121 2486 ἱ
2392 2461 2416 2482 ⁸
2631 2467 2647 2487 G
2843 2465 2854 2486 Ι
2946 2491 2959 2505 .

459 2482 530 2537 41
569 2464 765 2533 Ειπεν
804 2487 1024 2532 αυτοιε
1078 2494 1115 2535 0
1183 2466 1406 2533 lunone
1455 2464 1526 2531 Ει
1580 2480 1816 2554 τυφλοι
1871 2488 2008 2547 ure,
2056 2488 2173 2531 ουκ
2228 2465 2308 2534 ἂν
2351 2489 2560 2554 ειχετε
2614 2489 2940 2557 αμαρτιαν

683 2598 794 2659 νῦν
851 2591 922 2661 δὲ
978 2594 1201 2668 lxi-,rere
1255 2595 1355 2661 ὅτι
1410 2595 1749 2672 βλέπομεν·
1829 2591 1896 2658 αἶ
1948 2591 2262 2681 ἁμαρτίαι
2317 2594 2497 2670 ὑμῶν
2550 2598 2836 2671 μενοῦσι.

680 2765 1083 2867 Κατατήκει
1144 2764 1371 2846 πάλιν
1436 2761 1693 2848 αὐτοὺς
1751 2764 1791 2842 ὃ
1860 2761 2116 2868 Σωτὴρ
2181 2767 2397 2872 τέχνῃ
2460 2765 2772 2870 κεράσας
2833 2764 2964 2848 τὸν

560 2888 889 2996 ἔλεγχον.
968 2890 1330 2993 λοιδορίας
1380 2888 1511 2988 μὲν
1560 2887 1704 2990 γάρ
1755 2888 2048 2988 ἁπάσης
2097 2891 2480 2997 ἀποφοιτᾷ,
2521 2893 2845 2971 δυσωπεῖ
2886 2891 2963 2971 δὲ

225 3036 355 3092 636
376 3033 456 3094 A.
502 3049 539 3090 a
563 3017 692 3114 τῆς
730 3015 1067 3113 ἀληθείας
1103 3015 1516 3116 παρατιθεὶς
1554 3010 1687 3112 τὴν
1723 3010 2043 3111 δύναμιν·
2099 3014 2208 3093 ἐπ’
2249 3014 2477 3094 οὐδενὶ
2512 3014 2588 3094 δὲ
2623 3015 2962 3124 χρησίμῳ
2993 3055 3077 3096 20

563 3135 648 3218 τὸ
689 3138 993 3233 βλέπειν
1027 3137 1321 3242 ἔχοντας
1359 3138 1839 3234 ἀποδείκνυσι,
1866 3141 2159 3235 μᾶλλον
2197 3134 2273 3216 δὲ
2313 3138 2429 3216 καὶ
2466 3145 2594 3217 τοῦ
2628 3138 2965 3238 μηδόλως

566 3261 877 3363 ὁρῶντος
910 3260 1269 3345 πεσόντας
1307 3261 1383 3339 ἐν
1419 3260 1763 3364 χείροσιν.
1821 3258 2198 3361 ἅνθρωπος
2234 3258 2366 3357 μὲν
2402 3257 2546 3364 γὰρ
2583 3261 2623 3340 ὃ
2660 3259 2961 3367 τυφλὸς,

567 3385 779 3487 φησὶ,
819 3390 920 3490 τῷ
967 3390 1351 3464 τεθεᾶσθαι
1398 3385 1618 3484 μηδὲν
1668 3389 1812 3463 τῶν
1856 3380 2287 3490 παραδόξως
2338 3386 2957 3484 ἀποτελουμένων,

564 3507 707 3614 ἔξω
760 3507 1071 3606 βέβηκεν
1116 3509 1485 3610 ἁμαρτίας,
1529 3510 1646 3586 καὶ
1701 3504 2111 3590 ἀνυπαίτιός
2166 3541 2321 3591 πως
2379 3506 2705 3613 ὑπάρχει·
2765 3514 2831 3588 οἱ
2886 3507 2964 3589 δὲ

565 3637 711 3711 τῶν
745 3629 1129 3731 θαυμάτων
1165 3630 1471 3711 ἐπόπται
1510 3634 1627 3710 καὶ
1665 3634 1915 3735 θεωροὶ
1965 3629 2084 3710 διὰ
2129 3629 2420 3731 πολλὴν
2458 3634 2811 3727 ἀβουλίαν
2848 3635 2965 3711 καὶ
2995 3671 3027 3710 2
3036 3668 3076 3729 5

566 3754 941 3837 κακόνοιαν
977 3754 1109 3856 τὴν
1145 3754 1235 3864 ἐξ
1282 3755 1520 3835 αὐτῶν
1555 3756 1638 3834 οὐ
1689 3753 2259 3861 παραδεξάμενοι
2308 3757 2587 3854 πίστιν,
2632 3755 2961 3836 δυσαπό·

566 3914 818 3960 νιπτον
854 3881 1106 3985 ἔχουσι
1147 3879 1281 3980 τὴν
1318 3879 1695 3984 ἁμαρτίαν,
1734 3882 1851 3958 καὶ
1903 3880 2372 3987 δυσεξίτητον
2408 3879 2631 3963 ὅντως
2682 3874 2815 3978 τὴν
2851 3882 2967 3960 ἐπὶ

643 4143 691 4183 1.
727 4124 921 4181 τούτων
948 4126 1012 4181 Β.
1037 4125 1223 4182 τοῦτου
1249 4126 1432 4181 Holet.
1458 4125 1562 4181 Ed.
1590 4135 1644 4180 et
1666 4133 1730 4180 ut
1755 4123 1864 4180 vid.
1889 4124 2022 4180 Nik.
2179 4141 2229 4179 2.
2266 4126 2362 4180 ὗπε
2457 4127 2562 4179 κεῖν
2585 4143 2632 4180 8.
2661 4124 2781 4180 Cat.
2810 4124 2966 4181 Harl.

565 4196 789 4288 ἐνεγκεῖν
814 4197 917 4253 Ed.
1068 4215 1123 4269 3.
1161 4198 1442 4269 διατεθηγμ
1444 4197 1548 4251 ε’νοι
1575 4196 1639 4251 Β.
1644 4214 1693 4250 8.
1718 4195 2118 4286 διατεθιγμένοι
2121 4195 2218 4250 Ht.
2244 4147 2719 4267 undam-emp«
2706 4196 2799 4252 ’νοι
2824 4196 2969 4252 Aub.

606 4308 620 4322 ‘
657 4267 1135 4400 κῖωρὲἷᾷἶῖἒὸ..
1163 4339 1228 4394 B.
1251 4267 1421 4404 βοωῗ
1425 4267 2065 4402 022⁷{1T232‘22'1'Z‘Q3
2082 4267 2531 4392 {fflffffi‘tfbpss‘}
2549 4267 2967 4408 ἶῖἔγὲσὲἷζλῡηὲζ

565 4355 738 4463 νοῗιὶἰῐ
765 4408 963 4499 Heyse.
1144 4423 1194 4481 7.
1215 4362 1457 4480 πάρεσἿτί
1480 4428 1529 4466 8.
1716 4425 1770 4480 9.
1806 4408 2092 4478 περιθεῖναι
2114 4425 2186 4471 8.
2212 4407 2306 4462 sed
2331 4410 2644 4479 πειραθῶμεν
2667 4409 2787 4464 Cat.
2815 4410 2967 4464 Harl.

574 4495 655 4546 14.
691 4479 835 4534 τόν’
804 4482 1080 4562 aymsspova·
1098 4479 1249 4535 οὐδέν
1271 4498 1321 4535 8.
1646 4496 1731 4534 22.
1771 4480 1995 4549 ὁρῶντος
2017 4447 2267 4533 emen'dat
2294 4480 2493 4549 Heyee.
2519 4482 2746 4551 ὁρωντας
2771 4480 2836 4535 Β.
2866 4479 2967 4534 Ed.

570 4553 655 4606 26.
690 4551 872 4606 πίστιν
897 4549 1080 4605 deest
1068 4568 1124 4605 m
1152 4550 1217 4605 Β.
1242 4551 1535 4621 assumpsit
1561 4569 1589 4606 e
1617 4550 1735 4606 Cat.
1762 4560 1824 4604 ut
1849 4549 1956 4604 vid.
1984 4548 2127 4603 Aub.
2156 4559 2210 4603 et
2236 4550 2309 4603 ita
2333 4566 2383 4603 8.
