3238 5158
210 365 332 431 viii.
358 383 464 451 51.
774 369 888 434 IN
949 369 1017 434 s,
1066 368 1582 433 JOANNEM.
1673 368 2019 434 LIB.v1.
2475 372 2596 432 115

209 530 526 633 καθάπερ
571 532 777 616 οὗτος
828 534 869 611 ὁ
919 534 1083 613 καθ’
1129 534 1329 632 ἡμᾶς,
1369 534 1496 613 οὐκ
1546 533 1870 640 ὄψεσθαι
1922 527 2016 614 δὲ’
2033 532 2161 613 τὸν
2198 531 2472 614 θάνατον
2508 541 2599 619 εἰς

209 652 462 733 ἐκεῖνόν
489 661 681 760 φησι
715 654 819 736 τὶν
847 654 1077 753 αἰῶνα,
1102 655 1267 741 τοὺς
1302 654 1430 736 τὸν
1458 662 1648 736 θεῖον
1679 658 1896 737 αὐτοῦ
1928 659 2341 766 τηρήσαντας
2377 659 2600 759 λόγον,
2625 688 2661 730 ο

210 777 340 880 οὐχ
394 780 492 863 ὡς
544 779 1085 886 τεθνηξομένων
1128 786 1343 860 τινῶν
1389 779 1573 880 μετὰ
1630 779 1763 880 τὴν
1808 781 2244 861 ἀνάστασιν·
2304 781 2606 860 λέλυται

210 899 349 1004 γὰρ
386 901 428 979 ὁ
461 899 756 982 πάντων
781 904 1090 988 θάνατος
1115 906 1192 982 ἐν
1215 902 1504 1010 θανάτῳ
1532 910 1886 1008 Χριστοῦ,
1910 907 2025 984 καὶ
2056 904 2140 985 τὸ
2166 909 2295 1004 τῆς
2326 911 2607 1011 φθορᾶς

153 1043 186 1103 5
213 1021 606 1129 ἠφάνισται
645 1024 926 1129 κράτος·
986 1026 1193 1109 ἀλλὰ
1229 1026 1544 1108 θάνατον
1580 1025 1906 1129 ὀνομάζει
1955 1028 2137 1108 κατὰ
2172 1028 2257 1109 τὸ
2293 1025 2478 1112 εἰκὸς
2519 1026 2607 1107 τὸ

212 1145 297 1224 δι’
343 1153 600 1234 αἰῶνος
654 1148 1113 1254 κολάζεσθαι.
1208 1158 1423 1231 τοῦτο
1487 1149 1562 1231 δὲ
1629 1149 1721 1229 ἂν
1774 1150 2050 1250 μάθοις,
2107 1150 2285 1255 ὅπερ
2337 1150 2609 1254 εἴρηκεν

213 1268 424 1356 αὐτὸς
457 1274 534 1351 ἐν
568 1280 718 1358 τοῖς
754 1274 1085 1379 ἀνωτέρω
1124 1274 1762 1372 διασκοπούμενος·
1839 1283 1883 1322 “
1906 1275 2144 1373 Ἀμὴν
2178 1275 2347 1378 γὰρ,
2383 1278 2604 1379 φησὶ,

214 1403 254 1440 “
289 1392 487 1496 λέγω
541 1399 725 1495 ὑμῖν,
765 1400 805 1478 ὁ
856 1398 1221 1479 πιστεύων
1255 1402 1354 1483 εἰς
1404 1395 1531 1476 τὸν
1566 1397 1748 1477 Υἱὸν
1793 1396 1936 1501 ἔχει
1985 1397 2169 1500 ζωὴν
2213 1399 2600 1496 αἰώνων,
2569 1433 2610 1478 ο

214 1525 255 1563 “
292 1515 372 1597 δὲ
435 1522 750 1601 ἀπειθῶν
805 1527 913 1629 τῷ
968 1525 1127 1629 Υὶῷ
1193 1521 1322 1600 οὐκ
1396 1519 1660 1627 ὄψεται
1725 1517 1972 1621 ζωήν.”
2059 1522 2289 1601 καίτοι
2349 1520 2612 1606 πάντες

119 1670 189 1711 10
212 1642 767 1742 ἀναβιώσονται,
805 1648 923 1726 καὶ
972 1650 1070 1729 εἶς
1123 1642 1310 1747 ζωὴν
1361 1650 1681 1728 εἰσαῦθις
1729 1646 2323 1746 ἀναδραμοῦνται,
2362 1643 2621 1724 πιστοί

210 1798 287 1844 τε
325 1768 445 1844 καὶ
478 1765 797 1847 ἄπιστοι.
879 1766 1133 1871 μερικὴ
1168 1764 1314 1870 γὰρ
1350 1771 1467 1846 καὶ
1504 1767 1835 1866 οὐδαμῶς
1870 1768 1915 1866 ἦ
1960 1765 2395 1862 ἀνάστασις,
2438 1767 2609 1845 ἀλλ’
2638 1779 2683 1844 d

213 1885 339 1987 ἴση
380 1896 529 1974 τοῖς
566 1888 786 1990 ὅλοις,
825 1890 1010 1972 κατά
1046 1923 1131 1993 γε
1167 1888 1298 1970 τὸν
1335 1892 1412 1970 ἐν
1446 1897 1550 1999 τῷ
1584 1894 1847 1995 χρῆναι
1894 1889 2173 1984 πάντας
2221 1894 2615 1987 ἀναβιῶναι

215 2009 469 2113 λόγον.

204 2145 216 2156 “
330 2140 510 2219 Πῶς
564 2135 692 2215 οὖν
742 2139 783 2216 ὃ
837 2135 939 2238 μὴ
988 2133 1352 2219 πιστεύων
1395 2141 1501 2244 τῷ
1544 2139 1705 2244 Υἱῷ
1751 2134 1884 2237 τὴν
1921 2133 2106 2237 ζωὴν
2142 2137 2271 2216 οὐκ
2320 2136 2581 2243 ὄψεται
2589 2197 2611 2234 ,

119 2279 187 2340 15
215 2259 448 2339 καίτοι
503 2258 796 2341 πάντων
848 2261 1405 2363 ἀναστήσεσθαι
1456 2259 2129 2363 προσδοκωμένων·
2109 2322 2130 2356 ,
2213 2265 2439 2360 δῆλον
2493 2261 2622 2341 οὖν

214 2380 359 2529 ἄρα
408 2384 636 2463 παντί
675 2416 780 2491 τω
835 2383 1175 2466 λοιπὸν
1136 2418 1246 2464 οτι
1282 2382 1469 2488 ζωὴν
1504 2383 1666 2466 ἔθος
1716 2386 2111 2463 ἀποκαλεῖν
2142 2390 2249 2490 τῷ
2283 2389 2617 2490 Χριστῷ,

212 2502 300 2586 τὸ
355 2508 437 2587 ἐν
479 2463 776 2616 εὐθυμία
831 2511 949 2588 καὶ
999 2504 1180 2616 δόξῃ
1236 2514 1491 2603 βιῶναι
1541 2506 1828 2609 μακρὰν
1878 2500 1995 2586 κ’ὶιὶ
2045 2506 2482 2608 καταλήγειν
2525 2513 2623 2593 εἷς

211 2630 440 2733 πέρας
476 2630 1028 2738 παραιτουμένῃ,
1069 2631 1247 2733 ὅπερ
1292 2633 1494 2711 ἐστὶν
1527 2631 1604 2708 ἐν
1642 2629 1882 2710 ἐλπίδι
1928 2638 2077 2714 τοῖς
2127 2632 2353 2732 ἁγίοις
2401 2637 2615 2731 τεθη-

210 2754 736 2855 σαυρισμένον.
847 2754 1101 2859 ὥσπερ
1165 2756 1292 2834 οὖν
1355 2756 1787 2835 ἀπειθοῦντα
1857 2758 1962 2858 τῷ
2024 2758 2181 2859 Υἱῷ
2243 2753 2376 2853 τὴν
2437 2752 2623 2856 ζωὴν

114 2907 188 2949 20
210 2875 527 2958 ἀθέατον
577 2876 764 2985 ἕξειν
820 2881 1033 2985 φησι,
1089 2878 1317 2959 καίτοι
1374 2875 1669 2956 πάντων
1728 2877 2129 2969 ἀποβιωναι
2187 2880 2684 2978 προσδοκω-ο

210 2998 475 3099 με’νων,
512 3002 597 3080 οὐ
644 2999 779 3101 τὴν
814 3009 945 3082 τοῦ
994 3001 1336 3102 σώματος
1387 2999 1948 3098 κατασημαίνων
1981 3000 2058 3077 ἐν
2093 2998 2370 3083 τούτοις
2406 2998 2619 3102 ζωὴν,

212 3122 426 3202 ἀλλὰ
476 3123 610 3223 τὴν
653 3131 803 3209 τοῖς
853 3124 1085 3226 ἁγίοις
1139 3122 1718 3227 ηὐτρεπισμένην
1764 3123 2123 3221 εὐθυμίαν,
2163 3124 2388 3208 οὕτως
2436 3125 2620 3203 ἀπο-

212 3252 495 3326 καλῶν·
569 3244 700 3328 τὸν
746 3246 967 3327 αὐτὸν
1019 3244 1214 3344 οἶμαι
1268 3245 1539 3348 τρόπον
1586 3244 1715 3326 τὸν
1763 3252 2088 3347 γενναῖον
2138 3250 2256 3326 καὶ
2311 3244 2632 3326 νεανικὸν

213 3377 366 3450 τῶν
425 3370 636 3451 θείων
688 3372 909 3451 αὐτοῦ
962 3370 1304 3475 ῥημάτων
1359 3366 1710 3470 ἐσόμενον
1765 3369 2081 3475 φύλακα,
2136 3368 2448 3450 θάνατον
2503 3370 2631 3448 οὐκ

118 3505 188 3564 ²5
213 3492 559 3600 ὄψεσθαί
612 3500 846 3601 φησιν
909 3498 1007 3579 εἷς
1069 3490 1199 3573 τὸν
1252 3498 1499 3590 αἰῶνα,
1556 3494 1675 3572 καὶ
1739 3492 1899 3596 οὐχὶ
1961 3491 2248 3577 πάντως
2311 3490 2440 3573 τὸν
2501 3500 2632 3572 τοῦ

213 3619 570 3714 σώματος
624 3615 934 3698 θάνατον
983 3616 1101 3696 διά
1157 3615 1413 3696 τούτου
1467 3604 1737 3716 δηλῶν,
1776 3613 1978 3695 ἀλλά
2027 3615 2159 3715 τὴν
2204 3623 2353 3700 τοῖς
2402 3617 2633 3719 ἀμαρ-

214 3748 489 3824 τωλοΐς
562 3738 1135 3845 ηὑτρεπισμένην
1209 3738 1548 3819 κόλασιν.
1667 3742 1767 3822 ὡς
1846 3738 1991 3843 γὰρ
2073 3742 2149 3820 ἐν
2221 3741 2506 3824 ἐκείνοις
2586 3739 2691 3840 ἦα
2739 3756 2873 3815 674
2887 3754 2973 3812 Δ.

214 3864 527 3962 εὐθυμία
590 3863 709 3944 διὰ
771 3867 902 3963 τῆς
965 3863 1146 3966 ζωῆς
1211 3861 1660 3962 σημαίνεται,
1717 3862 1903 3941 οὕτω
1958 3860 2263 3943 κάνθάδε
2322 3859 2441 3942 διὰ
2504 3870 2633 3942 τοῦ

217 3985 546 4068 θάνατον
599 3993 818 4069 εἰπεῖν
871 3987 918 4086 ἡ
973 3985 1298 4070 κόλασις.

2697 1265 2862 1329 Supra

2699 1332 2770 1381 iii.
2799 1328 2877 1394 36.

295 4242 347 4281 1.
388 4223 530 4280 οὕτω
558 4223 623 4279 Β.
655 4223 835 4278 Holet.
859 4222 1010 4280 οὗτος
1033 4220 1338 4278 emendavit
1361 4220 1508 4277 Aub.
1535 4219 1733 4276 desunt
1757 4219 1888 4276 haec
1911 4219 2111 4274 verba’
2096 4226 2155 4274 ui
2180 4236 2230 4274 a.
2355 4218 2414 4273 δὲ
2437 4220 2529 4273 τὸν
2552 4234 2639 4272 aa·

218 4304 516 4367 sumptum
540 4312 605 4348 ex
630 4311 679 4349 a.
1067 4309 1133 4361 14
1137 4294 1258 4360 ‚so
1260 4291 1349 4417 hv}
1379 4298 1440 4356 -Ι-
1467 4293 1633 4362 λόγον
1655 4309 1685 4345 e
1710 4308 1874 4361 supra
1896 4300 1959 4345 ut
1983 4289 2091 4345 vid.
2120 4290 2186 4345 B.
2210 4288 2514 4345 emendavit
2539 4287 2639 4343 Ht.

226 4382 313 4436 19.
352 4366 471 4456 τὴν
481 4364 613 4434 ζωὴν
636 4363 856 4419 ἀθέατον
878 4364 1021 4434 ἔχειν
1108 4363 1294 4489 :fflv
1344 4363 1455 4432 ξειν
1477 4363 1650 4433 φησὶν
1676 4360 1741 4416 Β.
1766 4360 2069 4416 emendavit
2096 4361 2197 4416 Ht.
2263 4409 2268 4415 .
2413 4375 2501 4426 24.
2538 4363 2642 4414 τῶν

218 4436 381 4492 θείων
405 4435 570 4490 αὐτοῦ
598 4433 663 4489 Β.
689 4434 849 4490 αυτοῦ
873 4433 1025 4490 θείων
1496 4446 1584 4504 27.
1619 4429 1867 4504 κόλασιν]
1892 4431 2142 4502 τιμωρίαν
2163 4449 2213 4486 8.

1380 4693 1496 4753 :22
