3238 5158
192 376 326 443 xiv.
350 396 457 464 31.
590 375 706 443 ΙΝ
770 376 837 441 s,
885 360 1403 442 JOAN'NEM.
1495 377 1689 444 ΜΒ.
1738 378 1821 443 x.
1912 379 2116 444 cAP.
2165 379 2272 461 1„
2470 379 2591 442 531

197 540 583 647 ἀρχιερέων
625 540 1251 643 εἶσκεκομισμένον
1296 544 1466 643 ἡμῖν
1509 544 1880 651 ἐπιδείξας,
1919 547 2105 624 οὕτω
2157 542 2391 652 φησίν
2428 548 2470 591 “
2499 547 2598 623 Οἱ
2689 545 2936 678 {Q}

199 675 249 714 “
268 664 361 748 ,δὲ
421 668 767 770 ἀρχιερεῖς
831 669 947 746 καὶ
1012 665 1099 747 τὸ
1163 667 1535 771 συνέδριον
1592 667 1768 748 ὅλον
1828 666 2112 770 ἐζήτουν
2170 672 2594 774 ψευδομαρ-
2692 677 2773 728 ⁶0·

197 800 250 839 “
284 792 533 894 τυρίαν
582 789 768 871 κατὰ
819 799 949 871 τοῦ
997 791 1435 895 Χριστοῦ,
1397 826 1591 876 οπως
1644 790 1861 872 αὐτὸν
1914 791 2424 889 θανατώσωσι,
2485 793 2603 871 καὶ

201 924 251 963 “
288 915 422 1019 οὐχ
493 914 720 1017 ευρον,
779 922 1086 996 πολλῶν
1148 913 1714 1019 προσελθόντων
1777 916 2411 1066 ψευδομαρτύρων.
2417 917 2456 944 ”
2544 918 2604 996 εἷ

124 1052 169 1116 5
202 1036 351 1142 γὰρ
423 1042 543 1119 καὶ
614 1040 698 1119 δι’
759 1040 1159 1144 ἀνθρώπων
1213 1040 1515 1144 ἐζητεῖτο
1590 1038 1683 1121 τὰ
1758 1040 1912 1121 κατ’
1972 1039 2213 1135 αὑτὸν,
2275 1041 2445 1120 ἀλλ’
2508 1043 2603 1123 ὡς

202 1160 539 1266 ὀργάνοις
623 1164 741 1243 καὶ
821 1166 1203 1267 ὑπουργοῖς
1295 1169 1424 1264 τῆς
1506 1164 1810 1266 ἐνούσης
1895 1166 2087 1273 αὐτῷ
2166 1166 2605 1269 δυστροπίας

203 1288 465 1393 ἐχρῆτο
521 1288 561 1366 5
616 1287 981 1386 διάβολος,
1031 1293 1149 1369 καὶ
1205 1286 1418 1374 αὐτὸς
1470 1286 1561 1389 ἦν
1604 1297 1896 1389 μᾶλλον
1939 1290 2124 1391 ἥπερ
2178 1286 2411 1392 ἕτερός
2463 1324 2597 1389 τις,
2630 1303 2675 1369 b

206 1415 251 1492 5
309 1415 533 1516 εὑρεῖν
582 1414 659 1493 ἐν
713 1414 907 1520 αὐτῷ
964 1413 1192 1517 ζητῶν
1246 1415 1771 1514 πλημμέλημα.
1852 1415 2108 1494 οὑκοῦν
2161 1413 2446 1515 ἀληθὲς,
2497 1413 2608 1493 ὅτι

208 1543 358 1616 τῶν
413 1537 607 1617 ἰδίων
658 1533 829 1619 οὐδὲν
876 1533 1062 1643 εἶχεν
1111 1541 1151 1618 5
1208 1536 1550 1632 διάβολος
1606 1541 1682 1619 ἐν
1737 1540 1948 1646 αὐτῷ,
2002 1535 2087 1618 ὃν
2131 1541 2248 1619 καὶ
2296 1537 2611 1645 ἄρχοντα

18 1708 21 1715 =
88 1684 185 1729 10
214 1662 325 1741 τοῧ
371 1659 622 1766 κόσμου
674 1660 857 1762 πρὸς
903 1660 989 1742 τὸ
1036 1659 1272 1767 παρὸν
1318 1660 1714 1761 ὠνόμασεν,
1753 1664 1888 1767 οὑχ
1943 1666 2041 1747 ὡς
2095 1666 2385 1763 ἀληθῶς
2439 1661 2613 1742 ὄντα

213 1781 604 1885 δεσπότην,
640 1787 809 1867 ἀλλ’
849 1782 1102 1890 ὥσπερ
1138 1784 1299 1866 τινὰ
1335 1793 1480 1866 τῶν
1516 1788 1906 1888 ἀλιτηρίων
1939 1786 2358 1891 βαρβάρων,
2393 1796 2613 1884 πλεο-

212 1908 455 2015 νεξίας
508 1908 704 2018 νόμῳ
767 1903 1233 2014 κρατήσαντα
1294 1917 1440 1991 τῶν
1495 1912 1646 1991 κατ’
1695 1911 1942 1991 οὐδένα
1996 1910 2264 2013 τρόπον
2317 1932 2608 2014 προσηέ

208 2033 487 2116 κόντων
532 2036 745 2142 αὐτῷ.
830 2036 951 2138 ὑφ’
992 2036 1219 2143 ἑαυτῷ
1272 2034 1416 2139 γὰρ
1474 2033 1867 2136 ἐποιήσατο
1925 2032 2041 2114 διὰ
2089 2040 2217 2135 τῆς
2264 2035 2614 2138 ἁμαρτίας

208 2157 341 2239 τὸν
377 2159 783 2263 ἄνθρωπον,
820 2161 937 2238 καὶ
978 2157 1227 2262 ὥσπερ
1273 2157 1434 2239 τινὰ
1469 2160 1780 2260 ποίμνην
1816 2156 2385 2261 ἀνεπιστάτητον
2420 2160 2610 2239 ἀπο-

88 2303 180 2366 ¹5
211 2283 685 2384 βουκολήσας
722 2287 914 2362 Θεοῦ
951 2289 1098 2363 τῶν
1133 2285 1543 2385 ἀλλοτρίων
1576 2282 1872 2387 ἐκράτει.
1934 2282 2297 2387 τοιγάρτοι
2335 2286 2450 2364 καὶ
2482 2287 2615 2382 ,τῆς

213 2410 403 2489 οὕτω
457 2408 931 2512 πορισθείσης
989 2410 1216 2512 ἀρχῆς
1273 2409 1555 2491 δικαίως
1610 2407 2062 2507 ἐκβέβληται.
2134 2407 2613 2504 βεβασίλευκε
2637 2443 2675 2488 ο

210 2530 361 2637 γὰρ
429 2535 525 2640 ἐφ
600 2532 787 2632 ἡμᾶς
851 2532 892 2612 5
955 2528 1304 2633 Χριστος,
1363 2529 1472 2612 διό
1540 2537 1729 2637 φησι
1788 2542 1833 2579 “
1862 2538 2023 2613 Νῦν
2077 2533 2118 2612 5
2182 2531 2426 2638 ἅρχων
2487 2539 2614 2613 τοῦ
2665 2525 2901 2656 ξξΡξζ,

215 2669 263 2708 “
297 2658 576 2757 κόσμου
636 2655 893 2738 τούτου
956 2655 1482 2756 ἐκβληθήσεται
1546 2655 1709 2763 ἔξω,
1768 2655 1967 2760 κάγὼ
2020 2656 2145 2737 ε’ἃν
2201 2659 2476 2764 ὑψωθῶ
2538 2657 2616 2735 ἐκ
2707 2671 2788 2722 3²·

218 2791 266 2846 6‘
303 2786 428 2880 τῆς
472 2785 627 2884 γῆς,
662 2779 940 2865 πάντας
985 2780 1276 2861 ελκύσω
1319 2815 1504 2884 προς
1545 2778 1897 2879 ἐμαυτόνῖ

102 3041 192 3086 20
866 3033 883 3056 ³
903 3029 1265 3122 ΕΓείρεοθε,
1317 3030 1580 3110 ἄτωμεν
1632 3032 1953 3105 ἐντεῦθεν.

260 3227 269 3236 “
333 3205 431 3284 ‘O
467 3202 598 3304 μὲν
635 3202 867 3288 κοινὸς
920 3212 1070 3290 τοῖς
1125 3212 1435 3291 πολλοῖς
1482 3207 1600 3286 καὶ
1651 3205 2105 3308 τετριμμένος
2160 3212 2288 3285 τοῦ
2341 3237 2623 3308 προκει-

214 3328 439 3430 μένου
476 3326 704 3430 λόγος
740 3332 962 3409 ε’κεῖνο
1005 3331 1260 3409 δίδωσι
1297 3337 1505 3428 νοεῖν,
1542 3332 1640 3414 ὡς
1675 3330 1960 3434 ἐπείπερ
2010 3331 2049 3409 5
2098 3333 2226 3429 τῆς
2261 3329 2624 3442 Ἰουδαίων

214 3443 561 3537 ἀπονοίας
600 3452 993 3536 εἰσελάσας
1030 3452 1167 3553 ἤδη
1211 3452 1473 3557 καιρὸς,
1510 3459 1891 3559 μονονουχὶ
1940 3453 2315 3557 πεπηγότα
2363 3451 2623 3533 λοιπὸν
2645 3462 2690 3528 d

216 3574 352 3660 τὸν
408 3579 642 3676 τίμιον
704 3586 832 3657 τοῦ
899 3581 1236 3679 Σωτῆρος
1297 3578 1707 3658 ἐπιδεικνύει
1768 3577 2108 3681 σταυρὸν,
2168 3584 2265 3663 εἶς
2326 3578 2626 3664 ἐκείνους
2669 3663 2674 3669 ,

104 3731 188 3793 25
218 3699 642 3805 ἀποτρέχειν
676 3701 842 3786 τοὺς
878 3699 1142 3785 τόπους
1179 3703 1359 3801 ὁμοῦ
1393 3708 1539 3785 τοῖς
1591 3703 1821 3805 ἁγίοις
1868 3709 2217 3803 μαθηταῖς
2263 3704 2591 3805 ἠπείγετο
2599 3763 2622 3801 ,

217 3827 303 3905 ἐν
373 3822 632 3928 οἷσπερ
714 3823 931 3904 αὑτὸν
1003 3824 1048 3924 ἢ
1128 3830 1274 3905 τῶν
1349 3827 1720 3929 ὑπηρετῶν
1788 3825 2236 3923 συνελάβετο
2316 3829 2627 3930 εὑροῦσα

220 3956 517 4052 σπεῖρα.
595 3950 715 4029 καὶ
763 3947 1065 4032 πιθανὸς
1110 3947 1242 4050 μὲν
1286 3951 1327 4029 5
1379 3958 1564 4034 νοῦς·
1622 3949 1822 4050 πλὴν
1866 3949 2046 4034 εἰκός
2094 3984 2170 4030 τε
2224 3954 2340 4031 καὶ
2390 3951 2628 4053 ἕτερον

218 4072 495 4153 ἐθέλειν
550 4074 981 4175 ὑποδηλοῦν,
1031 4071 1507 4172 πνευματικὸν
1564 4071 1898 4173 δηλονότι
1952 4078 2070 4155 καὶ
2126 4072 2623 4179 κεκρυμμένον.

219 4195 360 4314 τὴν
396 4195 539 4302 γὰρ
585 4198 676 4304 ἐξ
718 4197 959 4300 ἑτέρου
1007 4194 1197 4281 τινὸς
1247 4195 1429 4300 πρὸς
1479 4194 1717 4300 ἕτερόν
1752 4231 1821 4277 τι
1855 4196 2307 4295 μετάστασιν
2343 4201 2460 4278 καὶ
2497 4197 2628 4297 τὴν

109 4361 195 4419 30
222 4322 306 4403 ἐκ
342 4327 486 4402 τῶν
517 4318 858 4427 χειρόνων
896 4326 993 4404 εὶς
1041 4320 1125 4401 τὸ
1175 4319 1464 4420 ἄμεινον
1500 4319 1947 4425 ἀποδρομὴν,
1987 4322 2071 4403 δι’
2112 4323 2330 4403 αὑτοῦ
2379 4356 2456 4402 τε
2509 4323 2626 4400 καὶ
2650 4354 2686 4397 e

306 4549 676 4674 ῐὲωβιὲρβάρφ
702 4548 1070 4604 E.12.
1106 4548 1499 4621 προσηκόντων]
1525 4548 1928 4618 προσελθόντων
1953 4548 2018 4603 Ε.
2251 4565 2335 4603 2⁵2.
2373 4550 2534 4617 λόγου
2563 4544 2626 4599 Ε.

225 4622 297 4677 ὥς

1345 4722 1526 4788 3Y2
