3238 5158
581 320 717 384 446
1193 319 1274 384 B.
1321 317 1736 383 CYRILLI
1797 318 2381 385 ALEXANDR.
2734 318 2873 385 xiv.
2910 339 3015 384 11.

581 488 826 590 τρίτον
859 483 1183 589 ἐπήγαγε
1219 486 1303 566 τό
1339 484 1640 586 Ἐσμὲν,
1676 491 1767 592 τῇ
1816 492 1964 566 τῶν
1997 485 2531 589 προλαβόντων
2567 486 2850 593 διανοίᾳ
2888 489 3021 567 καὶ

583 608 760 690 αὐτὸ
812 609 1295 716 χαριζόμενος.
1376 612 1496 689 καὶ
1548 606 1745 708 οἶμαι
1793 608 1928 708 μὲν
1972 610 2084 691 ὅτι
2137 609 2559 712 δυσωπήσει
2611 609 2810 717 τάχα
2858 645 3021 691 που

513 742 558 808 b
585 731 714 813 τὸν
750 734 1107 839 θεομάχον
1143 736 1376 838 ὀρθῶς
1412 732 1596 839 ἔχων
1634 733 1805 834 ἡμῖν
1840 736 1882 814 5
1919 738 2085 837 περὶ
2118 735 2374 815 τούτου
2409 732 2657 838 λόγος·
2710 738 3023 816 ἐνιστα-

584 857 775 967 μένῷ
834 857 911 939 δὲ
963 858 1213 955 πάλιν,
1272 861 1390 938 καὶ
1449 857 1533 939 τό
1566 860 1700 938 Ἐν
1755 862 1860 965 τῷ
1916 863 2085 967 Θεῷ
2144 855 2602 963 περιέλκοντι
2661 858 2850 962 πρὸς
2923 859 3021 941 τὸ

584 985 780 1091 αὐτῷ
814 985 931 1065 καὶ
978 983 1178 1091 μόνῳ
1224 986 1502 1081 δοκοῦν,
1536 986 1665 1083 τῆς
1719 983 2201 1064 θεοπνεύστου
2251 987 2544 1090 γραφῆς
2590 980 2723 1083 τὴν
2760 984 3010 1086 συν-ἧ·
3046 1013 3089 1074 5

586 1114 784 1189 θειαν
820 1108 1288 1215 ἐπιδείξομειι.
1369 1108 1531 1193 ἔθος
1577 1105 1725 1210 γὰρ
1775 1108 1958 1211 αὐτῇ
2009 1107 2246 1211 λέγειν
2282 1106 2446 1188 ἔσθ’
2487 1106 2605 1187 ὅτε
2658 1110 2821 1188 ἀντὶ
2874 1118 3019 1190 τοῦ

586 1233 704 1313 διὰ
752 1239 965 1331 Θεοῦ,
1002 1231 1087 1314 τό
1134 1235 1268 1313 Ἐν
1305 1238 1498 1340 Θεῷ.
1588 1235 1739 1312 ἐπεὶ
1790 1231 2060 1337 λεγέτω
2110 1230 2256 1336 γὰρ
2304 1233 2563 1317 ἐκεῖνος
2611 1231 2805 1331 ἡμῖν,
2840 1240 3019 1319 πῶς

243 1350 332 1480 {²2
352 1349 439 1400 ΒΧ·
586 1359 662 1438 ἐν
697 1363 1029 1461 ψαλμοῖς
1075 1357 1512 1461 ἀνακεῖεραγε
1558 1356 1801 1457 λέγων
1835 1390 1946 1441 τις
1983 1367 2027 1403 “
2052 1358 2186 1437 Ἐν
2223 1361 2325 1463 τῷ
2363 1361 2530 1465 Θεῷ
2572 1353 3017 1456 ποιήσωμεν

245 1480 472 1598 {salin
585 1491 629 1530 ‘⁶
667 1481 1027 1582 δύναμιν·”
1084 1485 1205 1563 καὶ
1239 1479 1468 1562 πάλιν
1504 1483 1602 1564 ὡς
1636 1478 1820 1584 πρὸς
1853 1478 2071 1560 αὐτόν
2098 1491 2140 1528 “
2163 1478 2299 1560 Ἐν
2333 1483 2458 1560 σοὶ
2492 1478 2658 1564 τοὺς
2693 1481 3015 1585 ἐχθροὺς

585 1616 630 1656 “
667 1607 870 1708 ἡμῶν
906 1602 1433 1711 κερατιοῦμεν.”
1495 1605 1579 1684 οὐ
1629 1601 1773 1708 γὰρ
1822 1602 1911 1704 δή
1958 1638 2068 1689 τις
2117 1601 2440 1705 οἰήσεται
2488 1611 2703 1685 τοῦτο
2751 1602 3013 1706 λέγειν
3047 1643 3127 1685 ιο

523 1765 562 1810 ο
584 1730 822 1829 αὑτὸν,
862 1735 960 1815 ὡς
994 1734 1069 1812 ἐν
1108 1737 1199 1836 τῇ
1237 1730 1453 1836 οὐσίᾳ
1487 1737 1615 1809 τοῦ
1655 1734 1848 1809 Θεοῦ
1893 1727 2192 1825 δύναμίν
2226 1762 2389 1808 τινα
2438 1727 3015 1830 δημιουργῆσειν

583 1855 1142 1959 ἐπαγγέλλεται,
1187 1855 1357 1935 ἀλλ’
1394 1852 1555 1934 οὐδὲ
1606 1854 1684 1933 ἐν
1727 1854 1909 1958 αὑτῇ
1960 1851 2127 1938 τοὺς
2177 1854 2394 1938 ἰδίους
2447 1850 2743 1958 ἐχθροὺς
2799 1856 3012 1957 εὑρί-

585 2014 897 2063 σκοντας
955 1986 1294 2082 κερατιεῖν
1345 1976 1602 2061 αὐτοὺς
1657 1978 1699 2057 5
1753 1975 2079 2083 ψάλλων
2137 1977 2396 2083 φησίν·
2462 1977 2634 2056 ἀλλ’
2674 1980 2750 2056 ἐν
2790 1982 3009 2085 Θεῷ,

584 2106 838 2211 φησὶν,
886 2105 1046 2185 ἀντὶ
1095 2110 1224 2184 τοῦ
1271 2100 1420 2182 Διὰ
1468 2108 1681 2199 Θεοῦ,
1722 2104 1839 2182 καὶ
1890 2100 1975 2182 τό
1996 2103 2146 2182 .Ἐν
2191 2109 2315 2182 σοὶ
2363 2099 2612 2199 πάλιν,
2659 2102 2820 2181 ἀντὶ
2870 2111 3015 2182 τοῦ

586 2226 734 2306 Διὰ
789 2236 955 2310 σοῦ.
1038 2227 1117 2308 τί
1174 2226 1250 2309 δὲ
1314 2231 1431 2307 καὶ
1501 2229 1541 2306 5
1596 2224 1945 2329 μακάριος
2003 2231 2303 2310 Παῦλος
2362 2225 2771 2329 Κορινθίοις
2831 2228 3003 2306 ε’πι·
3044 2263 3117 2324 15

254 2372 493 2435 πῦον-Μ·
584 2348 931 2432 στέλλων
975 2349 1276 2454 ἐ’λεγενς
1337 2361 1382 2398 “
1410 2351 1850 2456 Εὑχαριστῶ
1907 2355 2010 2459 τῷ
2068 2355 2235 2458 Θεῷ
2289 2384 2429 2449 μου
2483 2350 2645 2453 περὶ
2699 2349 3013 2430 πάντων

588 2486 632 2525 “
669 2477 867 2574 ὑμῶν
905 2478 1018 2556 ἐπὶ
1066 2478 1158 2584 τῇ
1204 2475 1500 2582 δοθείσῃ
1549 2478 1715 2572 ὑμῖν
1765 2477 1842 2554 ἐν
1876 2479 2185 2584 Χριστῷ
2232 2474 2484 2574 Ἰησοῦ
2533 2471 2834 2579 χάριτι,”
2880 2477 3012 2553 καὶ

249 2614 428 2677 Ib·30·
585 2598 813 2683 πάλιν
871 2611 915 2649 “
951 2600 1097 2708 Ἐξ
1155 2602 1374 2681 αὑτοῦ
1437 2599 1514 2680 δὲ
1574 2603 1772 2699 ὑμεῖς
1835 2602 2001 2680 ε’στε
2067 2602 2143 2678 ἐν
2200 2603 2511 2707 Χριστῷ
2577 2599 2852 2697 Ἰησοῦ,
2926 2596 3013 2684 ὃς

587 2736 633 2775 “
670 2726 970 2828 ἐγενήθη
1008 2728 1178 2826 ἡμῖν
1214 2726 1450 2831 σοφία
1486 2722 1631 2805 ἀπὸ
1670 2729 1884 2821 Θεοῦ,
1913 2723 2331 2817 δικαιοσύνη
2367 2757 2444 2802 τε
2483 2725 2600 2802 καὶ
2633 2723 3013 2825 ἁγιασμὸς

517 2863 563 2929 d
586 2860 632 2899 ‘⁶
666 2854 784 2931 καὶ
838 2847 1418 2953 ἀπολύτρωσις.”
1505 2845 1648 2951 ἆρα
1702 2845 1846 2950 γὰρ
1899 2849 2048 2950 ἐρεῖ
2093 2881 2204 2931 τις
2259 2853 2638 2953 νουνεχῶς,
2699 2845 2813 2925 ὅτι
2864 2847 3011 2948 τὴν
3038 2880 3113 2921 πο

586 2977 1165 3076 ἀπονεμηθεῖσαν
1232 2973 1506 3054 ανωθεν
1568 2978 1719 3057 τοῖς
1782 2971 2188 3074 Κορινθίοις
2251 2970 2468 3076 χάριν
2520 2973 2598 3051 ἐν
2657 2972 2843 3077 αὑτῇ
2912 2980 3010 3078 τῇ

585 3098 802 3180 οὐσία
838 3108 966 3180 τοῦ
1002 3104 1336 3202 Χριστοῦ
1372 3095 1716 3179 δεδόσθαι
1754 3096 2055 3202 φησιν’
2022 3128 2063 3174 ο
2100 3092 2725 3203 πνευματοφόρος,
2770 3094 3011 3198 ἤγουν

584 3224 1000 3309 ἀκολούθως
1054 3223 1285 3331 τούτῳ
1339 3221 1425 3303 τὸ
1488 3221 1730 3322 ἕτερον
1782 3216 2232 3325 ἐκλήψεται·
2210 3280 2233 3317 ,
2311 3222 2431 3299 καὶ
2493 3225 2651 3304 πῶς
2710 3221 2845 3301 οὑκ
2910 3219 3011 3302 ἂν

586 3352 819 3457 ὁρῷτο
855 3340 1147 3452 ληρῶν·
1126 3407 1149 3445 ,
1211 3349 1287 3426 τί
1317 3348 1554 3426 τοίνυν
1591 3345 1710 3425 καὶ
1755 3339 1947 3425 αὑτὸ
1982 3342 2067 3423 τὸ
2117 3348 2265 3423 τῶν
2302 3348 2512 3445 ἱερῶν
2547 3341 3009 3447 γραμμάτων

586 3470 986 3575 παραλύων
1058 3472 1239 3570 ἔθος,
1306 3474 1423 3551 καὶ
1497 3468 1628 3570 τὴν
1702 3475 1830 3549 τοῦ
1904 3467 2261 3571 μακαρίου
2330 3467 2641 3548 Παύλου
2712 3469 3008 3571 βουλὴν
3034 3494 3107 3555 25

586 3594 1180 3703 συκοφαντήσας,
1236 3592 1581 3699 ὑπάρχειν
1646 3592 1832 3693 ἡμᾶς
1903 3593 1981 3673 ἐν
2045 3597 2233 3698 Θεῷ,
2297 3591 2699 3688 τουτέστιν,
2762 3594 2842 3673 ἐν
2908 3601 3006 3700 τῇ

585 3721 799 3801 οὐσία
856 3728 987 3800 τοῦ
1045 3717 1340 3820 Πατρὸς
1402 3717 1652 3820 λέγεις,
1712 3715 1886 3797 ὅταν
1934 3714 2254 3821 ἀκούσῃς
2309 3721 2460 3798 τοῖς
2514 3717 2591 3796 ἐν
2635 3714 3007 3824 Ἀθήνῃσι

585 3841 1078 3941 διειπόντος,”
1038 3877 1147 3923 οτι
1184 3845 1259 3921 ἐν
1294 3842 1487 3949 αὐτῷ
1526 3839 1754 3943 ζῶμεν
1790 3844 1909 3919 καὶ
1945 3838 2331 3938 κινούμεθα
2365 3841 2485 3919 καὶ
2520 3840 2795 3937 ἐσμεν·
2772 3901 2799 3937 ,

523 4000 560 4045 ο
696 4028 739 4067 ,,
766 3966 1016 4048 Ἀλλὰ
1077 3964 1256 4064 ναῖ,”
1315 3968 1547 4073 φησὶν
1607 3966 1648 4044 5
1713 3969 1857 4043 τῶν
1917 3961 2265 4067 ὀλεθρίων
2324 3961 2710 4065 δογμάτων
2767 3997 3004 4069 προε-

653 4240 707 4293 4.
743 4221 1064 4293 περιέλκοντι
1103 4222 1164 4277 F.
1201 4219 1281 4277 ἶσ.
1319 4218 1647 4307 περιέλκοντα,
1688 4216 1790 4272 Ed.
1830 4233 1927 4287 mg
1986 4214 2328 4284 περιέλκοντα
2368 4214 2435 4269 Ε.
2471 4212 2838 4283 περιέλκοντα·
2890 4217 3004 4274 Ed.

586 4308 745 4383 7—p.
765 4310 890 4365 447,
872 4312 1001 4418 ,(ἰὲ
975 4294 1101 4349 citat
1125 4311 1181 4365 p.
1394 4292 1447 4347 8.
1484 4289 1785 4359 ποιήσωμεν
1808 4233 1944 4412 Eg.
1959 4237 2088 4356 (66ρ
2079 4287 2172 4358 al.)
2200 4287 2267 4341 cf.
2293 4286 2349 4339 iu
2377 4286 2472 4339 Ee.
2492 4297 2589 4354 771
2611 4284 2647 4338 d
2673 4303 2706 4339 a
2732 4285 2887 4341 Pars.
2905 4290 3004 4343 dt.

581 4387 815 4433 ποιησομ
816 4387 873 4419 εν
1249 4379 1332 4417 11.
1369 4362 1565 4431 πατρὸς
1589 4377 1687 4431 pro
1715 4361 1851 4413 Θεοῦ
2198 4357 2281 4411 18.
2318 4353 2503 4427 αὐτοῦ]
2510 4356 2758 4442 ,ἐμαυτοῦ
2784 4357 2915 4428 (sic)
2944 4376 3005 4430 p.

537 4482 550 4489 -
588 4453 671 4507 19.
709 4433 954 4507 ἐγεννήθη
982 4434 1046 4489 Ε.
1073 4433 1143 4489 cf.
1167 4433 1224 4488 in
1248 4434 1324 4488 xii
1349 4432 1549 4503 Propb.
1577 4444 1709 4517 555
1708 4449 1754 4484 e.
2057 4444 2144 4483 22.
2181 4431 2276 4483 τοῦ
2300 4429 2535 4497 Χριστοῦ
2561 4436 2685 4496 post
2705 4448 3004 4495 πνευματο-

581 4509 750 4577 φόρος
757 4506 1074 4631 tranzzponit
1096 4522 1153 4576 Ρ.
1497 4518 1582 4573 23.
1618 4500 1784 4573 τούτῳ
1809 4517 1916 4553 om.
1940 4516 1996 4570 Ρ.
2354 4511 2440 4568 25.
2475 4495 2703 4569 βουλὴν]
2732 4498 2919 4569 φωνὴν
2942 4518 2999 4571 Ρ.

584 4592 671 4648 27.
709 4577 870 4647 λε’·γῃς
