3238 5158
189 341 297 386 xv.
324 342 387 410 3.
556 326 672 392 IN
731 331 799 396 S.
848 330 1361 400 JOANNEM.
1453 333 1647 400 LIB.
1695 334 1779 401 X.
1871 330 2071 402 CAP.
2118 335 2215 401 H.
2470 334 2598 401 555

189 488 537 589 μαθητὰς,
594 493 756 599 οὐχὶ
816 498 1053 582 ἰδικῶς
1111 531 1190 579 τε
1246 501 1366 579 καὶ
1419 499 1965 607 ἀφωρισμένως,
2020 500 2372 599 τουτέστι,
2428 501 2599 605 δίχα

191 619 322 692 τοῦ
362 618 845 720 Μονογενοῦς,
882 619 1401 724 ἐνεργήσαντός
1445 656 1519 702 τι
1565 626 1729 727 περὶ
1779 624 2036 708 αὐτοὺς
2083 631 2213 704 τοῦ
2247 627 2442 704 Θεοῦ
2479 619 2599 704 ’καὶ

196 736 515 840 Πατρός·
605 743 777 822 ἀλλ’
852 744 1139 848 ἐπείπερ
1211 746 1576 827 ἐπείθοντο
1647 752 1753 855 τῷ
1825 748 1993 850 παρ’
2065 748 2284 828 αὐτοῦ
2357 745 2589 854 λόγῳ.

192 855 449 965 ὥσπερ
502 864 631 943 οὖν
685 866 1025 970 ζωοποιός
1077 872 1237 949 ε’στι
1291 868 1380 950 δι’
1430 875 1615 951 Υἰοῦ
1670 873 1788 952 καὶ
1841 875 1919 952 ἐν
1960 876 2139 981 Υἱῷ,
2195 868 2323 952 τὸν
2377 867 2599 950 αὐτὸν

109 1003 159 1066 5
193 980 389 1081 οἶμαι
443 987 714 1090 τρόπον
764 995 881 1072 καὶ
933 994 1270 1097 γεωργὸς,
1316 996 1475 1097 ἤτοι
1527 1002 1675 1075 τῶν
1724 995 2081 1099 ἡμετέρων
2123 999 2389 1102 ψυχῶν
2433 995 2590 1074 ε’πι·
2618 1006 2662 1072 b

189 1108 534 1211 μελητὴς,
589 1113 875 1202 εἰκότως
928 1114 1018 1197 ἂν
1073 1125 1306 1198 νοοῖτο
1359 1117 1587 1199 πάλιν
1648 1120 1783 1225 οὐχ
1836 1119 2090 1220 ἑτέρως
2143 1116 2192 1220 ἢ
2248 1120 2334 1199 δι’
2382 1124 2590 1199 Υἱοῦ.

192 1237 254 1312 εἰ
300 1231 376 1313 δὲ
418 1243 566 1321 τοῖς
615 1235 823 1346 ἅπαξ
870 1242 998 1321 οὐκ
1046 1244 1277 1346 ὀρθῶς
1325 1242 1712 1347 εἰρημένοις
1760 1243 2027 1324 οἴονται
2074 1246 2223 1323 δεῖν
2254 1239 2600 1342 ἐπιμένειν

191 1360 263 1437 οἰ
345 1355 476 1440 τὸν
542 1362 863 1444 ἐναντίον
933 1366 1105 1467 ἡμῖν
1182 1365 1711 1471 πρεσβεύοντες
1795 1365 2044 1471 λόγον,
2116 1369 2237 1447 καὶ
2313 1367 2602 1468 ἐπείπερ

193 1480 529 1578 ἄμπελον
610 1485 865 1569 ἑαυτὸν
946 1491 1089 1596 ἔφη
1173 1489 1523 1596 Χριστὸς,
1594 1489 1715 1572 διὰ
1797 1499 2033 1592 τοῦτο,
2108 1489 2433 1592 καθάπερ
2513 1489 2604 1597 ἐξ

60 1640 162 1683 10
197 1602 537 1708 ἀνάγκης,
601 1615 700 1695 εἰς
762 1611 1082 1720 ἔκφυλον
1145 1614 1527 1719 ἑτερότητα
1580 1620 1944 1718 παρωθεῖν
2003 1613 2467 1718 ἐκβιάζονται,
2529 1613 2607 1691 τί

196 1725 284 1807 τὸ
330 1730 613 1813 κωλύον
655 1732 758 1814 ἔτι
811 1740 930 1817 καὶ
984 1738 1171 1839 ἡμᾶς
1225 1736 1482 1823 αὐτοὺς
1527 1736 1648 1818 διὰ
1693 1742 1821 1838 τῆς
1871 1739 2037 1839 ἰ’σης
2089 1737 2599 1841 ἀναισχυντίας

195 1851 373 1933 ἰέναι
408 1855 685 1956 λοιπὸν,
722 1863 841 1941 καὶ
873 1862 1319 1966 περιτρέπειν
1354 1863 1456 1943 ἔτι
1506 1864 1624 1942 καὶ
1673 1863 1809 1967 οὐχ
1858 1858 2146 1946 ἑκόντας
2190 1858 2444 1945 αὐτοὺς
2481 1857 2602 1940 διὰ

191 1978 325 2075 τῆς
396 1981 790 2083 ἰσοτρόπου
864 1986 1247 2090 φλυαρίας,
1319 1990 1448 2086 τῆς
1517 1985 2019 2091 μειρακιώδους
2090 1987 2398 2084 ταυτησὶ
2478 1985 2600 2063 καὶ

16 2206 17 2211 ¹
189 2098 501 2201 ἀνοήτου
532 2115 905 2193 παντελῶς
953 2108 1370 2217 διαλήψεως
1417 2112 1963 2191 ἀπανίστασθαι
2000 2115 2242 2216 φιλεῖν
2270 2141 2293 2208 3
2357 2113 2417 2188 εἰ
2453 2105 2599 2212 γὰρ
2619 2146 2657 2191 ο

54 2262 91 2305 1
106 2257 155 2320 5
193 2224 483 2329 ἐπείπερ
556 2229 880 2326 ἄμπελος
954 2233 1244 2336 εἴρηται,
1309 2234 1428 2314 διὰ
1500 2236 1770 2336 ταύτην
1838 2233 2056 2315 αὐτὸν
2126 2234 2393 2314 οἰόνται
2465 2230 2600 2332 τὴν

192 2349 429 2431 αἰτίαν
497 2358 626 2454 τῆς
695 2355 879 2459 πρὸς
944 2356 1138 2439 Θεὸν
1191 2361 1309 2439 καὶ
1372 2360 1666 2464 Πατέρα
1728 2358 2126 2440 διαπίπτειν
2177 2354 2602 2458 οἰκειότητος

194 2479 535 2581 φυσικῆς,
570 2483 689 2560 καὶ
723 2482 1174 2586 ἑτεροούσιον
1210 2479 1385 2563 εἷναι
1434 2487 1831 2583 παντελῶς,
1870 2483 2157 2586 ἐπείπερ
2204 2483 2289 2561 οὐ
2337 2477 2600 2561 ταύτὸν

194 2603 299 2683 εἰς
351 2603 751 2705 ταυτότητα
804 2605 1098 2714 φύσεως
1151 2606 1478 2707 ἅμπελός
1533 2641 1611 2688 τε
1667 2611 1786 2687 καὶ
1837 2604 2177 2710 γεωργὸς,
2214 2607 2290 2685 τί
2329 2603 2431 2705 μὴ
2477 2606 2598 2684 καὶ

196 2724 420 2824 ἡμεῖς,
482 2725 613 2808 τὸν
674 2728 892 2810 αὑτὸν
965 2731 1248 2816 ἐκείνοις
1316 2729 1939 2837 ἀνθυποφέροντες
2013 2732 2257 2830 ἀμαθῆ
2329 2762 2407 2809 τε
2480 2730 2599 2808 καὶ

46 2888 157 2933 20
196 2849 716 2958 ἀκομψότατον
788 2853 1174 2958 λογισμὸν,
1246 2852 1466 2936 ἐκεῖνό
1550 2861 1789 2962 φαμεν
1847 2850 2048 2957 'Apa
2126 2851 2370 2953 μόνοις
2447 2858 2599 2937 τοῖς

194 2971 574 3074 κλήμασιν
613 2977 662 3078 ἦ
714 2984 862 3059 τῶν
907 2987 1243 3083 γηπονεῖν
1287 2976 1641 3060 εἰωθότων
1683 2978 2006 3059 ἐπιείκεια
2063 2974 2452 3076 λυσιτελὴς
2507 2974 2598 3055 ἂν

195 3098 495 3201 γένοιτο,
534 3103 654 3181 καὶ
707 3104 872 3207 περὶ
925 3101 1115 3202 μόνα
1160 3100 1384 3210 τυχὸν
1415 3101 1508 3183 τὰ
1556 3105 1636 3183 ἐκ
1690 3108 1837 3182 τῶν
1880 3101 2253 3206 στελέχων
2294 3099 2595 3207 ἐξηρτη-
2620 3114 2665 3179 d

190 3222 378 3325 μένα
442 3223 525 3305 τὸ
595 3227 675 3306 ἐκ
728 3231 857 3327 τῆς
910 3227 1163 3332 τέχνης
1215 3225 1668 3331 προβήσεται
1722 3223 2106 3331 χρήσιμον,
2160 3222 2209 3325 ἢ
2264 3221 2604 3323 δεήσεταί

190 3382 390 3433 τινος
443 3351 844 3449 ἐπιμελείας
901 3355 1018 3432 καὶ
1072 3351 1252 3453 αὑτὴ
1307 3358 1453 3433 τῶν
1508 3348 1900 3450 κλημάτων
1953 3349 1999 3449 ἡ
2053 3345 2346 3455 τροφὸς,
2392 3380 2599 3427 τουτ-

42 3505 87 3549 2
100 3496 151 3560 5
192 3472 401 3553 ε’στιν
449 3473 495 3572 ἡ
546 3475 890 3574 ἄμπελος,
938 3471 988 3581 ᾗ
1034 3474 1520 3583 προσ-πέφυκέ
1556 3508 1635 3553 τε
1686 3471 1780 3553 τὰ
1827 3472 1917 3580 ἐξ
1957 3473 2175 3573 αὐτῆς
2226 3474 2343 3552 καὶ
2390 3469 2596 3575 ε’νήρ-

189 3629 470 3698 μοσται
527 3604 903 3706 φυσικῶς,
983 3599 1155 3679 ἀλλ’
1202 3598 1405 3679 οὐδὲν
1452 3595 1650 3699 οἶμαι
1705 3597 1945 3699 δεήσει
1992 3595 2177 3699 πρὸς
2230 3596 2599 3703 ἀπόδειξιν

189 3719 450 3804 πόνου·
511 3730 802 3827 συνερεῖ
831 3720 976 3828 γὰρ
1015 3721 1222 3808 εὐθὺς
1270 3724 1438 3824 ἡμῖν
1476 3726 1592 3803 καὶ
1643 3722 1856 3808 αὐτὸς
1908 3723 1949 3802 ὅ
1999 3724 2084 3802 δι’
2124 3719 2462 3819 ἐναντίας,
2499 3723 2598 3805 ῶς

192 3851 261 3928 εἰ
315 3845 417 3947 μή
470 3880 576 3931 τις
630 3847 912 3949 γένοιτο
962 3854 1109 3927 τῶν
1150 3847 1523 3954 στελέχων
1571 3848 1617 3948 ἡ
1676 3849 1989 3955 φροντὶς,
2034 3846 2186 3926 οὐδ’
2227 3843 2318 3926 ἀν
2361 3849 2599 3930 αὐτοῖς

194 3968 593 4079 ἐνυπάρξαι
666 3979 816 4057 τοῖς
879 3970 1210 4072 κλήμασι
1279 3968 1366 4052 τὸ
1439 3968 1617 4052 εἶναι
1690 3977 1957 4054 καλῶς.
2061 3968 2300 4068 ἐπειδὴ
2361 3969 2601 4048 τοίνυν

38 4139 153 4203 30
196 4093 533 4196 ἄμπελον
575 4095 706 4195 μὲν
754 4093 1009 4177 ἑαυτὸν
1059 4094 1564 4196 κατωνόμακεν
1610 4098 1653 4176 ὁ
1708 4091 2054 4199 Χριστὸς,
2100 4096 2318 4173 δεῖται
2370 4091 2601 4194 γεμὴν

192 4221 319 4303 καὶ
377 4218 551 4300 αὐτὸ
607 4223 737 4319 τῆς
793 4219 1126 4320 ἀμπέλου
1182 4218 1267 4301 τὸ
1326 4220 1678 4325 στέλεχος
1743 4223 1871 4318 τῆς
1930 4226 2059 4299 τοῦ
2117 4225 2599 4320 γηπονοῦντος
2625 4259 2661 4303 e

189 4343 591 4442 ἐπιεικείας,
642 4341 691 4445 ἢ
741 4343 980 4446 πάντη
1034 4378 1111 4424 τε
1166 4347 1284 4425 καὶ
1332 4344 1623 4430 πάντως
1677 4342 2211 4445 ἀδικηθήσεται·
2283 4338 2594 4444 λογισό-

276 4593 326 4632 1.
363 4575 732 4648 ὀφορισμίνος
756 4575 860 4632 Ed.
890 4576 1093 4633 correxi
1117 4594 1181 4633 ex
1209 4575 1274 4633 E.
1493 4593 1581 4648 3²·
1618 4574 1949 4648 λογισάμεθο
1973 4573 2042 4631 Ε.
2066 4568 2402 4643 λογισόμεθο
2427 4567 2529 4622 Ed.

1306 4680 1351 4742 4
1379 4681 1419 4725 n
1452 4678 1491 4728 α
