3238 5158
671 330 802 394 540
1276 330 1355 394 B.
1402 328 1827 395 CYRILLI
1885 327 2467 394 ALEXANDR.
2913 345 3021 387 xv.
3053 340 3104 383 1.

675 493 1077 576 ἀκόλουθον
1149 492 1343 602 ζήλῳ
1417 500 1521 602 τῷ
1592 495 1913 602 φιλοθέῳ
1986 492 2477 594 κεκινημένους
2554 495 2898 570 καθεῖναι
2977 485 3107 586 τὴν

606 621 651 687 b
675 616 918 722 μάχην
962 615 1094 717 τὴν
1139 621 1215 698 ἐν
1261 625 1648 721 λογισμοῖς
1697 653 1775 698 τε
1830 620 1947 698 καὶ
2001 616 2301 719 λόγοις;
2363 616 2470 716 εἴη
2519 614 2674 717 γὰρ
2727 612 2829 692 ἂν
2878 614 3106 694 οὕτως

677 741 1107 827 εὑκάτοπτός
1157 777 1233 824 τε
1294 746 1551 848 κομιδῇ
1608 749 1756 822 τῶν
1811 744 1897 822 δι’
1959 743 2276 826 ἐναντίας
2340 742 2386 840 ἡ
2449 738 2903 840 πανουργία.
2987 738 3103 814 καὶ

677 866 851 972 φέρε
907 865 995 967 δὴ
1052 873 1344 969 πρῶτον
1397 868 1621 948 ἐκεῖνο
1675 865 2024 968 λέγωμεν,
2075 865 2185 946 ὅτι
2234 864 2319 946 τὸ
2375 867 2451 944 ἐν
2494 862 3103 965 παραδείγματος

676 989 880 1096 τάξει
913 989 1198 1095 ληφθὲν
1235 994 1351 1070 καὶ
1408 996 1506 1076 εἷς
1555 991 1904 1090 ὁμοίωσιν
1938 989 2071 1091 τὴν
2104 998 2233 1070 τοῦ
2279 989 2714 1092 πράγματος
2760 992 3091 1065 elamo-
3119 1013 3147 1070 5

674 1114 1048 1214 μισμένον,
1108 1121 1204 1199 εἷς
1267 1115 1754 1221 φυσιολογίας·
1824 1113 2113 1220 τρόπον,
2171 1112 2329 1212 ἤτοι
2398 1112 2652 1197 οὐσίας
2731 1110 3096 1211 δήλωσιν,

674 1240 1011 1332 ’ἐκλαβεῖν
1047 1239 1175 1319 οὐκ
1224 1237 1562 1341 εὐκαίρως
1606 1239 1910 1339 ἀνόητον
1945 1244 2345 1322 παντελῶς·
2405 1233 2602 1334 οἶμαι
2649 1233 2806 1337 γὰρ
2865 1235 3092 1335 ἔγωγε

673 1358 840 1446 τοὺς
876 1367 974 1447 εἷς
1010 1361 1284 1441 ἕκαστα
1319 1369 1464 1442 τῶν
1501 1363 1916 1465 λεγομένων
1950 1363 2267 1443 συνιέναι
2311 1364 2654 1443 θέλοντας
2705 1361 2957 1461 ὀρθῶς
3000 1364 3091 1440 εἰς

676 1485 804 1565 τὸν
839 1494 968 1565 τοῦ
1006 1485 1465 1589 θεωρήματος
1502 1487 1949 1579 ἀποβλέπειν
1984 1485 2286 1584 σκοπὸν,
2322 1491 2440 1566 καὶ
2489 1485 2567 1565 τί
2605 1482 2796 1581 μετὰ
2846 1490 3086 1588 χεῖρπ

617 1632 653 1674 0
676 1607 863 1715 ἔχων
919 1612 958 1689 ὃ
1018 1618 1146 1691 τοῦ
1208 1607 1439 1711 λόγου
1506 1609 1938 1713 δημιουργὸς
1997 1617 2300 1691 ποιεῖται
2370 1607 2500 1709 τὴν
2555 1607 2897 1713 διάλεξιν
2949 1606 3086 1686 σὺν
3106 1642 3152 1681 ιε

676 1739 928 1838 πολλῇ
993 1738 1084 1838 τῇ
1150 1732 1505 1838 φρονήσει
1571 1735 2200 1814 κατασκέπτεσθαι
2263 1736 2430 1814 δεῖν.
2524 1729 2793 1811 σκόπει
2854 1731 2938 1811 δὲ
3003 1730 3082 1830 δὴ

673 1854 900 1936 πάλιν
944 1856 1033 1963 ἐξ
1081 1858 1315 1936 αὑτῶν
1359 1856 1528 1957 ἡμῖν
1564 1864 1713 1937 τῶν
1754 1856 2247 1960 προκειμένων,
2282 1862 2342 1936 εἰ
2395 1855 2497 1956 μή
2550 1888 2675 1934 σοι
2733 1860 3082 1954 δοκοῦμεν

674 1979 943 2080 ἄριστα
1009 1980 1268 2082 λέγειν.
1379 1981 1505 2060 οὐκ
1568 1978 1660 2080 ἦν
1716 1979 1898 2079 μετὰ
1961 1989 2198 2085 χεῖρας
2263 1986 2367 2086 τῷ
2427 1982 2712 2082 Σωτῆρι
2769 1983 3080 2085 Χριστῷ

675 2101 957 2209 διδάξαι
992 2103 1155 2187 τοὺς
1190 2103 1542 2204 μαθητὰς,
1581 2107 1679 2188 ὦς
1724 2103 1830 2203 εἴη
1866 2103 1997 2204 μὲν
2033 2104 2247 2188 αὐτὸς
2295 2103 2479 2185 κατὰ
2534 2102 2768 2209 φύσιν
2810 2105 3073 2206 ἔτερος,
3185 2189 3186 2192 ¹

674 2227 977 2329 ἑτεροῖος
1046 2225 1121 2307 δὲ
1188 2230 1228 2307 ὁ
1299 2225 1578 2330 Πατὴρ,
1643 2227 1803 2308 οὐδὲ
1878 2226 1996 2308 διὰ
2066 2237 2279 2310 τοῦτο
2350 2224 2676 2330 γεωργὸν
2751 2226 2895 2324 μὲν
2959 2217 3188 2319 τὸνιςι

677 2349 1019 2455 φύσαντα
1055 2357 1302 2432 καλεῖν
1340 2349 1518 2460 ᾤετο
1555 2356 1717 2449 δεῖν,
1755 2351 2082 2449 ἄμπελον
2119 2352 2194 2432 δὲ
2239 2352 2514 2432 ἑαυτόν.
2589 2357 2648 2432 εἶ
2688 2350 2844 2453 γὰρ
2881 2352 3076 2436 οὗτος
3185 2341 3186 2398 Ᾰ

676 2472 766 2576 ἦν
803 2477 844 2555 ὁ
893 2476 1169 2561 σκοπὸς
1216 2478 1293 2556 ἐν
1337 2476 1551 2584 αὐτῷ,
1584 2475 1663 2555 τί
1703 2474 1804 2576 μὴ
1854 2475 2065 2581 μέχρι
2114 2475 2389 2557 τούτων
2423 2477 2597 2576 ἵστη
2643 2473 2777 2556 τὸν
2819 2475 3070 2579 λόγον,

677 2598 879 2680 οὐδὲν
953 2600 1142 2683 ὅλως
1216 2600 1457 2703 ἕτερον
1528 2601 2128 2704 προσεπενεγκών
2158 2634 2180 2699 ;
2270 2601 2687 2706 ἀσύγχυτον
2761 2601 2917 2704 γὰρ
2996 2599 3076 2680 ἂν

611 2723 1068 2823 ᾶ,ε’ποιήσατο
1140 2721 1273 2824 τὴν
1337 2723 1665 2825 δήλωσιν
1727 2733 1855 2805 τοῦ
1914 2725 2165 2805 οἰκείου
2223 2734 2529 2817 σκοποῦ,
2590 2723 2777 2805 κατά
2855 2762 2942 2828 γε
2997 2724 3074 2805 τὸ
3185 2734 3188 2749 '

665 2849 845 2944 ,ὑμῖν
883 2852 1157 2947 δοκοῦν,
1196 2854 1256 2928 εὶ
1305 2847 1526 2945 μόνον
1558 2846 1937 2947 ὠνόμασεν
1979 2848 2229 2929 ἑαυτόν
2278 2883 2354 2929 τε
2410 2852 2528 2928 καὶ
2582 2848 2712 2928 τὸν
2753 2850 3069 2953 Πατέρα.
3092 2876 3138 2919 ²0

679 2978 830 3053 νυνὶ
868 2971 942 3053 δε
979 2978 1452 3077 προκαταθεῖς
1497 2972 1824 3072 ἄμπελον
1857 2972 1990 3073 μὲν
2023 2971 2294 3071 εαυτὸν,
2330 2972 2719 3072 κλημάτων
2757 2972 2839 3053 δε
2887 2977 3074 3075 δίκην

676 3099 1037 3200 ἠρτῆσθαι
1098 3096 1339 3199 λέγων
1396 3099 1600 3197 ἡμᾶς,
1666 3094 1817 3178 εἶτα
1880 3101 2009 3197 τῆς
2072 3098 2421 3200 γεωργίας
2492 3131 2575 3177 το
2649 3097 3073 3198 ἐπιτήδευμα

676 3225 984 3325 περιθεις
1020 3228 1124 3330 τῷ
1162 3223 1426 3325 Πατρὶ,
1463 3218 1770 3321 δῆλος
1724 3256 1815 3300 αν
1849 3220 1954 3320 εἴη
1990 3227 2109 3301 καὶ
2143 3226 2375 3302 πᾶσιν
2408 3217 2604 3320 οἶμαι
2637 3219 3074 3329 καταφανὴς,

678 3349 775 3429 ὡς
831 3345 1033 3425 οὑδεν
1078 3346 1210 3442 μὲν
1257 3353 1578 3425 τοιοῦτον
1632 3346 1881 3425 ὁποῖον
1937 3347 2131 3442 ὑμεῖς
2187 3343 2630 3451 ὑπειλήφατε
2686 3349 2926 3443 δηλοῖ,
2971 3345 3073 3424 διὰ

678 3469 968 3572 παχέων
1024 3467 1098 3549 δὲ
1155 3465 1406 3572 ὥσπερ
1462 3472 1578 3548 καὶ
1637 3474 1783 3553 τοῖς
1839 3477 1967 3549 τοῦ
2025 3469 2366 3568 σώματος
2421 3470 2839 3575 ὀφθαλμοῖς
2901 3472 3066 3549 ὑπο-
3091 3494 3142 3552 ¹5

677 3589 1087 3672 πιπτόντων
1121 3591 1725 3694 παραδειγμάτων
1759 3594 2143 3673 ἀναπεῖσαι
2191 3593 2533 3689 βούλεται
2582 3591 2750 3677 τοὺς
2799 3597 3070 3694 ἀκροω·
3185 3602 3186 3605 ’

621 3754 669 3807 ο,
678 3715 954 3814 μένους,
992 3714 1102 3793 ὅτι
1150 3715 1398 3807 πάσης
1450 3717 1617 3815 ἡμῖν
1653 3716 2148 3825 καρποφορίας
2190 3721 2665 3817 πνευματικῆς
2703 3717 2749 3816 ἡ
2785 3718 3074 3815 δύναμις

660 3835 848 3938 παρ’
888 3839 1127 3935 αὑτοῦ,
1166 3839 1489 3941 καθάπερ
1527 3841 1654 3920 ουν
1691 3840 1941 3940 ἀμέλει
1979 3845 2094 3921 καὶ
2144 3849 2292 3927 τοῖς
2341 3846 2467 3940 τῆς
2512 3839 2705 3943 ῥίζης
2736 3875 3068 3994 προσπε·
3181 3840 3182 3849 ¹

662 3961 953 4069 φυκόσι
988 3961 1316 4062 κλήμασι
1353 3963 1646 4064 ποιότης
1682 3965 1852 4067 παρ’
1890 3967 2127 4063 αὐτῆς.
2205 3962 2415 4044 δοτον
2450 4000 2581 4063 μεν
2620 3965 2763 4070 γὰρ
2798 3969 2882 4045 ἐν
2915 3968 3076 4066 ἡμῖν

676 4093 824 4166 πᾶν
863 4086 1040 4191 ὅπερ
1086 4086 1340 4192 ἔχομεν
1376 4088 1676 4190 ἀγαθὸν,
1717 4094 1885 4197 Θεῷ
1936 4088 2011 4170 δὲ
2062 4089 2316 4170 οὐκέτι
2380 4089 2538 4169 ἔστι
2574 4089 2719 4194 γὰρ
2754 4089 2972 4174 αὐτος
3010 4094 3134 4173 ε’νῗ

676 4211 903 4319 ἑαυτῷ
960 4219 1105 4293 τῶν
1162 4214 1357 4295 ἰδίων
1410 4213 2077 4314 πλεονεκτημάτων,
2135 4215 2351 4321 δόξης
2419 4248 2495 4295 τε
2559 4250 2677 4295 και
2745 4216 3074 4321 ἐξουσίας

656 4484 665 4497 ⁸
748 4440 907 4513 2-12·
929 4438 1052 4494 542,
1085 4444 1148 4497 19
1174 4425 1302 4483 citat
1224 4434 1379 4549 ΜΣ.
1639 4440 1697 4497 3.
1735 4424 2027 4481 &tumim
2052 4427 2139 4498 (ut
2163 4443 2328 4497 nupt-a
2352 4425 2456 4480 860
2474 4424 2536 4495 b)
2565 4425 2629 4480 E.
2883 4429 2937 4483 8.
2973 4431 3072 4484 mit

651 4496 1050 4567 λεγομενοις.
1390 4497 1574 4550 ἑαυτόν
1599 4496 1647 4550 Ε
1650 4516 1721 4567 ,μ
1746 4497 1904 4553 αὐτὸν
1927 4496 2034 4553 Ed
2251 4497 2335 4552 18.
2370 4500 2806 4567 προσεπενεγκῶν
2831 4517 2887 4569 p.
2909 4520 3068 4569 προσ·

673 4571 963 4638 επενεγκεῖν
1039 4568 1555 4637 ,προεπεισενεγκῶν
1581 4566 1686 4621 Ed.
