3238 5158
574 207 705 272 428
1182 209 1260 274 B.
1306 208 1725 273 CYRILLI
1786 207 2369 273 ALEXANDR.
2724 200 2866 262 xiv.
2903 211 3015 258 10.

580 408 805 455 νεσιν.
884 374 1159 469 οὐκοῦν,
1197 370 1380 476 ἅπερ
1432 372 1524 452 ἂν
1575 375 1801 480 φαίην
1847 371 2011 475 ἐγὼ,
2056 382 2284 454 ταῦτα
2337 369 2427 470 δὴ
2480 367 2777 449 πάντως
2833 363 3022 440 ἐστὶ

578 508 708 578 τοῦ
758 496 1069 601 Πατρός,
1110 501 1226 577 καὶ
1278 495 1463 600 ἅπερ
1516 495 1607 577 ἂν
1659 499 2115 600 ἐργασαίμην
2150 496 2314 599 ἐγὼ,
2351 495 2392 574 ὃ
2444 489 2707 593 Πατὴρ
2761 484 3013 589 ἐργά-

582 618 788 723 ζεται.
869 626 1057 727 φησί
1097 620 1172 701 δὲ
1207 631 1436 702 ταῦτα
1487 624 1527 702 ὁ
1567 621 1919 724 Χριστὸς,
1955 625 2089 727 οὐχ
2138 626 2234 707 ὡς
2275 628 2423 703 τοῖς
2471 616 2712 718 ἑτέρου
2765 610 3022 714 τυχὸν

580 745 1156 853 ἀποκεχρημένος
1218 744 1560 850 ῥήμασιν,
1618 749 1779 826 οὔτε
1845 745 1991 846 μὴν
2051 750 2148 829 ὡς
2208 748 2285 824 ἐν
2338 739 2720 847 προφήτου
2790 735 3022 841 τάξει

583 870 701 947 καὶ
768 868 1005 975 μέτρῳ
1078 867 1207 952 τὰς
1279 870 1551 949 ἄνωθεν
1615 874 1734 949 καὶ
1806 868 2007 972 παρὰ
2073 876 2145 949 Π
2150 865 2364 972 ατρὸς
2438 859 3020 964 διαπορθμεύων
3047 882 3086 940 5

525 1021 560 1064 0
585 990 858 1098 φωνάς·
937 991 1252 1072 ἐλάλουν
1305 991 1449 1095 γὰρ
1506 994 1589 1072 οὖ
1647 993 1740 1072 τὰ
1795 996 2066 1074 ἑαυτῶν
2117 995 2362 1073 ἐκεῖνοι
2417 989 2727 1083 πάντως,
2789 981 3024 1063 ἀλλὰ

582 1124 712 1196 τοῦ
768 1117 1086 1202 διδόντος
1141 1152 1219 1196 τε
1270 1122 1388 1197 καὶ
1441 1118 1870 1213 ἐμπνέοντος
1925 1120 2164 1202 αὐτοῖς
2221 1121 2433 1196 Θεοῦ·
2521 1109 2867 1207 ἀπονέμει
2930 1107 3022 1188 δὲ

583 1239 812 1320 πάλιν
844 1246 947 1348 τῷ
998 1243 1152 1349 ἰδίῳ
1193 1245 1431 1342 Πατρί
1482 1248 1630 1321 τῶν
1674 1241 2114 1348 παραδόξων
2154 1239 2287 1341 τὴν
2330 1239 2659 1335 ἔκβασιν,
2699 1237 2845 1338 οὐχ
2905 1237 3021 1316 ὡς

584 1365 871 1473 ἐπακτῷ
919 1365 1209 1465 δυνάμει
1260 1372 1854 1468 θαυματουργῶν,
1890 1367 2041 1446 κατ’
2082 1367 2384 1450 ἐκείνους
2432 1360 2773 1463 δηλονότι
2826 1356 3021 1442 τοὺς

247 1489 490 1619 ἓξὲξ·
585 1489 958 1593 λέγοντας,
998 1488 1108 1570 ὅτι
1147 1492 1314 1590 ἡμῖν
1350 1488 1452 1590 μὴ
1486 1491 1885 1594 προσέχετε
1925 1500 1967 1536 “
1995 1494 2091 1574 ὡς
2139 1490 2286 1596 ἰδίᾳ
2332 1485 2623 1586 δυνάμει
2673 1482 2718 1585 ἢ
2771 1484 3011 1562 εὐσε-
3049 1520 3116 1561 10
3177 1548 3178 1561 ,

254 1635 327 1669 ¹²·
586 1624 631 1660 ‘⁶
664 1614 878 1720 βείᾳ”
918 1613 1499 1716 τεθεραπευκόσι,
1549 1613 1888 1714 δηλονότι
1942 1614 2071 1694 τὸν
2121 1614 2508 1710 κάμνοντα.
2588 1611 3017 1712 κεχρῆσθαι

583 1736 728 1840 γὰρ
764 1745 913 1822 τοῖς
950 1738 1178 1840 ἁγίοις
1217 1738 1378 1823 ἔθος
1416 1739 1543 1818 οὐκ
1597 1738 1741 1844 ἰδίᾳ
1789 1740 2075 1821 πάντως
2122 1736 2332 1842 ἰσχύϊ
2371 1733 2554 1839 πρὸς
2599 1731 2694 1813 τὰ
2739 1731 3006 1832 παρά-

585 1860 787 1967 δόξα,
826 1868 1120 1960 μᾶλλον
1164 1861 1239 1940 δὲ
1288 1867 1379 1967 τῇ
1430 1869 1561 1942 τοῦ
1617 1868 1835 1943 Θεοῦ·
1917 1863 2232 1942 διάκονοι
2279 1860 2424 1965 γὰρ
2473 1862 2590 1939 καὶ
2638 1859 3012 1958 ὑπουργοὶ

585 1981 832 2085 λόγων
896 2018 972 2063 τε
1039 1987 1220 2083 ὁμοῦ
1286 1992 1435 2067 τῶν
1501 1986 1710 2066 θείων
1772 1989 1890 2066 καὶ
1952 1984 2452 2088 ἐνεργημάτων
2514 1982 3006 2085 εὑρίσκονται.

251 2137 382 2193 ’182
401 2134 480 2190 Δ.
524 2107 822 2208 αέπειδὴ
889 2108 965 2187 δὲ
1030 2109 1414 2207 ὀμοούσιός
1476 2114 1637 2191 ἐστι
1698 2116 1801 2218 τῷ
1869 2114 2107 2215 Πατρὶ
2173 2113 2214 2190 ὁ
2274 2109 2469 2206 Υἱὸς,
2526 2108 2678 2187 κατ’
2737 2105 3006 2185 οὐδένα
3033 2134 3100 2194 15

582 2231 855 2336 τρόπον
930 2232 1412 2327 διαλλάττων,
1488 2236 1715 2336 ἤγουν
1789 2238 1886 2320 ὡς
1967 2234 2284 2337 ἑτεροίως
2370 2234 2554 2339 ἔχων
2626 2234 2722 2313 ὡς
2807 2225 3004 2331 πρὸς

582 2356 822 2455 αὑτὸν,
860 2355 1127 2460 λόγους
1183 2356 1366 2438 εἷναί
1414 2365 1607 2465 φησι
1661 2356 1830 2444 τοὺς
1884 2359 2104 2444 ἰδιόυς
2156 2366 2288 2438 τοῦ
2342 2354 2652 2457 Πατρὸς,
2702 2357 2802 2438 ὡς
2860 2354 3002 2456 οὐχ

582 2479 844 2586 ἕτεροις
901 2479 989 2560 ἂν
1032 2490 1160 2562 τοῦ
1213 2479 1507 2588 Πατρὸς
1560 2485 2031 2589 χρησαμένου
2086 2481 2333 2586 λόγοις
2390 2479 2437 2583 ἢ
2494 2478 2753 2582 οἷσπερ
2811 2475 2908 2557 ἂν
2958 2480 3002 2556 ὁ

582 2603 782 2690 Υἰός.
881 2606 1084 2686 ἀλλὰ
1147 2610 1264 2687 καὶ
1327 2609 1403 2686 ἐν
1467 2612 1558 2713 τῇ
1625 2614 1771 2686 τῶν
1836 2606 2072 2711 ἔργων
2133 2604 2634 2709 μεγαλειότητι
2708 2601 3001 2702 νοήσεις

583 2730 952 2815 ὡσαύτως.
1029 2735 1126 2816 ὡς
1180 2730 1325 2834 γὰρ
1380 2730 1586 2811 οὐδὲν
1632 2731 1873 2834 ἕτερον
1924 2734 2232 2836 ἐνεργεῖν
2278 2727 2684 2836 πεφυκότος
2735 2760 2819 2806 τε
2876 2731 3000 2806 καὶ
3027 2757 3089 2796 20

586 2854 966 2960 ἰσχύοντος
1033 2864 1162 2935 τοῦ
1230 2852 1523 2959 Πατρὸς
1588 2854 1634 2956 ἢ
1700 2855 1878 2958 ὅπερ
1938 2854 2028 2935 ἂν
2082 2857 2292 2957 εἰδείη
2358 2888 2436 2934 τε
2496 2856 2614 2934 καὶ
2671 2853 3000 2953 ἐνεργοίη

584 2976 807 3084 τυχὸν
863 2981 904 3059 ὃ
964 2979 1158 3078 Υἱὸς,
1211 2981 1430 3059 αὐτοῦ
1487 2978 1579 3059 τὰ
1636 2979 1817 3083 ἔργα
1873 2981 2131 3087 φησίν.
2209 2979 2427 3059 ἐννόει
2480 2975 2625 3081 γὰρ
2679 2977 3000 3075 λέγοντα

587 3100 986 3210 φανότερον
1051 3105 1279 3188 οὕτως
1346 3107 1517 3203 Εἰμὶ
1581 3108 1687 3211 τῷ
1760 3099 2215 3207 γεγεννηκότι
2287 3101 2472 3183 κατὰ
2540 3107 2690 3182 πᾶν
2754 3100 2999 3179 ὁτιοῦν

587 3226 921 3341 ἐμφερὴς,
961 3232 1079 3308 καὶ
1128 3226 1334 3308 εἰκὼν
1369 3232 1498 3328 τῆς
1534 3229 1788 3313 οὐσίας
1824 3229 2064 3327 αὐτοῦ,
2103 3229 2187 3308 οὐ
2233 3226 2478 3326 μόνοις
2528 3221 2999 3329 ὡραΐζὸμενος

521 3370 565 3435 b
590 3348 932 3455 σχήμασι
988 3355 1107 3432 καὶ
1152 3360 1307 3436 ταῖς
1358 3352 1626 3459 ἔξωθεν
1676 3351 1941 3459 δόξαις,
1988 3351 2160 3431 ἀλλ’
2201 3351 2378 3431 ὅλον
2423 3349 2608 3456 ἔχων
2652 3352 2728 3428 ἐν
2767 3348 2998 3456 ἑαυτῷ
3023 3370 3088 3431 25

589 3471 716 3555 τὸν
754 3472 1098 3580 φύσαντα
1136 3474 1255 3555 διὰ
1290 3473 1423 3571 τὴν
1459 3480 1587 3576 τῆς
1626 3476 1879 3561 οὐσίας
1916 3473 2340 3576 ταυτότητα.

589 3732 689 3801 Τὰ
746 3733 1006 3824 ῥήματα
1061 3735 1101 3799 ἃ
1158 3732 1290 3808 ἐγὼ
1343 3732 1532 3798 λαλῶ
1578 3736 1683 3801 ἀπ’
1728 3735 2012 3813 ἐμαυτοῦ
2068 3736 2144 3802 οὐ
2200 3735 2408 3817 λαλῶ,
2445 3734 2618 3801 ἀλλὰ
2671 3734 2709 3804 ὁ
2766 3733 2993 3823 Πατήρ

1098 3859 1170 3926 ἐν
1225 3859 1372 3937 ἐμοὶ
1425 3860 1644 3937 μένων
1699 3861 1896 3929 αὐτὸς
1950 3858 2123 3929 ποιεῖ
2176 3862 2256 3929 τὰ
2311 3862 2492 3955 &pl-01.

706 4034 797 4109 Εἰ
854 4027 1000 4132 γὰρ
1054 4030 1236 4135 πρὸς
1292 4031 1475 4128 ὑμᾶς
1530 4065 1622 4130 τι,
1657 4034 1910 4138 φησὶν,
1948 4029 2317 4132 ἐλάλησεν
2355 4041 2385 4114 o‘
2429 4028 2684 4138 Παιτῆρ,
2721 4030 2994 4115 τούτοις

592 4152 832 4238 αὐτοῖς
897 4151 1155 4260 οἷσπερ
1217 4154 1359 4258 ἐγὼ
1415 4156 1589 4254 νυνὶ,
1650 4158 1779 4235 οὐκ
1836 4153 1926 4235 ἂν
1981 4155 2239 4262 ἑτέροις
2296 4155 2661 4263 ἐχρήσατο
2717 4151 2986 4258 λόγοις.
3017 4194 3081 4252 30

671 4390 755 4431 12.
793 4375 852 4431 ἷσ
890 4374 966 4430 ὕει
992 4375 1056 4432 Ε.
1448 4392 1535 4446 23.
1571 4377 1744 4432 ὁτιοῦν
1766 4375 1831 4432 Ε.
1862 4376 1892 4431 ὅ
1916 4399 1967 4432 τι
1990 4376 2081 4434 οὖν
2105 4376 2208 4433 Ed.
2587 4392 2676 4447 3ο.
2714 4372 2904 4448 οἷσπερ
2929 4375 2988 4430 E.

595 4447 774 4516 ὥσπερ
804 4399 906 4504 Eg.
