3238 5158
260 332 407 402 xiv.
431 350 492 419 7.
843 337 960 406 IN
1018 339 1090 408 S.
1137 339 1656 407 JOANNEM.
1746 338 1941 405 LIB.
1988 337 2112 406 IX.
2545 335 2674 398 415

274 497 412 599 τὴν
446 501 841 608 ὁμολογίαν
874 503 1311 606 εἰσκεκόμικε
1347 504 1586 610 λέγων
1623 515 1668 555 “
1691 506 1982 602 Ῥαββῖ,
2018 499 2120 583 σὺ
2168 497 2235 581 εἷ
2278 501 2320 581 ὅ
2369 496 2517 583 υἱὸς
2547 505 2678 578 7οῦ
2765 502 2934 633 1⁸2³?

277 634 321 671 “
359 629 576 724 Θεοῦ,
633 626 737 709 σῦ
809 626 876 710 εἰ
943 632 985 709 ὃ
1056 629 1412 726 βασιλεὺς
1482 638 1613 711 τοῦ
1680 625 2066 731 ’Ῑσραῆλ·”
2161 627 2280 706 καὶ
2350 621 2495 725 μὴν
2559 621 2678 701 καὶ

276 748 674 853 θαλάσσης
708 787 787 833 τε
820 754 1254 863 παραδόξως·
1287 758 1405 835 καὶ
1454 754 1834 854 ἀσυνήθως
1882 746 2491 851 κατηυνασμένης,
2524 782 2682 833 πως

277 872 499 955 αὑτὸν
555 879 1049 979 προσεκύνουν
1102 885 1168 960 οἶ
1229 881 1308 959 ἐν
1363 886 1469 987 τῷ
1536 878 1812 987 σκάφει
1870 887 1917 926 “
1953 875 2291 979 λέγοντες
2342 876 2680 964 Ἀληθῶς
2770 864 3018 995 {2⁶}th

209 1012 252 1071 5
281 1006 326 1044 ‘¹‘
360 1003 555 1079 Θεοῦ
592 1001 739 1085 υἱὸς
775 999 843 1082 εἰ
864 1004 933 1101 ;”
992 999 1106 1106 ἀρ’
1145 1004 1272 1083 οὖν
1308 1006 1436 1084 οὐκ
1485 1002 1777 1084 εἰδότων
1812 1002 1919 1082 ὅτι
1956 1034 2094 1105 περ
2144 996 2456 1103 ὑπάρχοι
2493 993 2682 1081 Θεὸς

280 1124 398 1202 καὶ
447 1126 525 1203 ἐκ
564 1131 758 1206 Θεοῦ
792 1126 1211 1230 γεγέννηται
1249 1126 1543 1232 Πατρὸς
1579 1130 1727 1231 ἐρεῖ
1753 1160 1860 1211 τις
1895 1123 1981 1206 τὸ
2014 1128 2256 1229 ῥῆμα;
2321 1119 2475 1202 εἶτα
2527 1126 2684 1204 πῶς

278 1246 408 1327 οὐκ
474 1249 892 1348 ἀμαθαίνων
952 1253 993 1331 ὀ
1052 1260 1372 1337 τοιοῦτος
1437 1252 1859 1348 ἀλώσεταις
1942 1252 2102 1352 περὶ
2159 1247 2253 1328 τὰ
2312 1246 2494 1350 με’ρη
2554 1248 2684 1345 τῆς
2706 1276 2743 1322 0

282 1375 661 1454 Φιλίππου
697 1374 1146 1479 Καισαρείας
1180 1378 1348 1479 παρ’
1387 1376 1605 1457 αὐτοῦ
1642 1373 2147 1479 διερωτώμενοι
2189 1378 2319 1452 τοῦ
2353 1377 2683 1471 Χριστοῦ

282 1504 328 1542 “
363 1498 551 1576 Τίνα
603 1530 691 1595 με
740 1499 1088 1601 λέγουσιν
1134 1503 1205 1581 οἱ
1251 1499 1622 1603 ἅνθρωποι
1669 1497 1798 1580 τὸν
1844 1496 1995 1579 υἱὸν
2042 1504 2173 1577 τοῦ
2221 1492 2680 1596 ἀνθρώπου,”
2774 1481 2857 1611 ἓξ
2877 1482 2981 1540 ¹⁹¹·

176 1648 261 1693 ιο
285 1619 445 1724 οὐχὶ
480 1626 772 1724 πρῶτον
805 1621 936 1724 μὲν
971 1624 1304 1730 ἔφασκον
1337 1623 1467 1709 τὰς
1502 1622 1763 1726 ἐτέρων
1801 1621 2181 1718 ὑπονοίαςς
2242 1622 2312 1699 οἱ
2346 1616 2477 1717 μὲν
2513 1613 2680 1719 γὰρ,

284 1746 538 1849 φησὶν,
574 1745 846 1826 Ἠλίαν
893 1744 1068 1828 εἶναι
1124 1747 1555 1851 νομίζουσιν,
1600 1752 1669 1827 οἱ
1723 1745 1799 1828 δὲ
1847 1747 2213 1849 Ἱερεμίαν,
2257 1741 2303 1845 ἢ
2359 1742 2484 1822 ἕνα
2536 1747 2684 1822 τῶν
2773 1763 2855 1814 Ib-
2877 1778 2958 1826 14·

279 1873 702 1976 προφητῶν.
807 1872 968 1951 τίνα
1038 1871 1115 1952 δὲ
1179 1871 1526 1975 λέγουσιν
1583 1872 1808 1968 αὐτοὶ,
1871 1867 2261 1974 διαῤῥήδην
2319 1872 2535 1948 εἰπεῖν
2595 1865 2683 1946 οὐ

275 1991 827 2094 παραιτούμενοι
879 1992 969 2075 δι’
1020 1994 1176 2081 ἑνὸς
1233 2000 1302 2076 οἱ
1359 1994 1622 2081 πάντες
1681 2002 1810 2076 τοῦ
1871 1995 2341 2099 προῦχοντος,
2405 1988 2683 2093 Πέτρος

277 2115 354 2198 δὲ
409 2115 624 2202 αὐτὸς
676 2115 789 2218 ἦν,
827 2120 956 2199 οὐκ
1008 2124 1440 2205 ἐνδοιαστῶς
1497 2120 1789 2226 ἔφασαν
1826 2129 1869 2167 “
1899 2117 2008 2200 Σὺ
2056 2114 2123 2198 εἰ
2165 2118 2207 2197 ὃ
2255 2112 2582 2219 Χριστὸς
2638 2114 2681 2193 ὁ
2771 2127 2961 2182 Ib·16·

169 2262 251 2324 15
279 2249 323 2288 “
358 2240 505 2325 υἱὸς
561 2250 692 2323 τοῦ
746 2248 942 2324 Θεοῦ
995 2253 1125 2325 τοῦ
1183 2243 1514 2348 ζῶντος.”
1584 2245 1860 2341 οὐκοῦν,
1905 2239 2080 2323 ὅταν
2123 2237 2307 2345 λε’γῃ
2355 2235 2681 2340 Χριστός

279 2375 326 2413 “
362 2370 457 2445 Εἰ
519 2367 890 2469 ἐγνώκατέ
952 2402 1066 2466 με,
1123 2370 1242 2449 καὶ
1313 2368 1443 2449 τὸν
1504 2368 1801 2472 Πατέρα
1865 2401 2006 2465 μου
2072 2362 2162 2446 ἀν
2222 2360 2511 2470 ᾔδειτε,”
2577 2358 2680 2462 μὴ

276 2486 566 2576 πάντως
613 2492 854 2576 αὐτοῖς
901 2500 1052 2576 τοῖς
1099 2498 1454 2594 μαθηταῖς
1503 2487 1886 2599 ὑπολάβῃς
1935 2494 2265 2595 εἰρῆσθαι
2311 2486 2397 2568 τὸ
2444 2489 2674 2593 ῥῆμα,
2706 2506 2747 2572 d

277 2615 449 2694 ἀλλ’
491 2613 663 2716 ὅρον
696 2614 948 2720 ὥσπερ
984 2616 1144 2697 τινὰ
1188 2616 1470 2715 γενικὸν
1504 2624 1654 2701 τοῖς
1704 2611 2171 2720 ἁπανταχόσε
2219 2619 2551 2712 ποιεῖται,
2593 2612 2679 2693 τὸ

278 2744 424 2818 τῶν
461 2740 687 2842 ἁγίων
721 2741 1167 2822 ἀποστόλων
1198 2740 1603 2846 πρόσωπον
1639 2739 2007 2845 παραθείς.

152 2890 255 2933 -20
389 2861 760 2967 Ἐπιτήρει
812 2863 960 2968 γὰρ
1016 2865 1210 2950 ὅπως
1269 2865 1670 2971 εὑρήσομεν
1723 2864 1852 2945 οὐκ
1905 2858 2346 2964 ἠγνοηκότας
2402 2859 2678 2960 αὐτοὺς,

279 2985 392 3067 ὅτι
429 2984 616 3071 Θεός
648 3020 728 3067 τε
761 2990 920 3068 ἐστὶ
963 2992 1082 3070 καὶ
1117 2988 1297 3075 Υἱὸς
1344 2997 1474 3070 τοῦ
1512 2995 1724 3071 Θεοῦ·
1800 2988 1972 3069 ἀλλ’
2011 2984 2181 3067 ὁδὸν
2212 2985 2464 3066 ἑαυτὸν
2500 2981 2677 3065 εἶναι
2764 2985 2874 3103 {2¹¹3}
2894 3051 2945 3105 6.

277 3109 659 3217 φήσαντος
716 3119 848 3193 τοῦ
901 3117 1116 3211 Θεοῦ,
1168 3111 1255 3194 τὸ
1309 3117 1847 3216 αἰνιγματωδῶς
1902 3115 2232 3216 εἰρῆσθαι
2286 3113 2542 3190 δοκοῦν
2591 3111 2676 3191 οὐ

273 3232 577 3343 σφόδρα
660 3240 1009 3337 συνῆκαν,
1081 3241 1199 3318 καὶ
1270 3241 1436 3344 περὶ
1506 3246 1723 3318 τοῦτο
1791 3235 2016 3337 μόνον
2083 3235 2323 3319 αὐτοῖς
2389 3230 2474 3315 τὸ
2545 3237 2676 3334 τῆς

275 3361 572 3462 ἀγνοίας
633 3361 927 3461 αἰτίαμα
980 3360 1359 3462 στήσεται.
1463 3359 1581 3443 διὰ
1645 3358 1790 3466 γάρ
1852 3393 1967 3440 τοι
2022 3367 2239 3441 τοῦτο
2300 3359 2676 3466 διελέγξας

167 3507 249 3570 25
277 3485 353 3564 ἐν
387 3485 685 3587 ὀλίγοις,
722 3488 821 3571 ὧς
857 3487 944 3566 οὐ
978 3484 1413 3587 δυνήσονται
1448 3483 1767 3567 συνιέναι
1803 3482 1888 3566 τὸ
1934 3485 2268 3587 πλαγίως
2312 3484 2677 3589 εἰρημένον
2699 3515 2737 3563 ο

275 3609 534 3706 αὐτοῖς,
579 3605 733 3690 εἶτα
783 3610 1023 3690 κοινὸν
1074 3608 1311 3692 ἅπασι
1363 3613 1655 3715 προθεὶς
1708 3612 2029 3690 ἐντεῦθεν
2079 3607 2330 3712 λόγον,
2378 3607 2675 3717 διδάξας

273 3766 353 3813 τε
399 3738 687 3838 σαφῶς,
731 3735 828 3818 ὡς
883 3734 1001 3815 καὶ
1055 3733 1279 3835 αὐτὴν
1313 3731 1843 3839 ζημιωθήσεται
1888 3731 2023 3832 τὴν
2067 3738 2165 3819 εἰς
2213 3732 2341 3814 τὸν
2379 3733 2674 3835 Πατέρα

274 3863 575 3959 γνῶσιν,
629 3854 709 3943 ὃς
762 3855 855 3938 ἀν
906 3856 1242 3963 ἀγνοῆσῃ
1293 3857 1424 3940 τὸν
1477 3858 1681 3958 Υἰὸν,
1735 3861 1833 3942 ὡς
1890 3858 2029 3959 ἤδη
2090 3854 2675 3960 διωμολογηκόσι

269 3976 407 4080 τὴν
452 3981 708 4062 πίστιν
755 3989 905 4066 τοῖς
953 3986 1326 4083 μαθηταῖς,
1371 3980 1658 4067 εἰκότως
1714 3980 1847 4083 τὴν
1893 3987 2170 4086 γνῶσιν
2219 3984 2684 4085 ἐπιμαρτυρεῖ

164 4132 249 4191 30
274 4104 513 4208 λέγων
544 4103 841 4214 Ἀπαίρτι
896 4106 1261 4209 γινώσκετε
1315 4108 1510 4189 αὐτ-ὃν
1567 4112 1691 4187 καὶ
1750 4105 2092 4212 ἑωράκατε
2145 4106 2359 4186 αὐτόν.
2452 4101 2540 4185 τὸ
2593 4101 2683 4183 δέ

271 4229 568 4338 Ἀπαίρτι
625 4232 883 4337 φησὶν,
939 4230 1098 4337 οὐχὶ
1158 4227 1394 4331 δήπου
1453 4227 1741 4315 πάντως
1802 4227 1894 4335 ἐξ
1946 4229 2209 4330 ἐκείνης
2266 4232 2395 4329 τῆς
2446 4228 2670 4334 ὥρας,

349 4526 433 4578 14.
468 4509 554 4563 nal
576 4526 677 4580 pro
702 4510 759 4566 δέ
786 4508 851 4565 Ε.
1353 4474 1460 4565 16.¹
1488 4508 1503 4528 '
1639 4507 2082 4579 ειτε-ὖγνῶκειτε
2107 4506 2252 4565 Catt.
2431 4508 2580 4579 ᾔδετε
2606 4506 2675 4563 R.

278 4595 363 4653 19.
397 4579 698 4652 παρατιθείς
720 4580 777 4647 b,
1006 4592 1093 4652 27.
1129 4580 1287 4651 αὐτὴν
1316 4580 1376 4637 Ε.
1402 4580 1500 4637 αὐτ
1583 4578 1688 4636 Ed.
1712 4576 1792 4634 ἶσ.
1815 4580 1971 4637 αὐτὸς
1994 4578 2097 4635 Ed.
2123 4596 2236 4650 mg.
