3238 5158
243 333 330 401 ix.
362 351 463 417 27.
624 335 736 401 IN
803 339 871 405 S.
920 340 1433 407 JOANNEM.
1524 343 1716 408 LIB.
1751 343 1873 408 VI.
1963 344 2168 410 CAP.
2218 345 2273 409 Ι.
2525 345 2648 407 183

243 503 481 604 μένης,
528 510 627 590 ὡς
685 514 744 588 εἶ
794 507 896 609 μὴ
950 513 1066 591 καὶ
1117 509 1324 621 λόγῳ
1371 509 1612 618 τυχὸν,
1660 511 1831 592 ἀλλ’
1871 513 1997 593 οὖν
2046 511 2491 614 ἐμαθητεύθη
2545 516 2648 618 τῷ

243 629 581 730 θαύματι,
647 637 765 713 καὶ
827 635 1301 715 πεπίστευκεν
1362 636 1502 737 ἤδη
1569 635 2004 744 παραδόξως
2066 635 2151 718 τὸ
2214 634 2509 730 βλέπειν
2572 638 2649 715 ἐν

243 753 720 841 διδασκαλίας·
785 756 985 865 τάξει
1049 757 1331 855 λαβών.
1437 762 1515 841 ἐν
1572 762 1718 864 γὰρ
1783 759 1872 859 δὴ
1938 767 2042 869 τῷ
2102 758 2284 864 πρὸς
2348 762 2647 844 ἐκείνους
2670 791 2706 831 ⁸
2743 780 2878 834 620
2900 778 2980 832 A·

242 883 462 959 εἰπεῖν
492 877 607 973 M),
650 889 768 961 xa}
809 888 998 987 ὑμεῖς
1033 880 1248 964 θέλετε
1280 882 1582 989 μαθηταὶ
1624 887 1827 965 αὐτοῦ
1861 881 2183 987 γενέσθαι,
2220 883 2352 984 τὴν
2388 883 2648 964 οἰκείαν

178 1021 217 1082 5
243 997 496 1104 ὥσπερ
565 1006 1037 1114 προεκάλυψε
1101 1009 1420 1111 γνώμην,
1485 1011 1582 1093 ὡς
1655 1009 1793 1109 ἤδη
1866 1007 2310 1109 θελήσαντάς
2376 1042 2454 1088 τε
2528 1011 2645 1087 καὶ

242 1126 652 1228 γεγονότος·
712 1137 1036 1230 μελετῶν
1072 1130 1149 1212 δὲ
1186 1131 1457 1237 τρόπον
1493 1130 1655 1212 τινὰ
1703 1136 1818 1213 καὶ
1867 1131 2012 1235 πρὸ
2063 1131 2475 1235 ὁλοκλήρου
2516 1136 2645 1231 τῆς

240 1252 561 1338 πίστεως
623 1252 710 1335 τό
766 1266 810 1303 “
830 1254 1135 1359 Δωρεὰν
1189 1257 1508 1354 ἐλάβετε,
1565 1255 1838 1358 δωρεὰν
1898 1254 2119 1352 δότε,”
2177 1255 2644 1358 ηὐτρέπισται

239 1373 434 1479 τάχα
468 1381 587 1457 καὶ
623 1378 793 1459 λίαν
827 1378 1167 1485 ἀφθόνως
1203 1387 1302 1465 εἷς
1337 1378 1422 1460 τὸ
1456 1379 1813 1460 παιδεύειν
1850 1377 2106 1463 αὐτους
2141 1376 2231 1458 τὰ
2270 1383 2639 1477 λυσιτελῆ·

239 1500 747 1605 διισχυρίζεται
803 1497 1203 1584 ἀοκνότατα
1256 1503 1331 1585 δέ
1389 1505 1508 1584 καὶ
1559 1501 1920 1588 πολλάκις
1980 1506 2162 1605 ἐρεῖν
2214 1501 2307 1582 τὰ
2366 1505 2478 1582 ἐπὶ
2541 1508 2645 1610 τῷ

138 1664 215 1706 ιο
241 1622 577 1721 θαύματι,
613 1632 673 1706 εἰ
720 1629 1113 1727 μαθητείαν
1163 1627 1389 1712 ὅντως
1433 1636 1752 1710 ποιοῖντο
1801 1626 1934 1728 τὴν
1979 1626 2351 1734 ἐξήγησιν.
2431 1625 2637 1727 τετή-

238 1781 455 1850 ρηκεν
499 1749 626 1828 οὖν
672 1749 814 1854 ἄρα
866 1753 983 1831 καὶ
1032 1749 1329 1859 σφόδρα
1385 1758 1628 1836 καλῶς
1682 1748 1768 1832 τὸ
1821 1753 1897 1831 ἐν
1947 1754 2194 1860 βίβλῳ
2244 1757 2645 1854 παροιμιῶν

240 1879 285 1917 “
324 1876 459 1955 Εἷς
490 1869 642 1953 ὦτα
678 1874 1084 1955 ἀκουόντων
1118 1874 1394 1958 λάλει.”

341 1993 592 2077 Ἔοικε
647 1998 732 2077 δέ
769 2033 924 2083 πως
981 1998 1517 2081 ὑπαινίττεσθαι
1573 1999 1692 2082 διὰ
1741 2000 2014 2081 τούτων
2049 1996 2360 2100 λεληθός
2407 2032 2477 2079 τι
2528 2000 2646 2078 καὶ

241 2121 750 2224 κεκρυμμένον.
832 2126 948 2204 καὶ
1004 2126 1082 2204 τί
1127 2123 1341 2205 τοῦτό
1396 2128 1618 2223 ἐστιν,
1663 2128 1740 2205 ἐν
1786 2123 2145 2229 βραχέσιν
2196 2125 2361 2225 ἐρῶ.
2449 2120 2646 2223 ἦσάν

138 2279 216 2340 15
241 2277 430 2329 τινες
463 2248 539 2325 ἐν
575 2253 723 2331 τοῖς
760 2248 1173 2351 ἡγουμένοις
1211 2249 1278 2329 οἳ
1316 2250 1820 2353 διεγνώκεισαν
1854 2246 1985 2347 μὲν
2023 2246 2134 2328 ὅτι
2165 2246 2491 2350 Χριστὸς
2538 2248 2646 2349 εἴη

240 2366 428 2447 κατὰ
481 2370 826 2471 ἀλήθειαν
875 2375 916 2453 5
971 2379 1559 2478 θαυματουργῶν,
1610 2371 2074 2478 κεχωσμένην
2130 2369 2207 2450 δὲ
2260 2369 2511 2476 ῶσπερ
2568 2374 2646 2452 ἐν

240 2494 455 2572 ὠδῖσι
492 2492 622 2596 τὴν
657 2497 764 2575 ἐπ’
806 2497 999 2606 αὐτῷ
1035 2497 1467 2601 κρύπτοντες
1509 2531 1789 2602 γνωσιν
1823 2495 1927 2576 ἔτι
1972 2492 2296 2578 πολλοὺς
2349 2494 2639 2575 διελάν·

240 2623 489 2698 θανον.
589 2620 1035 2725 μαρτυρήσει
1109 2622 1184 2703 δέ
1256 2626 1372 2703 καὶ
1446 2621 1661 2705 αὐτὸς
1733 2621 1903 2721 ἡμῖν
1978 2621 2019 2699 5
2091 2616 2333 2724 σοφὸς
2404 2619 2643 2722 λε’γων

241 2742 822 2845 Εὐαγγελιστὴς,
878 2745 989 2826 ὅτι
1061 2745 1395 2848 ἔγνωσαν
1466 2743 1598 2845 μὲν
1676 2748 1741 2824 οἱ
1814 2743 2176 2848 ἄρχοντες,
2246 2743 2356 2822 ὅτι
2430 2742 2642 2826 αὐτός

134 2907 215 2948 20
240 2866 446 2947 ἐστιν
482 2869 523 2947 5
574 2867 920 2971 Χριστὸς,
957 2879 1002 2916 “
1029 2869 1148 2950 διὰ
1195 2868 1425 2972 γεμὴν
1460 2865 1630 2952 τοὺς
1667 2866 2108 2970 Φαρισαίους
2159 2867 2295 2970 οὐχ
2344 2864 2630 2964 ὡμολό-
2665 2900 2702 2944 ο

238 2999 286 3037 “
321 2999 500 3092 γοῦν
510 2992 569 3037 ·”
632 2996 1121 3096 ἐπαγωνιεῖται
1156 2993 1244 3073 δέ
1281 3027 1439 3077 πως
1482 3001 1632 3076 τοῖς
1667 2995 1831 3094 περὶ
1866 2998 2122 3070 τοῦτον
2159 2988 2407 3091 λόγοις
2443 2991 2559 3069 καὶ
2598 2992 2639 3069 5

238 3111 655 3216 Νικόδημος
707 3116 1092 3220 διαῤῥήδην
1136 3118 1472 3213 ἀναβοῶν
1515 3118 1633 3194 καὶ
1685 3114 1926 3216 λε’γων
1965 3110 2149 3215 πρὸς
2198 3111 2326 3194 τὸν
2369 3111 2640 3216 Κύρων

235 3237 442 3337 ἡμῶν
502 3241 796 3340 Ἰησοῦν
858 3240 1191 3343 Χριστόν
1258 3251 1301 3289 “
1337 3240 1629 3339 Ῥαββὶ,
1691 3239 1979 3336 οἴδαμεν
2045 3236 2155 3318 ὅτι
2227 3236 2372 3318 ἀπὸ
2445 3242 2639 3318 Θεοῦ

236 3370 285 3408 “
318 3361 682 3463 ἐλήλυθας
740 3361 1201 3464 διδάσκαλος,
1263 3366 1381 3445 καὶ
1447 3364 1558 3444 ὅτι
1621 3363 1844 3447 οὐδεὶς
1903 3361 2198 3442 δύναται
2263 3370 2491 3441 ταῦτα
2546 3360 2640 3442 τὰ

132 3507 211 3569 ²5
239 3494 284 3532 “
319 3493 587 3587 σημεῖα
634 3495 862 3569 ποιεῖν
898 3487 948 3568 ἃ
994 3487 1095 3568 σὺ
1141 3495 1386 3587 ποιεῖς,
1424 3484 1549 3568 ἐὰν
1582 3486 1686 3588 μὴ
1735 3483 1782 3592 ᾗ
1837 3486 1876 3565 5
1917 3485 2103 3570 Θεὸς
2155 3486 2306 3585 μετ’
2348 3485 2637 3566 αὐτοῦ.”

235 3604 514 3714 ᾔδεσαν
559 3611 686 3690 οὖν
730 3612 874 3715 ἀρα
922 3618 1070 3692 τῶν
1118 3610 1489 3718 ἀρχόντων
1524 3610 1729 3708 τινὲς,
1769 3613 1886 3690 καὶ
1935 3608 2435 3712 διετεθρύλητό
2483 3644 2639 3694 πως

234 3734 278 3813 5
312 3736 479 3839 περὶ
513 3735 771 3816 τούτου
809 3733 1032 3837 λόγος
1068 3735 1206 3816 ἀνὰ
1240 3742 1495 3818 πᾶσαν
1530 3734 1665 3835 τὴν
1684 3732 2193 3837 Ἰερουσαλήμ.
2258 3734 2638 3836 ἐγνωκέναι

230 3855 367 3956 μὲν
400 3854 566 3943 τοὺς
616 3859 970 3965 ἄρχοντας
1019 3860 1065 3960 ἡ
1110 3867 1256 3941 τῶν
1292 3859 1658 3941 Ἰουδαίων
1693 3856 1978 3959 πληθὺς
2015 3859 2316 3954 ὑπονοεῖ,
2354 3856 2455 3956 μὴ
2492 3854 2636 3957 μὴν
2661 3874 2707 3940 d

307 4174 357 4214 1.
393 4157 466 4229 μὴ
490 4157 575 4213 καὶ
601 4157 669 4212 Β.
696 4156 879 4214 Holnt.
904 4157 1155 4284 ‘adasa‘
1182 4156 1304 4214 cat.
1331 4157 1486 4213 Harl.
1514 4156 1691 4227 καὶμὴ
1715 4158 1799 4212 καὶ
1821 4156 1969 4211 Aub.
2172 4167 2228 4226 5.
2263 4154 2635 4226 ἐξεκάλυψε8.

228 4229 392 4356 322²
397 4227 1046 4389 οῗῖοῗιᾞᾝσὲἒιξιῑι
1079 4247 1207 4354 Αιῖῗ)
1211 4156 2636 4354 ¹³00ssssssffi‘ss‘ffsssssst'ffiffifssfflffssa

227 4371 490 4438 λυσιτελῆ
515 4369 834 4440 ὃτοιμάξεται
859 4369 1104 4424 similiter
1126 4369 1442 4425 abbrevians
1465 4386 1515 4425 8.
1813 4387 1866 4440 9.
1904 4367 2040 4439 ἐρεῖν
2062 4369 2126 4421 τὰ
2151 4365 2313 4421 edidi.
2338 4367 2428 4438 ἕρο
2429 4388 2540 4421 ιντο
2567 4365 2634 4420 Β.

226 4439 460 4513 εἴρηνται
459 4392 589 4496 ”Hm
832 4455 915 4496 ιο.
949 4440 1336 4567 μιιιθιγνίὲἷὲμᾼ1ῧῖ
1532 4439 1613 4494 ίαν
1637 4456 1731 4494 eeu
1755 4437 2028 4529 μοθητιᾶν)
2057 4438 2124 4492 Β.
2370 4453 2451 4504 14.
2489 4436 2636 4491 ἐστιν

226 4519 579 4583 assumptum
601 4527 669 4566 ex
694 4509 761 4565 B.
1262 4534 1288 4569 ς
1310 4510 1430 4601 ἡμῖν
1493 4527 1558 4566 oc
1580 4508 1768 4565 ordine
1795 4509 1862 4565 B.
1958 4509 2079 4592 ἡμῖν
2098 4508 2295 4563 iterum
2320 4516 2444 4579 poet
2465 4505 2636 4578 λέγων

225 4582 449 4640 exhibet
478 4581 546 4638 Β.
763 4597 851 4637 21
887 4584 1074 4639 τοῦτον
1097 4581 1166 4638 Β.
1194 4581 1295 4638 Bt.
1316 4579 1505 4638 τούτου
1528 4599 1559 4636 ο
1583 4579 1705 4637 Cat.
1732 4580 1886 4637 Harl.
1910 4589 1974 4636 ut
1996 4578 2106 4636 vid.
2131 4578 2278 4634 Aub.

2732 1253 2976 1305 sumtus.

2731 1335 2781 1368 x.
2800 1321 2850 1369 8.

2663 1864 2709 1931 b
2733 1864 2829 1915 Sir.
2845 1880 2963 1914 xxv.

2730 1946 2783 1997 9.

2732 2855 2873 2906 Infra
2889 2856 2978 2908 xii.

2731 2936 2815 2983 4²·

2731 3231 2896 3311 §ypra

2729 3314 2799 3349 111.
2830 3312 2876 3347 2.
