3238 5158
565 290 699 355 486
1176 292 1255 356 B.
1302 287 1728 356 CYRILLI
1786 287 2370 356 ALEXANDR.
2718 289 2858 353 xiv.
2885 304 3006 353 20.

571 451 885 535 θάνατον
923 453 1217 562 φύσεως
1261 455 1437 538 ὄντα
1482 460 1611 557 τῆς
1660 456 2131 564 φθειρομένης
2180 453 2309 538 τὸν
2344 457 2752 561 ἄνθρωπον,
2791 459 2856 534 εἰ
2891 452 3009 552 μὴ

535 577 704 678 ’τὴν
746 579 1058 685 ἀρχαίαν
1102 582 1373 681 ἐκείνην
1419 581 1902 680 ἀνεκομίσατο
1955 581 2190 687 χάριν,
2237 585 2354 662 καὶ
2398 581 2712 685 μετέσχε
2760 578 3014 660 πάλιν

571 709 701 781 τοῦ
752 702 847 781 τὰ
898 700 1139 785 πάντα
1192 701 1377 808 πρὸς
1430 703 1517 784 τὸ
1572 702 1752 785 εἶναι
1800 706 2234 810 συνέχοντος
2283 710 2477 786 Θεοῦ
2531 705 2651 784 καὶ
2706 701 3010 805 (moyn-

574 834 866 911 νοῦντος
921 829 1008 909 δι’
1047 834 1229 910 Υὶοῦ
1283 830 1360 908 ἐν
1400 827 1792 928 Πνεύματι.
1874 828 2334 930 κεκοινώνηκε
2387 829 2629 909 τοίνυν
2685 827 3012 927 αἵματος

502 955 548 1023 b
574 951 692 1029 καὶ
746 948 1040 1055 σαρκὸς,
1097 951 1448 1051 τουτέστι,
1502 952 1798 1056 γέγονεν
1852 952 2256 1056 ἅνθρωπος,
2308 951 2450 1056 ζωὴ
2504 951 2692 1032 κατὰ
2755 952 3012 1058 φύσιν
3034 976 3072 1037 5

536 1072 941 1180 Ιὺπάρχων,
978 1077 1093 1156 καὶ
1148 1079 1226 1157 ἐκ
1279 1074 1461 1179 ζωῆς
1510 1079 1639 1175 τῆς
1687 1074 1870 1156 κατὰ
1921 1076 2154 1184 φύσιν
2197 1076 2726 1179 γεγεννημένος,
2765 1108 3008 1156 τουτ-

574 1196 740 1279 έστι
793 1206 922 1279 τοῦ
967 1204 1162 1280 Θεοῦ
1217 1203 1336 1281 καὶ
1388 1199 1704 1302 Hau-phe,
1741 1202 1782 1279 5
1835 1200 2262 1304 Μονογενὴς
2310 1201 2531 1280 αὐτοῦ
2568 1196 2842 1302 Λόγος,
2879 1201 3015 1279 ἵνα

573 1326 666 1427 τῇ
716 1323 1147 1431 φθειρομένη
1195 1325 1418 1428 σαρκὶ
1465 1320 1653 1403 κατά
1700 1357 1785 1426 γε
1837 1321 1967 1405 τὸν
2002 1321 2232 1427 λόγον
2267 1327 2395 1419 τῆς
2432 1324 2612 1408 ἰδίας
2655 1324 3002 1430 φύσεως,

575 1444 899 1551 ἀρῤήτως
963 1483 1039 1529 τε
1115 1452 1233 1528 καὶ
1305 1446 1709 1555 ἀφράστως
1780 1451 1900 1528 καὶ
1973 1450 2073 1533 ὡς
2133 1445 2346 1533 αὐτὸς
2408 1447 2671 1550 ἔγνωκε
2739 1444 3004 1546 μόνος,

576 1569 832 1651 ἑαυτὸν
880 1571 1158 1655 ἑνώσας
1211 1570 1394 1675 πρὸς
1448 1570 1581 1671 τὴν
1639 1572 1823 1651 ἰδίαν
1869 1572 2089 1652 αὐτοῦ
2146 1571 2555 1677 ἀνακομίσῃ
2607 1567 2826 1675 ζωὴν,
2879 1576 3004 1651 καὶ
3033 1607 3095 1649 ιο

579 1695 885 1847 μέτοχον
918 1695 1263 1803 ἀποδείξῃ
1311 1694 1397 1776 δι’
1437 1696 1691 1775 εαυτοῦ
1727 1703 1856 1776 τοῦ
1894 1700 2088 1777 Θεοῦ
2130 1700 2249 1776 καὶ
2288 1695 2604 1799 Πατρός.
2684 1696 3008 1795 μεσίτης

579 1817 725 1922 γάρ
757 1822 919 1899 ἐστι
956 1824 1148 1901 Θεοῦ
1186 1823 1305 1900 καὶ
1352 1820 1773 1924 ἀνθρώπων,
1812 1818 1998 1900 κατὰ
2032 1854 2118 1902 το
2154 1817 2674 1923 γεγραμμένον,
2711 1825 2825 1927 τῷ
2867 1818 3008 1917 μὲν

582 1947 749 2050 Θεῷ
799 1946 918 2023 καὶ
962 1946 1198 2048 Πατρὶ
1253 1951 1583 2052 φυσικῶς
1641 1947 1741 2030 ὡς
1784 1942 1974 2029 Θεὸς
2028 1980 2146 2026 και
2193 1945 2285 2053 ἐξ
2332 1945 2552 2025 αὐτοῦ
2605 1943 2996 2025 συναπτό·

518 2097 555 2142 ο
577 2100 807 2168 μενος,
853 2067 1257 2170 ἀνθρώποις
1311 2066 1386 2149 δὲ
1440 2065 1669 2193 πάλιν
1723 2070 1821 2153 ὦς
1875 2068 2274 2172 ἅνθρωπος,
2319 2070 2436 2149 καὶ
2491 2069 2680 2173 ἔχων
2729 2067 2873 2168 μὲν
2924 2072 3006 2149 ἐν

240 2210 484 2274 Eeb-23·
579 2194 806 2300 ἑαυτῷ
858 2189 988 2271 τὸν
1028 2192 1320 2296 Πατέρα
1374 2186 1493 2273 καὶ
1548 2190 1650 2273 ὧν
1699 2190 1913 2278 αὐτὸς
1969 2195 2046 2274 ἐν
2100 2200 2204 2302 τῷ
2262 2194 2530 2296 Πατρί·
2609 2227 2998 2297 χαρακτηρ
3023 2226 3082 2283 ¹5

577 2313 723 2418 γάρ
775 2317 936 2396 ἐστι
992 2319 1109 2397 καὶ
1164 2314 1622 2420 ἀπαύγασμα
1675 2322 1804 2418 τῆς
1862 2317 2338 2403 ὑποστάσεως
2392 2318 2630 2414 αυτοῦ,
2679 2318 2766 2397 οὐ
2822 2324 2994 2399 διω-

576 2440 915 2543 ρισμένος
962 2444 1091 2540 τῆς
1143 2441 1418 2539 οὐσίας,
1455 2441 1542 2543 ἧς
1586 2444 1747 2523 ἐστι
1794 2440 2165 2548 χαρακτὴρ
2200 2445 2318 2522 καὶ
2364 2442 2456 2550 ἐξ
2497 2441 2583 2543 ἧς
2627 2440 2996 2545 πρόεισιν,

580 2567 678 2651 ὦς
731 2564 1207 2670 ἀπαύγασμα,
1241 2568 1412 2647 ἀλλ’
1455 2570 1531 2649 ἐν
1577 2569 1757 2674 αὐτῇ
1816 2602 1893 2648 τε
1948 2565 2050 2647 ὧν
2096 2565 2332 2667 αὐτὸς,
2368 2568 2488 2648 καὶ
2539 2565 2728 2673 ἔχων
2770 2567 3004 2668 αὐτὴν

579 2693 658 2774 ἐν
692 2695 948 2801 εαυτῷ·
1006 2692 1192 2792 ἡμᾶς
1241 2691 1317 2772 δὲ
1365 2692 1677 2774 πάλιν*
1628 2728 1814 2798 εχων
1849 2695 1925 2772 ἐν
1961 2695 2211 2801 εαυτῷ,
2249 2691 2430 2774 καθὸ
2474 2691 2607 2794 τὴν
2643 2692 3002 2798 ἡμετεραν

579 2816 945 2969 πεφόρηκε
1019 2816 1270 2924 φύσιν,
1346 2819 1464 2897 καὶ
1537 2823 1759 2916 σῶμα
1831 2825 1961 2897 τοῦ
2036 2817 2286 2920 Λόγου
2361 2814 2840 2924 κεχρημάτικε
2915 2816 2999 2897 τὸ
3021 2859 3082 2899 20

242 2945 407 3076 {xpm
428 2946 464 2997 ἱ·
580 2942 920 3046 ἡμέτερον
982 2948 1224 3039 σῶμα.
1330 2939 1537 3048 σὰρξ
1604 2939 1750 3045 γὰρ
1824 2943 1865 3021 5
1928 2923 2171 3044 Λόγος
2234 2942 2534 3045 ἐγένετο,
2602 2939 2792 3020 κατὰ
2867 2938 3004 3041 τὴν

513 3076 558 3144 d
580 3065 916 3147 Ἰωάννου
974 3064 1252 3173 φωνήν.
1352 3065 1718 3171 πεφόρηκε
1774 3062 1851 3145 δὲ
1910 3100 2042 3167 την
2095 3066 2447 3170 ἡμετέραν
2503 3063 2757 3173 φύσιν,
2814 3065 3001 3168 πρὸς

581 3187 715 3291 τὴν
769 3192 956 3272 ἰδίαν
1008 3188 1234 3291 αὐτὴν
1288 3187 1773 3270 ἀναπλάττων
1830 3188 2040 3292 ζωήν.
2126 3189 2287 3270 ἔστι
2343 3188 2419 3271 δὲ
2474 3190 2592 3271 καὶ
2647 3187 2870 3275 αὐτὸς
2925 3192 3004 3270 ἐν

580 3315 775 3414 ἡμῖν·
863 3314 1155 3421 μέτοχοι
1230 3312 1375 3417 γὰρ
1448 3315 1669 3394 αὐτοῦ
1742 3312 2006 3399 πάντες
2092 3312 2509 3416 γεγόναμεν,
2582 3317 2702 3394 καὶ
2779 3313 3002 3395 αὐτὸν

566 3437 840 3543 ,ἔχομεν
890 3442 966 3520 ἐν
1016 3441 1290 3524 ἑαυτοῖς
1346 3436 1465 3517 διὰ
1517 3446 1648 3518 τοῦ
1706 3435 2150 3538 Πνεύματος·
2236 3438 2356 3518 διὰ
2409 3436 2553 3542 γὰρ
2608 3446 2830 3519 τοῦτο
2886 3441 3000 3521 καὶ
3021 3471 3086 3534 25

583 3563 776 3646 θείας
851 3560 1143 3670 φύσεως
1205 3558 1604 3664 γεγόναμεν
1668 3564 1991 3642 κοινωνοὶ
2053 3566 2171 3642 καὶ
2237 3566 2370 3643 υἱοὶ
2435 3561 2996 3668 χρηματίζομεν,

584 3689 772 3769 οὕτω
808 3690 927 3768 καὶ
963 3685 1181 3766 αὐτὸν
1214 3684 1496 3791 ἔχοντες
1532 3689 1609 3765 ἐν
1645 3686 1920 3770 ἑαυτοῖς
1951 3685 2079 3766 τὸν
2121 3685 2419 3789 Πατέρα
2463 3686 2581 3766 διὰ
2614 3695 2749 3767 τοῦ
2783 3693 2994 3767 Υἶοῦ.

245 3839 492 3894 GaLiv.6.
585 3816 704 3894 καὶ
745 3808 1191 3916 μαρτυρήσει
1239 3806 1477 3912 λέγων
1513 3810 1553 3888 5
1596 3814 1899 3895 Παῦλος
1938 3821 1982 3858 “
2005 3809 2185 3891 “On
2220 3810 2305 3890 δέ
2333 3812 2501 3892 ε’στε
2542 3815 2696 3909 υἱοὶ,
2729 3811 3002 3919 ἐξαπέ-

584 3948 631 3986 “
666 3947 960 4018 στειλεν
1010 3937 1050 4015 ὁ
1101 3932 1288 4019 Θεὸς
1333 3931 1418 4013 τὸ
1470 3939 1772 4035 Πνεῦμα
1821 3944 1949 4016 τοῦ
1985 3940 2168 4016 Υἶοῦ
2219 3936 2438 4016 αὐτοῦ
2486 3941 2586 4020 εἰς
2635 3933 2770 4020 τὰς
2821 3970 2997 4040 καρ-

585 4073 631 4111 “
668 4064 823 4147 δίας
889 4063 1089 4161 ὑμῶν
1147 4057 1407 4163 κράᾧν
1459 4056 1714 4154 Ἀββᾶ
1773 4060 1814 4138 5
1870 4057 2184 4163 πατήρ.”
2273 4061 2361 4140 οὗ
2417 4059 2564 4164 γὰρ
2629 4059 2880 4164 ἕτερόν
2931 4095 2996 4141 τι
3017 4099 3078 4160 30

243 1699 418 1782 lm·

240 1779 359 1830 n.5.

658 4351 710 4391 2.
743 4333 905 4390 πάλιν
927 4340 1266 4403 assumptum
1292 4348 1357 4387 ex
1385 4331 1453 4387 Ε.
1666 4347 1719 4403 3.
1759 4333 2110 4422 ζωογονοῦντα
2134 4331 2200 4387 Ε.
2417 4344 2575 4415 7-11.
2612 4331 2664 4385 A
2691 4334 2907 4402 Ilm-p&
2928 4331 2995 4387 ad

584 4408 795 4474 Πατρός
817 4404 1047 4460 transilit
1072 4403 1139 4458 E.
1619 4419 1673 4474 3.
1619 4402 2273 4474 3ἀναπλάττων-αὔτὸς
2295 4420 2407 4457 om.
2435 4403 2522 4467 E„
2544 4402 2731 4458 invitis
2759 4401 2996 4459 Catenis-

587 4493 673 4545 24.
708 4478 895 4535 πάντες
927 4476 1214 4566 γεγόναμεν
1237 4473 1381 4529 Catt.
1406 4474 1504 4563 {⁰-
1504 4473 1900 4545 imperfectum)
1925 4477 2358 4548 προσγεγόναμεν
2382 4473 2447 4530 Ε.
2470 4473 2675 4532 πάντας
2710 4476 2996 4547 γεγόναμεν

588 4547 692 4604 Ed.
905 4564 995 4619 30.
1031 4546 1173 4614 ὑμῶν
1195 4563 1245 4600 8.
1272 4543 1376 4599 Ed.
1401 4550 1543 4613 ημῶν
1565 4562 1614 4600 c.
1643 4543 1810 4600 Cord.
