3238 5158
229 363 354 405 vm
381 361 481 430 29.
616 343 730 409 IN
792 344 859 409 S.
910 343 1421 409 JOANNEM.
1512 343 1703 408 LIB.
1737 345 1819 409 V.
1910 345 2108 410 CAP.
2141 346 2225 409 V.
2538 347 2618 407 51

228 505 600 589 σκεύασεν·
663 512 835 590 ἀλλ’
877 508 1013 614 ὅρα
1062 544 1186 610 μοι
1235 508 1368 609 τὴν
1412 512 1487 590 ἐν
1523 516 1628 615 τῷ
1674 510 2047 613 πράγματι
2097 509 2626 609 πεπλασμένην

227 633 646 732 οἰκονομίαν.
758 632 962 719 εἰδὼς
1036 634 1179 743 γάρ
1256 633 1366 714 ὅτι
1441 635 1736 734 τέθνηκε
1808 632 2157 737 Λάζαρος,
2235 636 2354 714 καὶ
2410 643 2623 714 τοῦτο
2651 644 2696 708 (1

224 756 648 859 προειρηκὼς
723 766 873 842 τοῖς
944 760 1198 839 ἑαυτοῦ
1268 764 1642 859 μαθηταῖς,
1710 762 1806 843 ὡς
1879 757 2085 857 Θεὸς,
2162 759 2624 863 ἀνθρωπίνως

224 872 646 961 ἀντεπύθετο
693 892 739 930 “
769 888 933 963 Ποῦ
988 882 1405 980 τεθείκατε,”
1457 881 1713 984 λέγων,
1766 881 2007 962 αὐτόν.
2095 878 2154 962 ὦ
2207 881 2623 990 παραδόξου

166 1021 201 1080 5
223 999 663 1105 πράγματος.
745 1008 788 1086 ὀ
843 1005 1128 1110 μακράν
1175 1041 1319 1086 που
1374 1009 1502 1105 τῆς
1560 1008 1923 1106 Βηθανίας
1981 1005 2454 1106 διαιτώμενος,
2504 1010 2623 1088 καὶ

222 1128 343 1207 οὐκ
404 1129 775 1231 ἀγνοήσας
838 1133 935 1216 ὡς
992 1130 1201 1229 Θεὸς,
1262 1129 1371 1211 ὅτι
1438 1129 1728 1231 τέθνηκε
1784 1131 2134 1235 Λάζαρος,
2189 1139 2345 1217 πῶς
2402 1132 2623 1236 ἐζήτει

221 1258 465 1349 μαθεῖν
530 1253 616 1335 τὸ
681 1260 1071 1355 μνημεῖον,
1162 1256 1334 1335 ἀλλ’
1407 1256 1581 1360 ἐρεῖς
1656 1254 1924 1359 ἄριστοί
1985 1289 2069 1356 γε
2134 1261 2453 1363 φρονῶν,
2526 1260 2625 1341 ὡς

221 1376 709 1459 ὑπεπλάττετο
762 1377 894 1479 τὴν
951 1378 1307 1483 ἐρώτησιν
1362 1384 1758 1479 οἰκονομῶν
1812 1413 1881 1458 τι
1936 1378 2325 1485 χρήσιμον.
2412 1379 2622 1484 δέχου

218 1499 450 1581 τοίνυν
508 1505 642 1583 κάν
694 1503 925 1612 τούτῳ
980 1502 1209 1584 πάλιν
1256 1509 1735 1602 οἰκονομικῶς,
1781 1499 1964 1607 ἅπερ
2021 1499 2209 1583 οἶδεν
2259 1506 2354 1587 ὡς
2405 1502 2616 1600 Θεὸς,

127 1657 197 1698 10
218 1633 439 1706 ταῦτα
492 1627 801 1728 λέγοντα
849 1634 1104 1728 μαθεῖν
1139 1626 1341 1732 παρὰ
1376 1636 1505 1708 τοῦ
1547 1624 1865 1728 Πατρός·
1926 1626 2507 1731 παροτρύνεσθαι
2544 1625 2620 1706 δὲ
2647 1656 2682 1698 e

218 1749 341 1830 οὐκ
373 1752 774 1855 ἐπιτρέπων
809 1749 1142 1856 μειζόνως
1181 1751 1311 1852 τὴν
1348 1758 1495 1831 τῶν
1531 1750 1897 1832 Ἰουδαίων
1934 1748 2297 1849 ἀπόνοιαν,
2335 1757 2449 1833 καὶ
2494 1750 2623 1831 τὸν

216 1879 356 1953 τῶν
410 1877 929 1982 ἀμαθεστέρων
984 1874 1309 1981 κολάζων
1366 1873 1614 1976 θυμὸν,
1673 1878 1799 1956 οὐκ
1856 1876 2167 1981 ἄκρατον
2218 1882 2313 1961 εἰς
2368 1873 2621 1960 αὐτοὺς

215 1993 339 2077 τὸν
389 2005 750 2102 θεοπρεπῆ
808 1999 1035 2104 λόγον
1088 1999 1425 2108 εἰσφέρει,
1476 2002 1706 2080 καίτοι
1760 2002 2037 2105 πρέπον
2088 2003 2273 2082 οὕτω
2328 2008 2622 2100 μᾶλλον

217 2122 406 2231 αὐτῷ
454 2121 943 2228 διαλέγεσθαι.

126 2269 194 2330 15
321 2247 621 2351 Ἐπειδὴ
694 2249 769 2330 δὲ
842 2250 1231 2355 ἄνθρωπον
1302 2250 1405 2330 ἔτι
1479 2252 1598 2330 καὶ
1679 2248 1911 2357 ψιλὸν
1987 2249 2330 2356 ὑπάρχειν
2402 2248 2622 2331 αὐτὸν

218 2371 580 2466 ὑπενόουν,
640 2381 788 2459 τοῖς
843 2375 1493 2479 ἀνθρωποπρεπέσι
1554 2371 1803 2477 λόγοις
1860 2373 2170 2478 κεράσας
2226 2372 2476 2477 ὥσπερ
2537 2371 2620 2454 τὸ

215 2499 338 2598 τῆς
389 2497 726 2601 θεότητος
777 2498 1084 2607 ἀξίωμα,
1121 2497 1590 2604 μετριώτερόν
1626 2533 1782 2585 πως
1826 2496 1872 2600 ἢ
1924 2499 2090 2581 καθ’
2132 2497 2384 2581 ἑαυτὸν
2422 2504 2611 2579 οἰκο-

216 2630 521 2723 νομικῶς
557 2632 981 2728 προσλαλεῖ
1016 2623 1184 2705 ’Ότι
1222 2622 1359 2727 ἐγὼ
1396 2623 1489 2705 r&
1527 2623 1788 2732 ἄρεα-τὲ.
1835 2627 2035 2705 αὐτοῦ
2083 2624 2255 2706 ποιῶ
2303 2622 2614 2705 πάντοτε·

216 2746 421 2853 δέχου
473 2783 601 2848 μοι
647 2749 874 2830 πάλιν
921 2750 1054 2828 κάν
1098 2749 1329 2856 τούτῳ
1384 2744 1518 2847 τὴν
1561 2748 1784 2829 λύσιν
1829 2757 1958 2828 τοῦ
2010 2753 2387 2834 δοκοῦντος
2445 2745 2620 2829 εἶναι
2645 2786 2681 2826 a
2722 2773 2857 2828 530
2877 2772 2957 2827 Δ.

121 2897 192 2939 ²0
216 2873 631 2979 δυσχεροῦς,
708 2876 823 2955 καὶ
910 2872 1274 2974 περιοίθρει
1347 2878 1610 2979 σαφῶς
1692 2870 2316 2973 διερμηνευόμενον
2390 2874 2620 2974 ὀρθῶς

215 2992 297 3074 τό
335 3007 375 3044 “
402 2997 576 3079 Ἀπ’
617 3000 925 3097 ἐμαυτοῦ
976 2996 1179 3077 οὐδὲν
1213 2998 1459 3078 ποιῶ.”
1522 2995 1639 3076 διὰ
1690 2994 1833 3099 γὰρ
1876 3004 2111 3093 τοῦτο,
2152 2999 2361 3103 φησὶ,
2399 2996 2620 3096 μηδὲν
2710 2993 2920 3110 ῗξξζῐξὸ.

216 3119 335 3201 ἀπ’
375 3124 686 3222 ἐμαυτοῦ
721 3127 948 3203 ποιεῖν
986 3119 1563 3224 διεμαρτυράμην
1597 3121 1761 3220 ὑμῖν
1797 3118 2099 3224 ἔναγχος
2136 3127 2616 3224 προσλαλῶν,

213 3245 496 3350 ἐπείπερ
554 3245 715 3330 ἔθος
767 3246 924 3345 ἐμοὶ
979 3248 1098 3324 καὶ
1149 3243 1364 3346 τριβὴ
1420 3242 1642 3345 μηδὲν
1696 3247 1977 3351 ἀπᾷδον
2032 3244 2455 3348 ἐργάζεσθαι
2519 3249 2624 3353 τῷ

215 3373 379 3477 Θεῷ
432 3374 557 3450 καὶ
603 3373 866 3473 Πατρὶ,
913 3368 1093 3469 μηδὲ
1142 3368 1392 3449 εἰδέναι
1447 3404 1517 3451 τι
1574 3374 1779 3473 δρᾶν,
1835 3374 1893 3449 εἰ
1945 3368 2047 3470 μὴ
2101 3368 2280 3473 ὅπερ
2334 3368 2623 3474 ἀρέσκει

122 3511 191 3574 ²5
215 3495 314 3600 τῷ
368 3494 717 3601 φύσαντι.
794 3493 1169 3598 πρόδηλον
1225 3494 1352 3573 οὖν
1408 3493 1550 3597 ἄρα
1605 3489 1866 3574 λοιπὸν
1922 3496 2019 3577 ὡς
2078 3496 2153 3574 ἐν
2212 3494 2442 3602 τούτῳ
2504 3498 2619 3575 καὶ

212 3614 432 3714 μόνον
479 3619 570 3699 τὸ
624 3616 845 3719 μηδὲν
894 3617 1023 3766 ἀφ’
1063 3618 1318 3698 ἑαυτοῦ
1372 3624 1599 3698 ποιεῖν
1653 3616 1781 3698 τὸν
1816 3615 1998 3697 Υἰὸν
2048 3616 2499 3718 νοηθήσεται,
2543 3620 2622 3698 ἐν

214 3745 314 3848 τῷ
365 3778 460 3822 τοι
512 3742 769 3851 ἀρεστὰ
815 3740 1156 3846 πράττειν
1193 3743 1297 3822 ἀει
1345 3746 1449 3849 τῷ
1491 3745 1659 3850 Θεῷ
1706 3744 1823 3820 καὶ
1857 3745 2117 3845 Πατρι,
2155 3743 2250 3826 ὡς
2306 3775 2501 3844 ειπερ
2556 3748 2618 3822 εἰ

212 3862 311 3966 μὴ
366 3873 516 3947 τῶν
568 3866 906 3947 τοιούτων
963 3863 1321 3970 εἰργάζετο
1382 3864 1625 3970 τυχὸν,
1680 3863 2094 3969 ἔδρασεν
2037 3901 2128 3944 αν
2181 3901 2252 3945 τι
2307 3870 2424 3946 καὶ
2483 3867 2610 4015 ἀφ
2641 3877 2683 3942 b

213 3989 489 4089 εαυτοῦ,
532 3989 891 4088 τουτέστι,
933 3989 1018 4071 τὸ
1070 3988 1271 4093 παρὰ
1318 3989 1685 4090 βούλησιν
1721 3998 1850 4069 τοῦ
1902 3987 2408 4091 γεννήσαντος.
2487 3991 2615 4069 οὐκ

122 4135 192 4192 30
215 4113 353 4217 ἄρα
404 4113 524 4194 διὰ
572 4149 656 4194 το
708 4114 1067 4215 ἡττῆσθαι
1116 4117 1246 4213 τῆς
1294 4112 1635 4221 πατρῴας
1681 4116 1955 4216 ἀρετῆς,
1995 4112 2156 4193 οὐδὲ
2206 4112 2323 4193 διὰ
2371 4112 2456 4193 τὸ
2515 4113 2616 4214 μὴ

215 4238 575 4318 δύνασθαί
620 4272 691 4318 τι
753 4244 1149 4341 κατορθοῦν
1204 4237 1292 4345 ἐξ
1349 4236 1528 4321 ἰδίας
1590 4234 1866 4342 ἰσχύος,
1922 4234 2124 4317 οὐδὲν
2179 4237 2307 4343 ἀφ’
2365 4241 2619 4318 ἑαυτοῦ

2714 883 2862 934 Infra
2877 886 2945 934 xi.

2714 963 2795 1013 34·

287 4474 370 4530 15.
406 4461 663 4532 ὑπάρχειν
685 4461 840 4517 αὐτὸν
863 4459 967 4516 hoc
992 4460 1179 4516 ordine
1206 4460 1272 4516 Β.
1664 4459 1747 4514 18.
1784 4459 1944 4515 αὐτοῦ
1971 4459 2034 4515 Β.
2059 4460 2198 4533 αυτῷ
2224 4478 2272 4514 ει.
2300 4460 2482 4515 Holst.
2510 4458 2615 4515 Ed.

214 4547 325 4662 21¹1!
338 4533 497 4662 οἱνιδῶν
512 4538 645 4588 ποιῶ
669 4531 775 4589 hoo
798 4532 986 4589 ordine
1012 4531 1078 4588 B.
1172 4532 1332 4603 μηδὲν
1358 4530 1423 4586 Β.
1449 4530 1601 4586 οὖδεν
1629 4530 1729 4587 Ht.
1756 4530 1858 4586 Ed.
2068 4545 2155 4602 25.
2192 4530 2284 4587 οὖν
2306 4531 2407 4602 ἄρα
2429 4532 2617 4584 λοιπὸν

1358 4703 1476 4754 112
