<?xml version="1.0" encoding="UTF-8"?>
<!DOCTYPE html PUBLIC "-//W3C//DTD XHTML 1.0 Transitional//EN"
    "http://www.w3.org/TR/xhtml1/DTD/xhtml1-transitional.dtd">
<html xmlns="http://www.w3.org/1999/xhtml" xml:lang="en" lang="en">
 <head>
  <title>
</title>
<meta http-equiv="Content-Type" content="text/html;charset=utf-8" />
  <meta name='ocr-system' content='tesseract 3.04.00' />
  <meta name='ocr-capabilities' content='ocr_page ocr_carea ocr_par ocr_line ocrx_word'/>
</head>
<body>
  <div class='ocr_page' id='page_1' title='image "./sanctipatrisnos03pusegoog_0041.png"; bbox 0 0 3238 5158; ppageno 0'>
   <div class='ocr_carea' id='block_1_1' title="bbox 161 0 3218 29">
    <p class='ocr_par' dir='ltr' id='par_1_1' title="bbox 161 0 3218 29">
     <span class='ocr_line' id='line_1_1' title="bbox 161 0 3218 29; baseline 0 5129"><span class='ocrx_word' id='word_1_1' title='bbox 161 0 3218 29; x_wconf 95' lang='lat' dir='ltr'> </span> 
     </span>
    </p>
   </div>
   <div class='ocr_carea' id='block_1_2' title="bbox 216 363 2634 435">
    <p class='ocr_par' dir='ltr' id='par_1_2' title="bbox 216 363 2634 435">
     <span class='ocr_line' id='line_1_2' title="bbox 216 363 2634 435; baseline 0.002 -6"><span class='ocrx_word' id='word_1_2' title='bbox 216 363 358 430; x_wconf 83' lang='lat' dir='ltr'><strong>viii.</strong></span> <span class='ocrx_word' id='word_1_3' title='bbox 385 363 488 429; x_wconf 86' lang='lat'>28.</span> <span class='ocrx_word' id='word_1_4' title='bbox 597 364 712 432; x_wconf 92' lang='lat' dir='ltr'>IN</span> <span class='ocrx_word' id='word_1_5' title='bbox 772 365 844 432; x_wconf 81' lang='lat' dir='ltr'>S.</span> <span class='ocrx_word' id='word_1_6' title='bbox 889 366 1399 432; x_wconf 82' lang='lat' dir='ltr'><strong>JOANNEM.</strong></span> <span class='ocrx_word' id='word_1_7' title='bbox 1492 366 1685 434; x_wconf 89' lang='lat' dir='ltr'><strong>LIB.</strong></span> <span class='ocrx_word' id='word_1_8' title='bbox 1719 367 1803 433; x_wconf 87' lang='lat' dir='ltr'>V.</span> <span class='ocrx_word' id='word_1_9' title='bbox 1895 368 2100 435; x_wconf 88' lang='lat' dir='ltr'><strong>CAP.</strong></span> <span class='ocrx_word' id='word_1_10' title='bbox 2149 369 2271 435; x_wconf 89' lang='lat' dir='ltr'>IV.</span> <span class='ocrx_word' id='word_1_11' title='bbox 2546 369 2634 435; x_wconf 84' lang='lat'>29</span> 
     </span>
    </p>
   </div>
   <div class='ocr_carea' id='block_1_3' title="bbox 211 526 2632 884">
    <p class='ocr_par' dir='ltr' id='par_1_3' title="bbox 211 526 2632 884">
     <span class='ocr_line' id='line_1_3' title="bbox 217 526 2630 638; baseline 0.002 -31"><span class='ocrx_word' id='word_1_12' title='bbox 217 530 339 606; x_wconf 75' lang='grc' dir='ltr'>καὶ</span> <span class='ocrx_word' id='word_1_13' title='bbox 394 526 512 608; x_wconf 83' lang='grc' dir='ltr'>διά</span> <span class='ocrx_word' id='word_1_14' title='bbox 565 532 781 610; x_wconf 88' lang='grc' dir='ltr'>ποίαν</span> <span class='ocrx_word' id='word_1_15' title='bbox 830 532 1063 612; x_wconf 79' lang='grc' dir='ltr'><em>αἰτίαν</em></span> <span class='ocrx_word' id='word_1_16' title='bbox 1110 533 1150 611; x_wconf 85' lang='grc' dir='ltr'>ὁ</span> <span class='ocrx_word' id='word_1_17' title='bbox 1205 531 1554 638; x_wconf 79' lang='grc' dir='ltr'>μακάριος</span> <span class='ocrx_word' id='word_1_18' title='bbox 1612 531 2164 634; x_wconf 79' lang='grc' dir='ltr'>Εὖαγγελιστὴς</span> <span class='ocrx_word' id='word_1_19' title='bbox 2222 532 2351 612; x_wconf 80' lang='grc' dir='ltr'>οὐκ</span> <span class='ocrx_word' id='word_1_20' title='bbox 2406 534 2630 633; x_wconf 85' lang='grc' dir='ltr'>ε’γνω-</span> 
     </span>
     <span class='ocr_line' id='line_1_4' title="bbox 216 648 2632 760; baseline 0.002 -31"><span class='ocrx_word' id='word_1_21' title='bbox 216 648 412 730; x_wconf 80' lang='grc' dir='ltr'>κέναι</span> <span class='ocrx_word' id='word_1_22' title='bbox 463 656 698 759; x_wconf 78' lang='grc' dir='ltr'>φησὶν</span> <span class='ocrx_word' id='word_1_23' title='bbox 733 655 1119 739; x_wconf 81' lang='grc' dir='ltr'>Ἰουδαίους</span> <span class='ocrx_word' id='word_1_24' title='bbox 1172 656 1282 736; x_wconf 80' lang='grc' dir='ltr'>ὅτι</span> <span class='ocrx_word' id='word_1_25' title='bbox 1332 655 1459 736; x_wconf 80' lang='grc' dir='ltr'>τὸν</span> <span class='ocrx_word' id='word_1_26' title='bbox 1498 655 1691 737; x_wconf 79' lang='grc' dir='ltr'>Θεὸν</span> <span class='ocrx_word' id='word_1_27' title='bbox 1737 659 1974 741; x_wconf 82' lang='grc' dir='ltr'>αὐτοῖς</span> <span class='ocrx_word' id='word_1_28' title='bbox 2025 658 2141 736; x_wconf 80' lang='grc' dir='ltr'>καὶ</span> <span class='ocrx_word' id='word_1_29' title='bbox 2186 654 2464 760; x_wconf 69' lang='grc' dir='ltr'>Πατέρα</span> <span class='ocrx_word' id='word_1_30' title='bbox 2513 653 2632 735; x_wconf 78' lang='grc' dir='ltr'>διὰ</span> 
     </span>
     <span class='ocr_line' id='line_1_5' title="bbox 211 774 2627 884; baseline 0.001 -30"><span class='ocrx_word' id='word_1_31' title='bbox 211 775 493 856; x_wconf 89' lang='grc' dir='ltr'>τούτων</span> <span class='ocrx_word' id='word_1_32' title='bbox 537 774 895 877; x_wconf 80' lang='grc' dir='ltr'>ἐσήμανεν</span> <span class='ocrx_word' id='word_1_33' title='bbox 950 780 991 858; x_wconf 82' lang='grc' dir='ltr'><strong>ὁ</strong></span> <span class='ocrx_word' id='word_1_34' title='bbox 1047 778 1394 884; x_wconf 81' lang='grc' dir='ltr'>Χριστὸς,</span> <span class='ocrx_word' id='word_1_35' title='bbox 1430 782 1821 881; x_wconf 83' lang='grc' dir='ltr'>ἀναγκαῖον</span> <span class='ocrx_word' id='word_1_36' title='bbox 1871 783 2115 862; x_wconf 77' lang='grc' dir='ltr'>εἰπεῖν.</span> <span class='ocrx_word' id='word_1_37' title='bbox 2189 777 2426 878; x_wconf 84' lang='grc' dir='ltr'>ἐπειδὴ</span> <span class='ocrx_word' id='word_1_38' title='bbox 2482 777 2627 880; x_wconf 81' lang='grc' dir='ltr'>γὰρ</span> 
     </span>
    </p>
   </div>
   <div class='ocr_carea' id='block_1_4' title="bbox 214 897 2687 1008">
    <p class='ocr_par' dir='ltr' id='par_1_4' title="bbox 214 897 2687 1008">
     <span class='ocr_line' id='line_1_6' title="bbox 214 897 2687 1008; baseline 0 -29"><span class='ocrx_word' id='word_1_39' title='bbox 214 897 362 1003; x_wconf 76' lang='grc' dir='ltr'>ἔφη</span> <span class='ocrx_word' id='word_1_40' title='bbox 412 898 597 1002; x_wconf 74' lang='grc' dir='ltr'>πρὸς</span> <span class='ocrx_word' id='word_1_41' title='bbox 643 899 899 986; x_wconf 76' lang='grc' dir='ltr'>αὐτοὺς</span> <span class='ocrx_word' id='word_1_42' title='bbox 950 904 992 983; x_wconf 82' lang='grc' dir='ltr'><em>ὃ</em></span> <span class='ocrx_word' id='word_1_43' title='bbox 1030 900 1289 1008; x_wconf 85' lang='grc' dir='ltr'>Σωτήρ</span> <span class='ocrx_word' id='word_1_44' title='bbox 1327 912 1372 951; x_wconf 87' lang='grc'><strong>“</strong></span> <span class='ocrx_word' id='word_1_45' title='bbox 1400 909 1494 983; x_wconf 79' lang='grc' dir='ltr'>Εἰ</span> <span class='ocrx_word' id='word_1_46' title='bbox 1543 902 1665 1003; x_wconf 76' lang='grc' dir='ltr'>ἐμὲ</span> <span class='ocrx_word' id='word_1_47' title='bbox 1715 901 1960 1008; x_wconf 82' lang='grc' dir='ltr'>ᾔδειτε,</span> <span class='ocrx_word' id='word_1_48' title='bbox 2002 905 2119 983; x_wconf 80' lang='grc' dir='ltr'>καὶ</span> <span class='ocrx_word' id='word_1_49' title='bbox 2166 901 2294 983; x_wconf 78' lang='grc' dir='ltr'>τὸν</span> <span class='ocrx_word' id='word_1_50' title='bbox 2333 901 2630 1006; x_wconf 84' lang='grc' dir='ltr'>Πατέρα</span> <span class='ocrx_word' id='word_1_51' title='bbox 2650 928 2687 971; x_wconf 77' lang='lat'><strong>0</strong></span> 
     </span>
    </p>
   </div>
   <div class='ocr_carea' id='block_1_5' title="bbox 87 1021 2629 1995">
    <p class='ocr_par' dir='ltr' id='par_1_5' title="bbox 137 1021 2629 1624">
     <span class='ocr_line' id='line_1_7' title="bbox 137 1021 2622 1135; baseline 0 -32"><span class='ocrx_word' id='word_1_52' title='bbox 137 1042 182 1103; x_wconf 82' lang='lat'><strong>5</strong></span> <span class='ocrx_word' id='word_1_53' title='bbox 215 1030 261 1068; x_wconf 79' lang='lat'>‘⁶</span> <span class='ocrx_word' id='word_1_54' title='bbox 296 1056 441 1121; x_wconf 89' lang='grc' dir='ltr'>μου</span> <span class='ocrx_word' id='word_1_55' title='bbox 490 1021 579 1102; x_wconf 82' lang='grc' dir='ltr'>ἂν</span> <span class='ocrx_word' id='word_1_56' title='bbox 612 1021 905 1129; x_wconf 82' lang='grc' dir='ltr'>ᾔδειτε,”</span> <span class='ocrx_word' id='word_1_57' title='bbox 944 1026 1063 1106; x_wconf 84' lang='grc' dir='ltr'>ἵνα</span> <span class='ocrx_word' id='word_1_58' title='bbox 1115 1028 1251 1107; x_wconf 85' lang='grc' dir='ltr'>κάν</span> <span class='ocrx_word' id='word_1_59' title='bbox 1299 1024 1531 1135; x_wconf 76' lang='grc' dir='ltr'>τούτῳ</span> <span class='ocrx_word' id='word_1_60' title='bbox 1578 1025 1808 1108; x_wconf 82' lang='grc' dir='ltr'>πάλιν</span> <span class='ocrx_word' id='word_1_61' title='bbox 1854 1029 2096 1126; x_wconf 85' lang='grc' dir='ltr'>ἀληθῆ</span> <span class='ocrx_word' id='word_1_62' title='bbox 2146 1025 2384 1128; x_wconf 87' lang='grc' dir='ltr'>λέγων</span> <span class='ocrx_word' id='word_1_63' title='bbox 2430 1025 2622 1128; x_wconf 81' lang='grc' dir='ltr'>εὑρί-</span> 
     </span>
     <span class='ocr_line' id='line_1_8' title="bbox 208 1144 2629 1256; baseline 0.001 -32"><span class='ocrx_word' id='word_1_64' title='bbox 208 1179 505 1245; x_wconf 87' lang='grc' dir='ltr'>σκηται,</span> <span class='ocrx_word' id='word_1_65' title='bbox 539 1144 706 1232; x_wconf 74' lang='grc' dir='ltr'>τοὺς</span> <span class='ocrx_word' id='word_1_66' title='bbox 739 1147 1246 1248; x_wconf 87' lang='grc' dir='ltr'>ἀγνοήσαντας</span> <span class='ocrx_word' id='word_1_67' title='bbox 1282 1148 1410 1229; x_wconf 82' lang='grc' dir='ltr'>τὸν</span> <span class='ocrx_word' id='word_1_68' title='bbox 1445 1147 1649 1248; x_wconf 78' lang='grc' dir='ltr'>Υὶόν,</span> <span class='ocrx_word' id='word_1_69' title='bbox 1685 1153 2123 1253; x_wconf 86' lang='grc' dir='ltr'>ἀγνοοῦντας</span> <span class='ocrx_word' id='word_1_70' title='bbox 2157 1147 2473 1256; x_wconf 75' lang='grc' dir='ltr'>εἰσφέρει</span> <span class='ocrx_word' id='word_1_71' title='bbox 2509 1150 2629 1227; x_wconf 84' lang='grc' dir='ltr'>καὶ</span> 
     </span>
     <span class='ocr_line' id='line_1_9' title="bbox 207 1267 2625 1376; baseline 0.001 -29"><span class='ocrx_word' id='word_1_72' title='bbox 207 1267 343 1348; x_wconf 76' lang='grc' dir='ltr'>τὸν</span> <span class='ocrx_word' id='word_1_73' title='bbox 382 1271 700 1373; x_wconf 81' lang='grc' dir='ltr'>Πατέρα.</span> <span class='ocrx_word' id='word_1_74' title='bbox 778 1271 963 1376; x_wconf 90' lang='grc' dir='ltr'>θύρα</span> <span class='ocrx_word' id='word_1_75' title='bbox 998 1269 1141 1375; x_wconf 80' lang='grc' dir='ltr'>γὰρ</span> <span class='ocrx_word' id='word_1_76' title='bbox 1177 1268 1431 1375; x_wconf 74' lang='grc' dir='ltr'>ὥσπερ</span> <span class='ocrx_word' id='word_1_77' title='bbox 1468 1276 1585 1353; x_wconf 80' lang='grc' dir='ltr'>καὶ</span> <span class='ocrx_word' id='word_1_78' title='bbox 1619 1272 1822 1374; x_wconf 87' lang='grc' dir='ltr'>πύλη</span> <span class='ocrx_word' id='word_1_79' title='bbox 1858 1308 1967 1359; x_wconf 90' lang='grc' dir='ltr'>τις</span> <span class='ocrx_word' id='word_1_80' title='bbox 2003 1274 2163 1353; x_wconf 84' lang='grc' dir='ltr'>ἐστὶ</span> <span class='ocrx_word' id='word_1_81' title='bbox 2198 1275 2326 1371; x_wconf 83' lang='grc' dir='ltr'>τῆς</span> <span class='ocrx_word' id='word_1_82' title='bbox 2362 1305 2460 1356; x_wconf 89' lang='grc' dir='ltr'>εις</span> <span class='ocrx_word' id='word_1_83' title='bbox 2497 1268 2625 1350; x_wconf 81' lang='grc' dir='ltr'>τὸν</span> 
     </span>
     <span class='ocr_line' id='line_1_10' title="bbox 209 1391 2625 1498; baseline 0.002 -27"><span class='ocrx_word' id='word_1_84' title='bbox 209 1391 513 1496; x_wconf 77' lang='grc' dir='ltr'>Πατέρα</span> <span class='ocrx_word' id='word_1_85' title='bbox 567 1393 910 1495; x_wconf 77' lang='grc' dir='ltr'>γνώσεως</span> <span class='ocrx_word' id='word_1_86' title='bbox 965 1397 1006 1475; x_wconf 83' lang='grc' dir='ltr'><strong>ὁ</strong></span> <span class='ocrx_word' id='word_1_87' title='bbox 1064 1392 1267 1480; x_wconf 79' lang='grc' dir='ltr'>Υἱός·</span> <span class='ocrx_word' id='word_1_88' title='bbox 1375 1393 1493 1475; x_wconf 82' lang='grc' dir='ltr'>διὰ</span> <span class='ocrx_word' id='word_1_89' title='bbox 1545 1404 1760 1477; x_wconf 88' lang='grc' dir='ltr'>τοῦτο</span> <span class='ocrx_word' id='word_1_90' title='bbox 1814 1399 1932 1477; x_wconf 79' lang='grc' dir='ltr'>καὶ</span> <span class='ocrx_word' id='word_1_91' title='bbox 1991 1394 2242 1498; x_wconf 71' lang='grc' dir='ltr'>ἔλεγεν</span> <span class='ocrx_word' id='word_1_92' title='bbox 2292 1405 2336 1442; x_wconf 84' lang='grc'><strong>“</strong></span> <span class='ocrx_word' id='word_1_93' title='bbox 2366 1396 2625 1478; x_wconf 78' lang='grc' dir='ltr'>Οὐδεὶς</span> 
     </span>
     <span class='ocr_line' id='line_1_11' title="bbox 206 1514 2629 1624; baseline 0.001 -30"><span class='ocrx_word' id='word_1_94' title='bbox 206 1523 255 1563; x_wconf 87' lang='lat'>“</span> <span class='ocrx_word' id='word_1_95' title='bbox 293 1514 576 1621; x_wconf 82' lang='grc' dir='ltr'>ἔρχεται</span> <span class='ocrx_word' id='word_1_96' title='bbox 628 1515 813 1620; x_wconf 75' lang='grc' dir='ltr'>πρὸς</span> <span class='ocrx_word' id='word_1_97' title='bbox 867 1516 994 1597; x_wconf 82' lang='grc' dir='ltr'>τὸν</span> <span class='ocrx_word' id='word_1_98' title='bbox 1042 1518 1340 1624; x_wconf 84' lang='grc' dir='ltr'>Πατέρα</span> <span class='ocrx_word' id='word_1_99' title='bbox 1400 1525 1461 1600; x_wconf 77' lang='grc' dir='ltr'>εἰ</span> <span class='ocrx_word' id='word_1_100' title='bbox 1519 1518 1623 1621; x_wconf 87' lang='grc' dir='ltr'>μὴ</span> <span class='ocrx_word' id='word_1_101' title='bbox 1688 1522 1771 1601; x_wconf 85' lang='grc' dir='ltr'>δι’</span> <span class='ocrx_word' id='word_1_102' title='bbox 1832 1520 2072 1619; x_wconf 84' lang='grc' dir='ltr'>ἐμοῦ.”</span> <span class='ocrx_word' id='word_1_103' title='bbox 2170 1523 2268 1604; x_wconf 83' lang='grc' dir='ltr'>ὡς</span> <span class='ocrx_word' id='word_1_104' title='bbox 2332 1516 2477 1622; x_wconf 80' lang='grc' dir='ltr'>γὰρ</span> <span class='ocrx_word' id='word_1_105' title='bbox 2538 1516 2629 1624; x_wconf 82' lang='grc' dir='ltr'>ἐξ</span> 
     </span>
    </p>

    <p class='ocr_par' dir='ltr' id='par_1_6' title="bbox 87 1638 2622 1995">
     <span class='ocr_line' id='line_1_12' title="bbox 87 1638 2618 1750; baseline 0 -30"><span class='ocrx_word' id='word_1_106' title='bbox 87 1668 176 1711; x_wconf 85' lang='lat'>10</span> <span class='ocrx_word' id='word_1_107' title='bbox 205 1638 481 1725; x_wconf 75' lang='grc' dir='ltr'>εἰκόνος</span> <span class='ocrx_word' id='word_1_108' title='bbox 525 1644 641 1722; x_wconf 78' lang='grc' dir='ltr'>ἐπὶ</span> <span class='ocrx_word' id='word_1_109' title='bbox 687 1639 772 1722; x_wconf 81' lang='grc' dir='ltr'>τὸ</span> <span class='ocrx_word' id='word_1_110' title='bbox 824 1643 1231 1749; x_wconf 85' lang='grc' dir='ltr'>ἀρχέτυπον</span> <span class='ocrx_word' id='word_1_111' title='bbox 1268 1644 1683 1750; x_wconf 81' lang='grc' dir='ltr'>ἀνατρέχων</span> <span class='ocrx_word' id='word_1_112' title='bbox 1720 1646 1761 1725; x_wconf 83' lang='grc' dir='ltr'><em>ὃ</em></span> <span class='ocrx_word' id='word_1_113' title='bbox 1809 1652 1973 1729; x_wconf 86' lang='grc' dir='ltr'>νοῦς</span> <span class='ocrx_word' id='word_1_114' title='bbox 2029 1644 2107 1724; x_wconf 84' lang='grc' dir='ltr'>ἐκ</span> <span class='ocrx_word' id='word_1_115' title='bbox 2158 1652 2286 1725; x_wconf 83' lang='grc' dir='ltr'>τοῦ</span> <span class='ocrx_word' id='word_1_116' title='bbox 2332 1675 2618 1745; x_wconf 77' lang='grc' dir='ltr'>παρεμ-</span> 
     </span>
     <span class='ocr_line' id='line_1_13' title="bbox 200 1763 2622 1873; baseline 0.001 -30"><span class='ocrx_word' id='word_1_117' title='bbox 200 1763 600 1848; x_wconf 76' lang='grc' dir='ltr'>πίπτοντος</span> <span class='ocrx_word' id='word_1_118' title='bbox 661 1767 882 1846; x_wconf 81' lang='grc' dir='ltr'>ἐκεῖνο</span> <span class='ocrx_word' id='word_1_119' title='bbox 942 1764 1397 1873; x_wconf 77' lang='grc' dir='ltr'>φαντάζεται.</span> <span class='ocrx_word' id='word_1_120' title='bbox 1493 1766 1584 1869; x_wconf 84' lang='grc' dir='ltr'>ἦν</span> <span class='ocrx_word' id='word_1_121' title='bbox 1642 1769 1770 1849; x_wconf 79' lang='grc' dir='ltr'>οὖν</span> <span class='ocrx_word' id='word_1_122' title='bbox 1830 1770 2220 1871; x_wconf 82' lang='grc' dir='ltr'>ἀναγκαῖον</span> <span class='ocrx_word' id='word_1_123' title='bbox 2277 1765 2622 1872; x_wconf 52' lang='grc' dir='ltr'>ἐπιδεῷι</span> 
     </span>
     <span class='ocr_line' id='line_1_14' title="bbox 201 1884 2622 1995; baseline 0.002 -29"><span class='ocrx_word' id='word_1_124' title='bbox 201 1884 377 1971; x_wconf 77' lang='grc' dir='ltr'>τοὺς</span> <span class='ocrx_word' id='word_1_125' title='bbox 424 1888 810 1973; x_wconf 84' lang='grc' dir='ltr'>Ἰουδαίους</span> <span class='ocrx_word' id='word_1_126' title='bbox 859 1886 1066 1970; x_wconf 77' lang='grc' dir='ltr'>οὐδὲν</span> <span class='ocrx_word' id='word_1_127' title='bbox 1114 1893 1531 1977; x_wconf 83' lang='grc' dir='ltr'>ἐννοοῦντας</span> <span class='ocrx_word' id='word_1_128' title='bbox 1577 1896 1743 1995; x_wconf 84' lang='grc' dir='ltr'>περὶ</span> <span class='ocrx_word' id='word_1_129' title='bbox 1797 1890 2114 1994; x_wconf 80' lang='grc' dir='ltr'>Πατρὸς,</span> <span class='ocrx_word' id='word_1_130' title='bbox 2151 1890 2440 1993; x_wconf 84' lang='grc' dir='ltr'>ἐπείπερ</span> <span class='ocrx_word' id='word_1_131' title='bbox 2490 1892 2622 1970; x_wconf 82' lang='grc' dir='ltr'>οὐκ</span> 
     </span>
    </p>
   </div>
   <div class='ocr_carea' id='block_1_6' title="bbox 202 2010 2690 2116">
    <p class='ocr_par' dir='ltr' id='par_1_7' title="bbox 202 2010 2690 2116">
     <span class='ocr_line' id='line_1_15' title="bbox 202 2010 2690 2116; baseline 0.004 -27"><span class='ocrx_word' id='word_1_132' title='bbox 202 2010 586 2111; x_wconf 77' lang='grc' dir='ltr'>ἠθέλησαν</span> <span class='ocrx_word' id='word_1_133' title='bbox 628 2011 1024 2114; x_wconf 76' lang='grc' dir='ltr'>ἀναγώγως</span> <span class='ocrx_word' id='word_1_134' title='bbox 1075 2011 1221 2094; x_wconf 80' lang='grc' dir='ltr'>ἀπὸ</span> <span class='ocrx_word' id='word_1_135' title='bbox 1271 2018 1399 2115; x_wconf 81' lang='grc' dir='ltr'>τῆς</span> <span class='ocrx_word' id='word_1_136' title='bbox 1447 2015 1790 2116; x_wconf 78' lang='grc' dir='ltr'>γνώσεως</span> <span class='ocrx_word' id='word_1_137' title='bbox 1841 2019 1971 2116; x_wconf 84' lang='grc' dir='ltr'>τῆς</span> <span class='ocrx_word' id='word_1_138' title='bbox 2024 2023 2155 2095; x_wconf 84' lang='grc' dir='ltr'>τοῦ</span> <span class='ocrx_word' id='word_1_139' title='bbox 2202 2019 2384 2094; x_wconf 81' lang='grc' dir='ltr'>Υἱοῦ</span> <span class='ocrx_word' id='word_1_140' title='bbox 2435 2011 2618 2116; x_wconf 80' lang='grc' dir='ltr'>πρὸς</span> <span class='ocrx_word' id='word_1_141' title='bbox 2643 2031 2690 2097; x_wconf 88' lang='lat' dir='ltr'>d</span> 
     </span>
    </p>
   </div>
   <div class='ocr_carea' id='block_1_7' title="bbox 84 2131 2618 2617">
    <p class='ocr_par' dir='ltr' id='par_1_8' title="bbox 202 2131 2618 2245">
     <span class='ocr_line' id='line_1_16' title="bbox 202 2131 2618 2245; baseline 0.001 -32"><span class='ocrx_word' id='word_1_142' title='bbox 202 2131 342 2234; x_wconf 83' lang='grc' dir='ltr'>τὴν</span> <span class='ocrx_word' id='word_1_143' title='bbox 376 2137 642 2216; x_wconf 83' lang='grc' dir='ltr'>ἐκείνου</span> <span class='ocrx_word' id='word_1_144' title='bbox 678 2143 1278 2241; x_wconf 85' lang='grc' dir='ltr'>χειραγωγεῖσθαι</span> <span class='ocrx_word' id='word_1_145' title='bbox 1326 2135 1775 2245; x_wconf 70' lang='grc' dir='ltr'>κατάληψιν.</span> <span class='ocrx_word' id='word_1_146' title='bbox 1850 2137 1966 2219; x_wconf 81' lang='grc' dir='ltr'>διὰ</span> <span class='ocrx_word' id='word_1_147' title='bbox 2002 2145 2216 2218; x_wconf 84' lang='grc' dir='ltr'>τοῦτο</span> <span class='ocrx_word' id='word_1_148' title='bbox 2253 2144 2538 2241; x_wconf 83' lang='grc' dir='ltr'>γοργῶς</span> <span class='ocrx_word' id='word_1_149' title='bbox 2576 2138 2618 2215; x_wconf 83' lang='grc' dir='ltr'><strong><em>ὁ</em></strong></span> 
     </span>
    </p>

    <p class='ocr_par' dir='ltr' id='par_1_9' title="bbox 84 2257 2617 2617">
     <span class='ocr_line' id='line_1_17' title="bbox 84 2257 2617 2365; baseline 0.002 -28"><span class='ocrx_word' id='word_1_150' title='bbox 84 2268 170 2330; x_wconf 81' lang='lat'>¹5</span> <span class='ocrx_word' id='word_1_151' title='bbox 206 2257 768 2361; x_wconf 80' lang='grc' dir='ltr'>Εὖαγγελιστὴς</span> <span class='ocrx_word' id='word_1_152' title='bbox 830 2261 1216 2365; x_wconf 82' lang='grc' dir='ltr'>μονονουχὶ</span> <span class='ocrx_word' id='word_1_153' title='bbox 1282 2264 1400 2341; x_wconf 80' lang='grc' dir='ltr'>καὶ</span> <span class='ocrx_word' id='word_1_154' title='bbox 1464 2260 2034 2362; x_wconf 84' lang='grc' dir='ltr'>ἐπισημαίνεται,</span> <span class='ocrx_word' id='word_1_155' title='bbox 2098 2260 2209 2341; x_wconf 79' lang='grc' dir='ltr'>ὅτι</span> <span class='ocrx_word' id='word_1_156' title='bbox 2273 2260 2617 2363; x_wconf 85' lang='grc' dir='ltr'>λέγοντος</span> 
     </span>
     <span class='ocr_line' id='line_1_18' title="bbox 200 2380 2614 2490; baseline 0.002 -30"><span class='ocrx_word' id='word_1_157' title='bbox 200 2387 335 2461; x_wconf 86' lang='grc' dir='ltr'>τοῦ</span> <span class='ocrx_word' id='word_1_158' title='bbox 386 2387 720 2486; x_wconf 85' lang='grc' dir='ltr'>Χριστοῦ</span> <span class='ocrx_word' id='word_1_159' title='bbox 749 2384 848 2462; x_wconf 88' lang='grc' dir='ltr'>Ὁ</span> <span class='ocrx_word' id='word_1_160' title='bbox 891 2380 1195 2490; x_wconf 79' lang='grc' dir='ltr'>πέμψάς</span> <span class='ocrx_word' id='word_1_161' title='bbox 1248 2417 1337 2484; x_wconf 86' lang='grc' dir='ltr'>με</span> <span class='ocrx_word' id='word_1_162' title='bbox 1393 2382 1674 2485; x_wconf 85' lang='grc' dir='ltr'>ἀληθής</span> <span class='ocrx_word' id='word_1_163' title='bbox 1731 2386 1953 2483; x_wconf 84' lang='grc' dir='ltr'>ἐστιν,</span> <span class='ocrx_word' id='word_1_164' title='bbox 2003 2390 2118 2466; x_wconf 81' lang='grc' dir='ltr'>οὐκ</span> <span class='ocrx_word' id='word_1_165' title='bbox 2176 2384 2474 2487; x_wconf 75' lang='grc' dir='ltr'>ἔγνωσαν</span> <span class='ocrx_word' id='word_1_166' title='bbox 2517 2383 2614 2464; x_wconf 73' lang='grc' dir='ltr'>’ὅτι</span> 
     </span>
     <span class='ocr_line' id='line_1_19' title="bbox 202 2503 1190 2617; baseline 0.002 -31"><span class='ocrx_word' id='word_1_167' title='bbox 202 2503 313 2588; x_wconf 68' lang='grc' dir='ltr'>τὶν</span> <span class='ocrx_word' id='word_1_168' title='bbox 353 2505 636 2617; x_wconf 66' lang='grc' dir='ltr'>Πατέρα</span> <span class='ocrx_word' id='word_1_169' title='bbox 671 2509 899 2595; x_wconf 64' lang='grc' dir='ltr'>αὐτοῖς</span> <span class='ocrx_word' id='word_1_170' title='bbox 939 2506 1190 2612; x_wconf 71' lang='grc' dir='ltr'>ἔλεγεν.</span> 
     </span>
    </p>
   </div>
   <div class='ocr_carea' id='block_1_8' title="bbox 2714 890 2920 1024">
    <p class='ocr_par' dir='ltr' id='par_1_10' title="bbox 2714 890 2920 1024">
     <span class='ocr_line' id='line_1_20' title="bbox 2715 890 2882 957; baseline 0.012 -1"><span class='ocrx_word' id='word_1_171' title='bbox 2715 890 2882 957; x_wconf 68' lang='lat' dir='ltr'>Sum-⁸</span> 
     </span>
     <span class='ocr_line' id='line_1_21' title="bbox 2714 970 2920 1024; baseline 0 -17"><span class='ocrx_word' id='word_1_172' title='bbox 2714 973 2819 1010; x_wconf 78' lang='lat' dir='ltr'><strong>ver.</strong></span> <span class='ocrx_word' id='word_1_173' title='bbox 2840 970 2920 1024; x_wconf 86' lang='lat'>19.</span> 
     </span>
    </p>
   </div>
   <div class='ocr_carea' id='block_1_9' title="bbox 2712 1397 2893 1515">
    <p class='ocr_par' dir='ltr' id='par_1_11' title="bbox 2712 1397 2874 1513">
     <span class='ocr_line' id='line_1_22' title="bbox 2713 1397 2858 1447; baseline 0.014 -1"><span class='ocrx_word' id='word_1_174' title='bbox 2713 1397 2858 1447; x_wconf 70' lang='lat' dir='ltr'><strong>Infra</strong></span> 
     </span>
     <span class='ocr_line' id='line_1_23' title="bbox 2712 1462 2893 1515; baseline -0.006 -2"><span class='ocrx_word' id='word_1_175' title='bbox 2712 1463 2818 1515; x_wconf 78' lang='lat' dir='ltr'><strong>xiv.</strong></span> <span class='ocrx_word' id='word_1_176' title='bbox 2841 1462 2893 1514; x_wconf 92' lang='lat'>6.</span> 
     </span>
    </p>
   </div>
   <div class='ocr_carea' id='block_1_10' title="bbox 267 2752 2718 2849">
    <p class='ocr_par' dir='ltr' id='par_1_12' title="bbox 267 2752 2718 2849">
     <span class='ocr_line' id='line_1_24' title="bbox 267 2752 2718 2849; baseline 0.001 -28"><span class='ocrx_word' id='word_1_177' title='bbox 267 2754 481 2822; x_wconf 82' lang='grc' dir='ltr'>Ὅταν</span> <span class='ocrx_word' id='word_1_178' title='bbox 534 2754 845 2836; x_wconf 67' lang='grc' dir='ltr'>ὑψώσητε</span> <span class='ocrx_word' id='word_1_179' title='bbox 897 2757 1013 2824; x_wconf 83' lang='grc' dir='ltr'>τὸν</span> <span class='ocrx_word' id='word_1_180' title='bbox 1068 2754 1207 2824; x_wconf 80' lang='grc' dir='ltr'>υἱὸν</span> <span class='ocrx_word' id='word_1_181' title='bbox 1259 2761 1375 2825; x_wconf 81' lang='grc' dir='ltr'>τοῦ</span> <span class='ocrx_word' id='word_1_182' title='bbox 1426 2756 1801 2849; x_wconf 81' lang='grc' dir='ltr'>ἀνθρώπου,</span> <span class='ocrx_word' id='word_1_183' title='bbox 1854 2759 2006 2826; x_wconf 84' lang='grc' dir='ltr'>τότε</span> <span class='ocrx_word' id='word_1_184' title='bbox 2060 2756 2387 2834; x_wconf 75' lang='grc' dir='ltr'>Γνώσεσθε</span> <span class='ocrx_word' id='word_1_185' title='bbox 2441 2759 2541 2826; x_wconf 85' lang='grc' dir='ltr'>ὅτι</span> <span class='ocrx_word' id='word_1_186' title='bbox 2643 2752 2718 2809; x_wconf 80' lang='lat'>28</span> 
     </span>
    </p>
   </div>
   <div class='ocr_carea' id='block_1_11' title="bbox 1236 2880 1575 2961">
    <p class='ocr_par' dir='ltr' id='par_1_13' title="bbox 1236 2880 1575 2961">
     <span class='ocr_line' id='line_1_25' title="bbox 1236 2880 1575 2961; baseline 0 -12"><span class='ocrx_word' id='word_1_187' title='bbox 1236 2881 1371 2960; x_wconf 76' lang='grc' dir='ltr'>ὲΓώ</span> <span class='ocrx_word' id='word_1_188' title='bbox 1423 2880 1575 2961; x_wconf 84' lang='grc' dir='ltr'>εἰμι.</span> 
     </span>
    </p>
   </div>
   <div class='ocr_carea' id='block_1_12' title="bbox 86 3042 2616 3325">
    <p class='ocr_par' dir='ltr' id='par_1_14' title="bbox 86 3042 2616 3276">
     <span class='ocr_line' id='line_1_26' title="bbox 86 3042 2616 3152; baseline 0.002 -26"><span class='ocrx_word' id='word_1_189' title='bbox 86 3073 175 3116; x_wconf 80' lang='lat'>²0</span> <span class='ocrx_word' id='word_1_190' title='bbox 317 3042 509 3130; x_wconf 77' lang='grc' dir='ltr'>Τοὺς</span> <span class='ocrx_word' id='word_1_191' title='bbox 563 3052 709 3127; x_wconf 84' lang='grc' dir='ltr'>τῶν</span> <span class='ocrx_word' id='word_1_192' title='bbox 766 3050 1031 3149; x_wconf 80' lang='grc' dir='ltr'>ἶατρῶν</span> <span class='ocrx_word' id='word_1_193' title='bbox 1079 3046 1421 3152; x_wconf 79' lang='grc' dir='ltr'>ἀρίστους</span> <span class='ocrx_word' id='word_1_194' title='bbox 1477 3045 2076 3146; x_wconf 81' lang='grc' dir='ltr'>ἀπομιμούμενος,</span> <span class='ocrx_word' id='word_1_195' title='bbox 2130 3049 2259 3146; x_wconf 82' lang='grc' dir='ltr'>τῆς</span> <span class='ocrx_word' id='word_1_196' title='bbox 2313 3045 2616 3141; x_wconf 75' lang='grc' dir='ltr'>ἐνούσης</span> 
     </span>
     <span class='ocr_line' id='line_1_27' title="bbox 200 3167 2608 3325; baseline 0.001 -78"><span class='ocrx_word' id='word_1_197' title='bbox 200 3167 443 3253; x_wconf 79' lang='grc' dir='ltr'>αὐτοῖς</span> <span class='ocrx_word' id='word_1_198' title='bbox 506 3169 691 3249; x_wconf 83' lang='grc' dir='ltr'>κατὰ</span> <span class='ocrx_word' id='word_1_199' title='bbox 753 3168 1009 3276; x_wconf 81' lang='grc' dir='ltr'>ψυχὴν</span> <span class='ocrx_word' id='word_1_200' title='bbox 1062 3172 1471 3275; x_wconf 85' lang='grc' dir='ltr'>ἀῤῥωστίας</span> <span class='ocrx_word' id='word_1_201' title='bbox 1535 3174 1949 3274; x_wconf 88' lang='grc' dir='ltr'>ἀπογυμνοῖ</span> <span class='ocrx_word' id='word_1_202' title='bbox 2004 3170 2136 3271; x_wconf 90' lang='grc' dir='ltr'>τὴν</span> <span class='ocrx_word' id='word_1_203' title='bbox 2198 3169 2608 3325; x_wconf 83' lang='grc' dir='ltr'>πρόφασιν,</span> 
     </span>
    </p>
   </div>
   <div class='ocr_carea' id='block_1_13' title="bbox 200 3291 2673 3403">
    <p class='ocr_par' dir='ltr' id='par_1_15' title="bbox 200 3291 2673 3403">
     <span class='ocr_line' id='line_1_28' title="bbox 200 3291 2673 3403; baseline 0 -32"><span class='ocrx_word' id='word_1_204' title='bbox 200 3296 321 3371; x_wconf 80' lang='grc' dir='ltr'>καὶ</span> <span class='ocrx_word' id='word_1_205' title='bbox 375 3326 462 3373; x_wconf 92' lang='grc' dir='ltr'>το</span> <span class='ocrx_word' id='word_1_206' title='bbox 518 3291 918 3374; x_wconf 87' lang='grc' dir='ltr'>διακωλύον</span> <span class='ocrx_word' id='word_1_207' title='bbox 968 3292 1223 3378; x_wconf 83' lang='grc' dir='ltr'>αὐτους</span> <span class='ocrx_word' id='word_1_208' title='bbox 1277 3300 1375 3379; x_wconf 82' lang='grc' dir='ltr'>εἷς</span> <span class='ocrx_word' id='word_1_209' title='bbox 1429 3292 1565 3395; x_wconf 86' lang='grc' dir='ltr'>τὴν</span> <span class='ocrx_word' id='word_1_210' title='bbox 1616 3296 1724 3376; x_wconf 81' lang='grc' dir='ltr'>ἐπ’</span> <span class='ocrx_word' id='word_1_211' title='bbox 1765 3297 1959 3403; x_wconf 73' lang='grc' dir='ltr'>αὐτῷ</span> <span class='ocrx_word' id='word_1_212' title='bbox 2011 3294 2313 3375; x_wconf 89' lang='grc' dir='ltr'>σύνεσίν</span> <span class='ocrx_word' id='word_1_213' title='bbox 2359 3329 2437 3375; x_wconf 89' lang='grc' dir='ltr'>τε</span> <span class='ocrx_word' id='word_1_214' title='bbox 2493 3297 2611 3376; x_wconf 82' lang='grc' dir='ltr'>καὶ</span> <span class='ocrx_word' id='word_1_215' title='bbox 2636 3329 2673 3372; x_wconf 83' lang='lat' dir='ltr'><strong>e</strong></span> 
     </span>
    </p>
   </div>
   <div class='ocr_carea' id='block_1_14' title="bbox 89 3415 2611 4142">
    <p class='ocr_par' dir='ltr' id='par_1_16' title="bbox 89 3415 2611 4142">
     <span class='ocr_line' id='line_1_29' title="bbox 197 3415 2611 3524; baseline 0.002 -29"><span class='ocrx_word' id='word_1_216' title='bbox 197 3415 456 3496; x_wconf 81' lang='grc' dir='ltr'>πίστιν</span> <span class='ocrx_word' id='word_1_217' title='bbox 489 3416 662 3496; x_wconf 76' lang='grc' dir='ltr'>ἱέναι</span> <span class='ocrx_word' id='word_1_218' title='bbox 695 3423 1003 3519; x_wconf 85' lang='grc' dir='ltr'>γοργῶς,</span> <span class='ocrx_word' id='word_1_219' title='bbox 1040 3416 1531 3499; x_wconf 84' lang='grc' dir='ltr'>ἀποκαλύπτει</span> <span class='ocrx_word' id='word_1_220' title='bbox 1565 3424 1854 3524; x_wconf 83' lang='grc' dir='ltr'>σαφῶς.</span> <span class='ocrx_word' id='word_1_221' title='bbox 1942 3415 2179 3518; x_wconf 84' lang='grc' dir='ltr'>ἐπειδὴ</span> <span class='ocrx_word' id='word_1_222' title='bbox 2218 3419 2361 3522; x_wconf 81' lang='grc' dir='ltr'>γὰρ</span> <span class='ocrx_word' id='word_1_223' title='bbox 2402 3420 2499 3504; x_wconf 81' lang='grc' dir='ltr'>εἷς</span> <span class='ocrx_word' id='word_1_224' title='bbox 2533 3455 2611 3501; x_wconf 90' lang='grc' dir='ltr'>τε</span> 
     </span>
     <span class='ocr_line' id='line_1_30' title="bbox 199 3536 2611 3645; baseline 0.005 -30"><span class='ocrx_word' id='word_1_225' title='bbox 199 3537 338 3637; x_wconf 83' lang='grc' dir='ltr'>τὴν</span> <span class='ocrx_word' id='word_1_226' title='bbox 406 3536 649 3641; x_wconf 82' lang='grc' dir='ltr'>σάρκα</span> <span class='ocrx_word' id='word_1_227' title='bbox 710 3543 829 3620; x_wconf 81' lang='grc' dir='ltr'>καὶ</span> <span class='ocrx_word' id='word_1_228' title='bbox 890 3538 977 3620; x_wconf 83' lang='grc' dir='ltr'>τὸ</span> <span class='ocrx_word' id='word_1_229' title='bbox 1040 3542 1361 3621; x_wconf 87' lang='grc' dir='ltr'>ἐντεῦθεν</span> <span class='ocrx_word' id='word_1_230' title='bbox 1418 3543 1814 3638; x_wconf 85' lang='grc' dir='ltr'>βλέποντες</span> <span class='ocrx_word' id='word_1_231' title='bbox 1878 3542 2108 3645; x_wconf 88' lang='grc' dir='ltr'>γένος,</span> <span class='ocrx_word' id='word_1_232' title='bbox 2171 3542 2392 3645; x_wconf 80' lang='grc' dir='ltr'>μικρά</span> <span class='ocrx_word' id='word_1_233' title='bbox 2454 3578 2611 3628; x_wconf 86' lang='grc' dir='ltr'>πως</span> 
     </span>
     <span class='ocr_line' id='line_1_31' title="bbox 89 3663 2611 3773; baseline 0.004 -32"><span class='ocrx_word' id='word_1_234' title='bbox 89 3679 171 3741; x_wconf 81' lang='lat'>25</span> <span class='ocrx_word' id='word_1_235' title='bbox 201 3668 490 3768; x_wconf 84' lang='grc' dir='ltr'>φρονεῖν</span> <span class='ocrx_word' id='word_1_236' title='bbox 527 3664 978 3744; x_wconf 87' lang='grc' dir='ltr'>ἀνεπείθοντο</span> <span class='ocrx_word' id='word_1_237' title='bbox 1014 3698 1178 3765; x_wconf 89' lang='grc' dir='ltr'>περι</span> <span class='ocrx_word' id='word_1_238' title='bbox 1223 3666 1460 3763; x_wconf 83' lang='grc' dir='ltr'>αὐτοῦ,</span> <span class='ocrx_word' id='word_1_239' title='bbox 1499 3664 1847 3773; x_wconf 69' lang='grc' dir='ltr'>κάλυμμα</span> <span class='ocrx_word' id='word_1_240' title='bbox 1895 3663 1973 3745; x_wconf 81' lang='grc' dir='ltr'>δὲ</span> <span class='ocrx_word' id='word_1_241' title='bbox 2019 3672 2233 3745; x_wconf 84' lang='grc' dir='ltr'>τοῦτο</span> <span class='ocrx_word' id='word_1_242' title='bbox 2283 3673 2430 3750; x_wconf 84' lang='grc' dir='ltr'>τοῖς</span> <span class='ocrx_word' id='word_1_243' title='bbox 2479 3671 2611 3766; x_wconf 84' lang='grc' dir='ltr'>τῆς</span> 
     </span>
     <span class='ocr_line' id='line_1_32' title="bbox 199 3785 2608 3894; baseline 0.002 -30"><span class='ocrx_word' id='word_1_244' title='bbox 199 3787 515 3870; x_wconf 85' lang='grc' dir='ltr'>διανοίας</span> <span class='ocrx_word' id='word_1_245' title='bbox 568 3786 851 3891; x_wconf 79' lang='grc' dir='ltr'>ἔχοντες</span> <span class='ocrx_word' id='word_1_246' title='bbox 906 3787 1336 3892; x_wconf 85' lang='grc' dir='ltr'>ὀφθαλμοῖς,</span> <span class='ocrx_word' id='word_1_247' title='bbox 1375 3789 1503 3868; x_wconf 81' lang='grc' dir='ltr'>οὐκ</span> <span class='ocrx_word' id='word_1_248' title='bbox 1553 3786 1831 3894; x_wconf 82' lang='grc' dir='ltr'>ᾔδεσαν</span> <span class='ocrx_word' id='word_1_249' title='bbox 1878 3786 1969 3868; x_wconf 83' lang='grc' dir='ltr'>ἀν</span> <span class='ocrx_word' id='word_1_250' title='bbox 2011 3786 2186 3867; x_wconf 82' lang='grc' dir='ltr'>ὄντα</span> <span class='ocrx_word' id='word_1_251' title='bbox 2238 3785 2450 3886; x_wconf 79' lang='grc' dir='ltr'>Θεὸν,</span> <span class='ocrx_word' id='word_1_252' title='bbox 2489 3792 2608 3868; x_wconf 84' lang='grc' dir='ltr'>καὶ</span> 
     </span>
     <span class='ocr_line' id='line_1_33' title="bbox 198 3910 2606 4018; baseline 0.001 -30"><span class='ocrx_word' id='word_1_253' title='bbox 198 3916 260 3989; x_wconf 78' lang='grc' dir='ltr'>εἰ</span> <span class='ocrx_word' id='word_1_254' title='bbox 308 3910 629 4018; x_wconf 88' lang='grc' dir='ltr'>πέφηνεν</span> <span class='ocrx_word' id='word_1_255' title='bbox 672 3910 1073 4013; x_wconf 78' lang='grc' dir='ltr'>ἅνθρωπος,</span> <span class='ocrx_word' id='word_1_256' title='bbox 1114 3912 1519 4011; x_wconf 84' lang='grc' dir='ltr'>ἀναγκαίως</span> <span class='ocrx_word' id='word_1_257' title='bbox 1570 3913 1809 3995; x_wconf 85' lang='grc' dir='ltr'>αὐτοῖς</span> <span class='ocrx_word' id='word_1_258' title='bbox 1858 3911 2321 4015; x_wconf 83' lang='grc' dir='ltr'>προσεφώνει</span> <span class='ocrx_word' id='word_1_259' title='bbox 2368 3913 2606 4014; x_wconf 86' lang='grc' dir='ltr'>λέγων</span> 
     </span>
     <span class='ocr_line' id='line_1_34' title="bbox 181 4028 2610 4142; baseline -0 -27"><span class='ocrx_word' id='word_1_260' title='bbox 181 4031 412 4115; x_wconf 75' lang='grc' dir='ltr'>”Οτα.ν</span> <span class='ocrx_word' id='word_1_261' title='bbox 466 4028 787 4142; x_wconf 66' lang='grc' dir='ltr'>ὑψώσητε</span> <span class='ocrx_word' id='word_1_262' title='bbox 841 4034 945 4114; x_wconf 70' lang='grc' dir='ltr'>τὶν</span> <span class='ocrx_word' id='word_1_263' title='bbox 1002 4033 1126 4114; x_wconf 72' lang='grc' dir='ltr'>υίὶν</span> <span class='ocrx_word' id='word_1_264' title='bbox 1176 4035 1290 4113; x_wconf 70' lang='grc' dir='ltr'>τοῦ</span> <span class='ocrx_word' id='word_1_265' title='bbox 1343 4032 1677 4142; x_wconf 71' lang='grc' dir='ltr'>ἀνθρώπου</span> <span class='ocrx_word' id='word_1_266' title='bbox 1732 4036 1879 4115; x_wconf 77' lang='grc' dir='ltr'>τὸτε</span> <span class='ocrx_word' id='word_1_267' title='bbox 1931 4032 2264 4136; x_wconf 70' lang='grc' dir='ltr'>γνώσεσθε</span> <span class='ocrx_word' id='word_1_268' title='bbox 2318 4032 2416 4113; x_wconf 72' lang='grc' dir='ltr'>’ὅτι</span> <span class='ocrx_word' id='word_1_269' title='bbox 2472 4035 2610 4135; x_wconf 76' lang='grc' dir='ltr'>ἐγώ</span> 
     </span>
    </p>
   </div>
   <div class='ocr_carea' id='block_1_15' title="bbox 193 4257 2611 4542">
    <p class='ocr_par' dir='ltr' id='par_1_17' title="bbox 193 4257 2608 4542">
     <span class='ocr_line' id='line_1_35' title="bbox 197 4257 2608 4419; baseline -0.002 -31"><span class='ocrx_word' id='word_1_270' title='bbox 197 4260 711 4388; x_wconf 64' lang='grc' dir='ltr'>Ε3·,,ξ·3··.·ῖ·ῑῑῑ.·“</span> <span class='ocrx_word' id='word_1_271' title='bbox 871 4328 925 4384; x_wconf 71' lang='lat'><strong>⁶</strong></span> <span class='ocrx_word' id='word_1_272' title='bbox 960 4257 1777 4414; x_wconf 44' lang='grc' dir='ltr'>ιιιῖέῴῑῗέειῗῶεξι</span> <span class='ocrx_word' id='word_1_273' title='bbox 1990 4272 2078 4400; x_wconf 76' lang='grc' dir='ltr'>ι3</span> <span class='ocrx_word' id='word_1_274' title='bbox 2108 4258 2608 4419; x_wconf 54' lang='lat' dir='ltr'>mssffffl</span> 
     </span>
     <span class='ocr_line' id='line_1_36' title="bbox 193 4399 2611 4474; baseline -0.002 -17"><span class='ocrx_word' id='word_1_275' title='bbox 193 4403 468 4474; x_wconf 73' lang='grc' dir='ltr'>ἀναλόγως</span> <span class='ocrx_word' id='word_1_276' title='bbox 491 4399 796 4455; x_wconf 84' lang='lat' dir='ltr'><strong>emendavit</strong></span> <span class='ocrx_word' id='word_1_277' title='bbox 819 4409 881 4455; x_wconf 86' lang='lat' dir='ltr'>ut</span> <span class='ocrx_word' id='word_1_278' title='bbox 906 4399 1165 4455; x_wconf 80' lang='lat' dir='ltr'><strong>adnotat</strong></span> <span class='ocrx_word' id='word_1_279' title='bbox 1149 4419 1263 4472; x_wconf 72' lang='lat' dir='ltr'>lpee</span> <span class='ocrx_word' id='word_1_280' title='bbox 1287 4402 1433 4457; x_wconf 88' lang='lat' dir='ltr'><strong>Aub.</strong></span> <span class='ocrx_word' id='word_1_281' title='bbox 1460 4401 1610 4456; x_wconf 72' lang='lat' dir='ltr'>deest</span> <span class='ocrx_word' id='word_1_282' title='bbox 1633 4401 1738 4455; x_wconf 84' lang='lat' dir='ltr'>hoc</span> <span class='ocrx_word' id='word_1_283' title='bbox 1761 4399 2024 4456; x_wconf 80' lang='lat' dir='ltr'>verbum</span> <span class='ocrx_word' id='word_1_284' title='bbox 2011 4418 2068 4454; x_wconf 84' lang='lat' dir='ltr'><strong>m</strong></span> <span class='ocrx_word' id='word_1_285' title='bbox 2092 4418 2142 4455; x_wconf 81' lang='lat' dir='ltr'>a.</span> <span class='ocrx_word' id='word_1_286' title='bbox 2373 4416 2460 4455; x_wconf 84' lang='lat'>20.</span> <span class='ocrx_word' id='word_1_287' title='bbox 2495 4399 2561 4468; x_wconf 81' lang='grc' dir='ltr'>ἀρ</span> <span class='ocrx_word' id='word_1_288' title='bbox 2565 4399 2611 4453; x_wconf 77' lang='grc' dir='ltr'>ἰ-</span> 
     </span>
     <span class='ocr_line' id='line_1_37' title="bbox 195 4468 2608 4542; baseline -0.002 -14"><span class='ocrx_word' id='word_1_289' title='bbox 195 4495 357 4530; x_wconf 72' lang='lat' dir='ltr'><strong>orum·</strong></span> <span class='ocrx_word' id='word_1_290' title='bbox 381 4472 488 4527; x_wconf 81' lang='lat' dir='ltr'>Ed.</span> <span class='ocrx_word' id='word_1_291' title='bbox 512 4489 544 4526; x_wconf 79' lang='lat' dir='ltr'>e</span> <span class='ocrx_word' id='word_1_292' title='bbox 570 4470 617 4525; x_wconf 89' lang='lat' dir='ltr'>B</span> <span class='ocrx_word' id='word_1_293' title='bbox 642 4488 773 4542; x_wconf 73' lang='lat' dir='ltr'>mg„</span> <span class='ocrx_word' id='word_1_294' title='bbox 798 4470 892 4525; x_wconf 73' lang='lat' dir='ltr'>sed</span> <span class='ocrx_word' id='word_1_295' title='bbox 916 4471 1104 4527; x_wconf 77' lang='grc' dir='ltr'>παῖδας</span> <span class='ocrx_word' id='word_1_296' title='bbox 1127 4473 1266 4527; x_wconf 75' lang='lat' dir='ltr'><strong>forte</strong></span> <span class='ocrx_word' id='word_1_297' title='bbox 1289 4473 1481 4528; x_wconf 79' lang='lat' dir='ltr'>melius</span> <span class='ocrx_word' id='word_1_298' title='bbox 1506 4471 1724 4527; x_wconf 79' lang='lat' dir='ltr'>exhibet</span> <span class='ocrx_word' id='word_1_299' title='bbox 1749 4471 1817 4526; x_wconf 93' lang='grc' dir='ltr'>Β.</span> <span class='ocrx_word' id='word_1_300' title='bbox 2014 4469 2101 4525; x_wconf 84' lang='lat'>26.</span> <span class='ocrx_word' id='word_1_301' title='bbox 2139 4468 2265 4525; x_wconf 77' lang='grc' dir='ltr'>ὄντα</span> <span class='ocrx_word' id='word_1_302' title='bbox 2288 4473 2422 4526; x_wconf 78' lang='grc' dir='ltr'>Θεόν</span> <span class='ocrx_word' id='word_1_303' title='bbox 2444 4469 2608 4525; x_wconf 81' lang='lat' dir='ltr'><strong>edidi.</strong></span> 
     </span>
    </p>
   </div>
   <div class='ocr_carea' id='block_1_16' title="bbox 190 4541 2322 4665">
    <p class='ocr_par' dir='ltr' id='par_1_18' title="bbox 190 4541 2322 4665">
     <span class='ocr_line' id='line_1_38' title="bbox 190 4541 2322 4665; baseline -0.001 -15"><span class='ocrx_word' id='word_1_304' title='bbox 190 4541 298 4650; x_wconf 47' lang='grc' dir='ltr'>πὸτ</span> <span class='ocrx_word' id='word_1_305' title='bbox 308 4594 446 4648; x_wconf 78' lang='grc' dir='ltr'>Θεὸν</span> <span class='ocrx_word' id='word_1_306' title='bbox 472 4591 539 4646; x_wconf 95' lang='grc' dir='ltr'>Β.</span> <span class='ocrx_word' id='word_1_307' title='bbox 564 4592 698 4646; x_wconf 78' lang='grc' dir='ltr'>Θεὸν</span> <span class='ocrx_word' id='word_1_308' title='bbox 720 4591 842 4647; x_wconf 73' lang='grc' dir='ltr'>ὄντα</span> <span class='ocrx_word' id='word_1_309' title='bbox 867 4543 1011 4649; x_wconf 89' lang='grc' dir='ltr'>ΑιιΒ.</span> <span class='ocrx_word' id='word_1_310' title='bbox 1016 4543 1029 4558; x_wconf 87' lang='lat'><strong>·</strong></span> <span class='ocrx_word' id='word_1_311' title='bbox 1014 4546 1151 4665; x_wconf 32' lang='lat' dir='ltr'>:ciui</span> <span class='ocrx_word' id='word_1_312' title='bbox 1176 4591 1397 4648; x_wconf 73' lang='lat' dir='ltr'><strong>adnotat</strong></span> <span class='ocrx_word' id='word_1_313' title='bbox 1420 4594 1555 4648; x_wconf 77' lang='grc' dir='ltr'>Θεὸν</span> <span class='ocrx_word' id='word_1_314' title='bbox 1579 4592 1802 4647; x_wconf 76' lang='lat' dir='ltr'><strong>deesse</strong></span> <span class='ocrx_word' id='word_1_315' title='bbox 1788 4609 1845 4646; x_wconf 85' lang='lat' dir='ltr'><strong>m</strong></span> <span class='ocrx_word' id='word_1_316' title='bbox 1868 4591 2178 4665; x_wconf 76' lang='lat' dir='ltr'><strong>apographo</strong></span> <span class='ocrx_word' id='word_1_317' title='bbox 2204 4610 2322 4647; x_wconf 74' lang='lat' dir='ltr'><strong>suo.</strong></span> 
     </span>
    </p>
   </div>
  </div>
 </body>
</html>
