3238 5158
633 314 765 381 624
1226 322 1306 386 B.
1354 321 1777 387 CYRILLI
1835 321 2422 388 ALEXANDR.
2697 317 2840 383 xvi„
2871 317 3062 380 8-11.

635 481 913 585 ὁρῶμεν
950 486 1161 593 αὐτῷ,
1195 483 1280 567 τὸ
1314 485 1449 587 τὴν
1484 488 1745 569 οἰκείαν
1780 485 2137 569 δύνασθαι
2173 492 2542 569 διασῶσαι
2575 482 2834 585 τιμὴν,
2873 479 3066 563 ὦσπ

638 609 756 686 καὶ
804 605 944 689 ὑπὸ
992 607 1218 695 πόδας
1266 617 1630 692 τεθεῖσθαι
1678 618 1826 693 τῶν
1859 612 2498 719 πνευματοφόρων,
2534 608 2705 710 ἤτοι
2742 611 3068 704 πιστῶν,

640 728 708 809 οἰ
754 734 873 813 καὶ
910 731 1100 815 Θεὸν
1143 735 1486 842 ὑπάρχειν
1538 735 2058 840 ὡμολογήκασι
2113 736 2242 817 τὸν
2296 731 2652 838 Χριστόν.
2737 740 3068 814 πατοῦσι

639 854 786 959 γὰρ
840 857 1058 938 αὐτὸν
1110 861 1230 939 καὶ
1280 855 1702 963 πειράζοντα
1755 863 1871 940 καὶ
1926 859 2362 966 μαχόμενον.
2453 856 2633 938 ὅταν
2683 855 2770 937 δὲ
2819 854 2922 957 δή
2965 889 3068 938 τις

642 982 759 1058 καὶ
807 977 936 1061 τὸν
977 989 1123 1063 τῶν
1156 981 1579 1087 ἀκαθάρτων
1616 984 1997 1082 δαιμονίων
2033 980 2262 1082 ἐσμὸν
2298 979 2920 1089 καταπεφρικᾶτα
2957 982 3112 1060 mis

642 1103 1176 1205 ἐκπεμπόμενον
1226 1106 1470 1213 βλέπῃ
1530 1106 1650 1188 διὰ
1707 1111 1835 1208 τῆς
1883 1108 2119 1188 αὐτῶν
2177 1109 2613 1211 προσευχῆς,
2679 1108 2812 1185 καὶ
2869 1108 3058 1208 ἐνερ-

642 1227 839 1329 γείας
873 1233 993 1309 καὶ
1034 1228 1397 1331 δυνάμεως
1431 1239 1560 1312 τοῦ
1594 1232 1853 1334 Ἀγίου
1890 1230 2332 1333 Πνεύματος,
2368 1236 2522 1316 πῶς
2558 1230 2698 1310 οὐκ
2735 1228 3064 1332 εὐλόγως

584 1387 620 1432 ο
645 1353 793 1455 ἐρεῖ
857 1355 1408 1459 κατακεκρίσθαι
1477 1353 1606 1436 τὸν
1680 1362 2052 1454 σατανᾶν;
2151 1355 2650 1458 κατακέκριται
2731 1352 2896 1458 γὰρ
2970 1355 3063 1461 τῷ

644 1476 895 1577 μηκέτι
949 1478 1302 1560 δύνασθαι
1350 1486 1801 1561 πλεονεκτεῖν
1855 1479 2022 1566 τοὺς
2074 1486 2181 1589 τῷ
2236 1478 2605 1576 Πνεύματι
2661 1484 2775 1586 τῷ
2823 1479 3062 1585 Ἀγίφ

645 1602 1409 1710 κατεσφραγισμένους
1436 1609 1533 1688 εἰς
1552 1603 2012 1705 δικαιοσύνην
2036 1607 2153 1684 καὶ
2176 1600 2565 1705 ἀγιασμὸν,
2590 1599 2720 1682 διὰ
2737 1603 3062 1685 πίστεως
3085 1638 3136 1676 1e

641 1729 791 1825 τῆς·
825 1732 922 1810 εἰς
984 1727 1337 1831 Χριστόν.
1410 1729 1562 1809 ἐπεὶ
1623 1735 1779 1812 πῶς
1844 1725 1955 1826 ἂν,
2013 1727 2175 1809 εἰπέ
2226 1761 2374 1828 μοι,
2441 1724 3062 1826 κατεπατήσαμεν

641 1854 895 1933 πᾶσαν
948 1852 1167 1932 αὐτοῦ
1218 1849 1353 1951 τὴν
1400 1850 1722 1952 δύναμιν,
1779 1849 1963 1933 κατὰ
2018 1849 2105 1932 τὸ
2160 1853 2235 1932 ἐν
2288 1855 2620 1958 ψαλμοῖς
2679 1850 3062 1953 εἰρημένον

306 1967 451 2082 {2⁸}
643 1973 825 2076 πρὸς
887 1971 1126 2055 πάντα
1189 1975 1570 2079 ἄνθρωπον
1628 1978 1757 2058 τὸν
1822 1982 2287 2058 κατοικοῦντα
2345 1984 2392 2022 “
2415 1976 2493 2055 ἐν
2547 1975 2876 2082 βοηθείᾳ
2943 1981 3062 2055 τοῦ

308 2098 389 2149 lb·
415 2111 491 2162 ¹³·
646 2106 689 2146 “
728 2098 1065 2204 ὑψίστου,
1103 2101 1219 2181 ἐπὶ
1259 2101 1539 2181 ἀσπίδα
1587 2103 1708 2181 καὶ
1761 2101 2212 2198 βασιλίσκον
2262 2096 2603 2204 ἐπιβήοῃ,
2641 2100 2771 2178 καὶ
2825 2132 3056 2178 κατα-

644 2230 690 2268 “
726 2222 1074 2322 πατήσεις
1110 2223 1372 2305 λέοντα
1407 2226 1524 2305 καὶ
1561 2225 1916 2329 δράκοντα
1942 2225 2008 2322 ;”
2069 2222 2243 2306 ὅταν
2269 2222 2506 2304 τοίνυν
2537 2222 2578 2300 ὁ
2614 2220 2711 2328 ἐξ
2742 2223 3059 2325 οὖρανώ
3085 2247 3134 2302 ¹5

647 2341 1128 2448 Παράκλητος
1181 2348 1259 2428 ἐν
1313 2349 1546 2451 ἁγίαις
1599 2348 1892 2452 γε’νηται
1945 2353 2240 2454 ψυχαῖς,
2291 2349 2408 2428 καὶ
2463 2346 2756 2430 δικαίως
2813 2348 3061 2430 αὐτοῖς

572 2487 618 2551 d
649 2470 1195 2572 ἀπεσταλμένος
1258 2470 1377 2551 διὰ
1439 2470 1573 2572 τὴν
1638 2473 2039 2553 ἀδέκαστον
2114 2470 2456 2579 φαίνηται
2526 2468 2818 2561 πίστιν,
2899 2471 3059 2551 τότε

650 2603 805 2682 ταῖς
847 2598 1127 2685 οἰκείως
1177 2598 1553 2700 ἁμαρτίαις
1588 2597 1841 2704 ἔνοχον
1886 2597 2244 2704 ἀποδείξει
2300 2590 2646 2700 γεγονότα
2704 2593 2817 2675 τὶν
2885 2599 3056 2677 κόσ-

651 2758 806 2828 μον,
848 2726 966 2803 καὶ
1016 2727 1144 2823 τῆς
1191 2722 1465 2803 ἀνωθεν
1509 2722 2008 2826 ἀμοιρήσαντα
2055 2719 2367 2826 χάριτος,
2402 2719 2690 2822 ἐπείπερ
2735 2720 3056 2823 ἀποτρέ-

646 2879 903 2927 πονται
972 2843 1101 2927 τὸν
1163 2843 1557 2949 λυτρωτήν·
1655 2847 1919 2955 ἐλέγξει
1995 2844 2072 2927 δὲ
2143 2843 2370 2927 πάλιν
2441 2840 2679 2939 αὐτὸν,
2755 2845 2868 2928 ὦς
2936 2847 3059 2924 ουίκ
3080 2874 3130 2914 2³

649 2967 969 3072 εὐλόγως
1021 2971 1467 3073 ἐγκαλοῦντα
1520 2969 1655 3072 τὴν
1690 2971 2044 3074 ἁμαρτίαν
2096 2976 2246 3055 τοῖς
2297 2967 2437 3070 ἤδη
2489 2966 3052 3048 πεπιστευκόσι.

649 3095 1128 3175 δεδικαίωνται
1152 3194 1161 3199 ῃ
1181 3092 1328 3198 γὰρ
1382 3094 1689 3193 εἰκότως,
1732 3095 1959 3174 καίτοι
2014 3090 2194 3196 πρὸς
2232 3091 2423 3174 Θεὸν
2467 3090 3057 3191 ἀποδημήσαντα

649 3217 776 3299 τὸν
811 3217 1142 3322 Χριστὸν
1176 3221 1294 3299 καί
1333 3223 2013 3322 θαυματουργοῦντα
2047 3214 2148 3318 μὴ
2186 3214 2636 3316 θεασάμενοι,
2669 3221 2769 3321 τῇ
2801 3217 3056 3297 πίστει

647 3342 1100 3443 τιμήσαντες.
1183 3339 1379 3444 οἶμαι
1436 3341 1513 3423 δὲ
1574 3340 1665 3444 δή
1727 3376 1797 3422 τι
1855 3350 2178 3423 τοιοῦτον
2233 3338 2672 3442 ἐννοήσαντα
2735 3374 2864 3420 και
2931 3339 3057 3422 τὸν

310 3460 524 3590 {3¹¹¹ss
587 3501 624 3545 e
653 3471 955 3547 Παῦλον
1033 3471 1252 3547 εἰπεῖν
1342 3477 1386 3514 “
1413 3468 1547 3552 Τίς
1626 3464 2008 3569 ἐγκαλέσει
2100 3499 2285 3546 κατα
2364 3465 2718 3545 ἐκλεκτῶν
2794 3469 3047 3561 Θεοῦ;
3076 3492 3124 3546 25

310 3606 444 3706 Pal·
648 3598 693 3638 “
731 3588 993 3674 Θεὸς”
961 3625 1002 3670 ο
1039 3593 1348 3691 δικαιῶν,
1385 3592 1492 3676 τίς
1527 3622 1581 3672 σ
1607 3589 2094 3691 κατακρίνων’
2075 3652 2096 3686 ,
2096 3587 2542 3696 ”ἐνε’φραξε
2588 3585 2736 3691 γὰρ
2785 3590 3052 3690 ἀνομία

308 3722 502 3788 cvi-4²·
644 3719 856 3795 πᾶσα
904 3747 989 3794 το
1049 3712 1295 3815 στόμα
1358 3717 1593 3815 αὐτῆς,
1656 3748 1841 3794 κατα
1897 3712 2032 3813 τὴν
2089 3720 2218 3794 τοῦ
2275 3707 2702 3819 ψάλλοντος
2771 3714 3050 3819 φωνὴν,

646 3837 848 3920 οὐδὲν
899 3840 1231 3942 ἐγκαλεῖν
1281 3839 1553 3944 ἔχουσα
1606 3844 1756 3924 τοῖς
1812 3835 1928 3919 δια
1981 3838 2299 3922 πίστεως
2353 3833 3050 3944 ἐξειλεγμένοις,κω

643 3965 773 4061 τῆς
863 3964 1181 4071 ἐντεῦθεν
1250 3961 1704 4063 δικαιοσύνης
1797 3959 2446 4069 κατημφιεσμενοις
2515 3992 2601 4039 το
2673 3960 3044 4066 καύχημα.

645 4084 1014 4194 ἀπελέγξει
1053 4084 1129 4166 δὲ
1178 4083 1282 4168 rav
1323 4088 1592 4191 κόσμον,
1631 4089 1728 4171 ὡς
1772 4084 2346 4185 πεπλανημένον,
2384 4086 2500 4164 καὶ
2545 4088 2643 4167 εἰς
2689 4081 2826 4164 τὸν
2865 4089 3048 4166 οὕτω
3067 4112 3113 4171 30

645 4209 1069 4313 κατάκριτον
1105 4208 1363 4315 ἔχοντα
1418 4206 1543 4294 τὰς
1588 4210 1909 4309 ἐλπίδας,
1955 4212 2052 4295 ὡς
2107 4206 2401 4309 ἀπάσης
2453 4204 2587 4307 μὲν
2640 4206 2870 4315 δόξης
2931 4213 3048 4308 τῆς

717 4461 769 4500 2.
804 4441 944 4516 ἤτοι]
969 4442 1002 4514 ἢ
1027 4444 1112 4500 καὶ
1137 4444 1281 4500 Catii.
1529 4460 1583 4516 3.
1623 4444 1818 4529 Κῦριον
1839 4462 1941 4517 pro
1964 4446 2197 4517 Χριστόν
2221 4442 2899 4509 Catt.12-14.A
2927 4442 3046 4497 md

643 4514 905 4641 ἓὰᾶκοταο
913 4515 1143 4642 taensilit
1167 4516 1234 4572 E.
1257 4513 1456 4573 desunt
1478 4515 1646 4572 haec
1632 4534 1690 4571 m
1716 4516 1953 4572 Catenis.
2328 4512 2415 4570 26.
2449 4512 2598 4567 πᾶσα
2619 4511 2810 4582 ἀνομία
2833 4512 3044 4569 inm-:o

680 4603 706 4640 ι·
744 4603 831 4641 me
905 4604 936 4640 a
