3238 5158
256 604 401 684 τεὼ

256 687 360 720 nv,
385 684 461 729 ιο,

262 750 341 796 ²4·

260 843 340 892 Ib.
363 844 449 894 xii.

261 924 342 974 49·

594 321 721 383 188
1197 325 1277 390 B.
1324 325 1742 391 cYRILLI
1800 325 2378 395 ALEXANDR.
2772 321 2860 384 ix·
2884 336 2995 404 30·

592 486 785 593 αὐτῷ
832 486 1239 588 λελάληκεν
1277 492 1317 568 ό
1356 486 1572 586 Θεὸς,
1613 496 1768 573 πῶς
1819 491 1946 569 οὐκ
1993 491 2210 593 ἐχρῆν
2246 496 2456 568 τοῦτο
2499 490 2677 589 δρᾶν
2713 487 2831 565 καὶ
2874 485 2997 563 ἐπὶ

592 613 921 718 Χριστῷ,
983 611 1210 691 καίτοι
1284 612 1670 717 διαῤῥήδην
1732 610 2297 716 ἀνακεκραγότος
2369 610 2742 703 ἀκούοντες
2802 618 2847 656 “
2874 606 2999 695 Τὰ

596 743 638 779 “
675 731 961 837 ῥήματα
1000 731 1049 812 ἃ
1085 731 1226 836 ε’γὼ
1264 743 1496 834 λαλῶ,
1538 737 1667 816 οὐκ
1712 737 1914 816 ἔστιν
1950 734 2105 834 ἐμὰ,
2144 733 2345 815 ἀλλὰ
2392 742 2520 814 τοῦ
2566 728 2999 838 πέμψαντός

596 866 640 903 “
676 891 763 954 με
817 856 1176 961 Πατρός”’
1246 863 1362 938 καὶ
1411 859 1640 939 πάλιν
1680 870 1722 906 “
1758 858 1927 940 Ἀπ’
1966 862 2272 957 ἐμαυτοῦ
2323 860 2406 937 οὐ
2458 864 2695 954 λαλῶ,
2738 857 2909 935 ἀλλ’
2955 856 2998 934 ὁ

597 991 639 1027 “
676 981 977 1088 πέμψας
1010 1017 1100 1081 με
1140 981 1401 1084 Πατὴρ
1452 982 1665 1068 αὐτός
1716 1018 1837 1081 μοι
1886 982 2185 1082 ἐντολὴν
2222 983 2482 1063 δέδωκε
2531 983 2609 1062 τί
2650 980 2827 1060 εἴπω
2876 980 2995 1058 καὶ
3022 1006 3060 1067 5

595 1116 638 1152 “
677 1105 753 1185 τί
808 1104 1123 1206 λαλήσω
1149 1108 1218 1203 ;”
1276 1107 1654 1213 πρόφασις
1716 1108 1842 1187 οὖν
1895 1108 2037 1208 ἄρα
2097 1110 2211 1186 καὶ
2276 1111 2657 1207 λογισμῶν
2713 1105 2999 1183 εἶκαίων

596 1227 960 1332 εὑρήματα
993 1237 1138 1310 τῶν
1178 1229 1599 1334 Φαρισαίων
1639 1235 1702 1309 οἱ
1752 1229 1985 1332 λόγοι.
2066 1237 2125 1310 εἶ
2172 1229 2317 1332 γὰρ
2370 1227 2486 1309 διὰ
2534 1224 2749 1308 τοῦτό
2799 1233 2998 1328 φασι

538 1367 578 1413 <²
601 1359 915 1434 Μωυσεῖ
959 1360 1252 1452 μᾶλλον
1306 1354 1608 1433 ἕπεσθαι
1668 1356 1832 1450 δεῖν,
1889 1354 2176 1454 ἐπείπερ
2232 1354 2424 1459 αὐτῷ
2489 1350 2895 1448 λελάληκεν
2954 1353 2997 1429 ὁ

597 1476 805 1574 Θεὸς,
857 1479 935 1557 τί
981 1474 1081 1577 μὴ
1137 1486 1365 1557 ταῦτα
1420 1485 1821 1583 φρονοῦσιν
1875 1479 1989 1556 ἐπὶ
2048 1481 2372 1583 Χριστῷ,
2418 1480 2648 1555 καίτοι
2704 1471 2999 1574 λέγοντι

595 1608 861 1706 σαφῶς
911 1597 1095 1701 ἅπερ
1145 1602 1403 1704 ἀρτίως
1454 1600 1829 1702 εἰρήκαμεν
1859 1633 1881 1696 3
1944 1602 2115 1678 ἀλλ’
2157 1604 2231 1679 ἐν
2268 1599 2459 1703 μέρει
2494 1605 2833 1697 τιμῶντες
2869 1595 2999 1676 τὸν
3028 1631 3112 1673 10

597 1724 836 1823 νόμον,
885 1728 1001 1802 καὶ
1057 1724 1333 1803 σεπτὸν
1388 1725 1723 1825 ἡγεῖσθαι
1777 1721 2388 1826 προσποιούμενοι
2441 1720 2526 1802 τὸ
2582 1727 2839 1801 δοκοῦν
2895 1725 3002 1827 τῷ

598 1852 786 1952 Θεῷ,
824 1845 1280 1946 πλήττουσιν
1329 1847 1580 1947 ἑτέρως
1636 1847 1973 1951 χειρόνως
2027 1845 2481 1949 ἀτιμάζοντες
2537 1844 2655 1937 διὰ
2710 1852 2839 1924 τοῦ
2894 1843 3000 1944 μὴ

596 1968 1132 2073 παραδέχεσθαι
1179 1967 1419 2048 θέλειν
1455 1968 1540 2049 τὸ
1588 1972 2043 2073 καιριώτερον
2079 1968 2435 2072 κήρυγμα·
2518 1977 2731 2049 τοῦτο
2781 1966 2856 2047 δὲ
2906 1964 3002 2066 ἣν

598 2091 682 2172 τὸ
718 2093 833 2172 ἐπὶ
871 2098 1175 2198 Χριστῷ
1227 2094 1342 2171 διὰ
1396 2092 1527 2192 τὴν
1563 2091 1747 2192 μετὰ
1793 2092 2066 2195 σαρκὸς
2118 2092 2522 2193 οἰκονομίαν
2559 2097 2654 2176 ὦς
2693 2095 2767 2171 ἐν
2803 2126 2992 2195 προ-

600 2214 834 2319 ‹pb-rou
869 2215 1715 2322 Τάξειικατηγγελμένον.
3029 2244 3111 2304 15

534 2339 577 2402 d

500 2460 949 2550 3οἈῐτεκρίθΗ
1022 2461 1058 2527 ὁ
1129 2462 1479 2553 ἄνθρωπος
1552 2463 1658 2528 καὶ
1722 2458 1902 2530 εἶπεν
1975 2460 2196 2529 αὐτοῖς
2257 2462 2376 2528 Ἐν
2445 2465 2656 2547 τούτῳ
2726 2463 2847 2550 Γὰρ
2922 2463 2999 2528 τὸ

705 2588 1075 2665 θαυμαστόν
1120 2590 1314 2669 ἐστιν,
1351 2592 1451 2655 ὅτι
1501 2587 1683 2667 ὑμεῖς
1734 2592 1850 2655 οὐκ
1900 2586 2127 2656 οἴδατε
2176 2593 2373 2656 πόθεν
2418 2587 2576 2668 ἐστὶ,
2617 2589 2723 2653 καὶ
2774 2588 2995 2654 ἦνοιξὲ

702 2736 824 2790 μου
879 2737 1031 2779 τουο
1084 2716 1491 2802 ὀφθαλμούς.

718 2887 1372 2988 Καταπέπληγμαι,
1439 2891 1649 2994 φησὶ,
1712 2890 1830 2966 καὶ
1906 2886 2202 2990 σφόδρα
2278 2891 2520 2968 καλῶς
2594 2889 2652 2963 εὶ
2725 2881 2853 2963 τὸν
2922 2885 3002 2960 ἐν

603 3009 925 3111 ἁγιότητι
967 3010 1285 3114 τοσαύτῃ
1337 3015 1452 3089 καὶ
1504 3015 1888 3113 θεοπρεπεῖ
1930 3010 2318 3115 δυναστείᾳ
2363 3009 2447 3087 δι’
2488 3003 2589 3086 ὧν
2624 3007 3002 3109 εἴργασται
3032 3043 3117 3085 20

602 3132 1179 3237 μαρτυρούμενον
1217 3133 1637 3234 ἠγνοηκέναι
1675 3132 1882 3238 φατὲ,
1924 3136 2042 3212 καὶ
2090 3132 2173 3211 τὸ
2219 3129 2721 3234 προσεδρεύειν
2757 3131 3004 3231 ἀπερι-

605 3255 962 3339 σπάστως
1006 3262 1108 3361 τῷ
1143 3261 1310 3363 Θεῷ
1355 3255 1814 3360 νομιζόμενοι,
1855 3260 1970 3334 καὶ
2028 3254 2250 3353 νόμου
2297 3251 2844 3358 προεστηκότες,
2886 3255 3007 3332 καὶ

549 3407 585 3448 e
608 3384 759 3459 ταῖς
798 3382 1012 3478 ἱεραῖς
1049 3379 1536 3481 ἐντρυφῶντες
1571 3385 2015 3474 συλλαβαῖς,
2055 3383 2171 3458 καὶ
2223 3379 2572 3484 λαχόντες
2621 3378 3009 3480 ἡγεμονίαν

604 3497 650 3597 ἢ
691 3502 808 3577 καὶ
842 3498 1173 3597 μάλιστα
1211 3499 1293 3579 τὸ
1332 3501 1647 3603 ἀγαθοὺς
1695 3499 1945 3582 εἰδέναι
1992 3502 2459 3609 φροντισταῖς.
2534 3503 2671 3580 τίνι
2719 3499 2862 3603 γὰρ
2914 3498 3008 3580 ἂν

609 3623 724 3698 καὶ
756 3619 1016 3722 πρέποι
1053 3619 1139 3701 τὸ
1176 3623 1428 3701 εἰδέναι
1467 3632 1709 3710 καλῶς
1746 3622 1910 3708 τοῦς
1947 3634 2601 3728 τερατουργοῦντας
2637 3625 2751 3704 διὰ
2789 3629 3003 3722 Θεοῦ,
3038 3661 3121 3721 ²5

607 3749 666 3822 εἰ
702 3740 801 3842 μὴ
842 3750 989 3827 τοῖς
1007 3749 1148 3824 ’καὶ
1199 3750 1526 3848 ἱερᾶσθαι
1576 3749 2254 3851 προστεταγμένοις,
2294 3753 2409 3828 καὶ
2463 3747 2567 3831 οἷς
2621 3754 2717 3832 εἶς
2767 3754 2996 3852 φρον-

609 3865 768 3944 τίδα
818 3865 901 3945 τὸ
952 3868 1226 3948 σεπτὸν
1271 3870 1682 3971 ἆπενεμήθη
1730 3872 2177 3973 μυστήριον,
2241 3871 2879 3972 καταπλήττεσθαι
2928 3872 3008 3950 δὲ

610 3986 845 4087 λέγων
908 3992 1006 4074 ὡς
1070 3991 1509 4094 ἠγνοηκότας
1574 4001 1833 4101 κομιδῇ
1897 3995 2025 4076 τὸν
2089 3997 2314 4080 οὕτως
2373 3995 2826 4099 ἀξιοὶγαστον
2889 3999 3011 4075 καὶ

611 4109 823 4214 ξένην
886 4117 984 4196 εἰς
1048 4114 1266 4194 αὐτὸν
1327 4118 1842 4198 ἐπιτελέσαντα
1904 4116 2038 4218 τὴν
2092 4121 2508 4219 θεοσημίαν,
2567 4117 3011 4219 ὑποπλήττει

681 4354 733 4407 9.
771 4337 868 4409 μὴ]
902 4344 960 4401 4
992 4340 1076 4394 καὶ
1099 4341 1245 4397 Aah.
1342 4343 1536 4398 statim
1561 4345 1723 4399 ταύτὰ
1748 4347 1962 4418 conjicit
1990 4347 2188 4418 neyse.
2462 4364 2545 4426 33·
2584 4310 2918 4418 mussa:
2944 4346 3010 4402 B.

619 4423 699 4473 15.
739 4410 1153 4478 καταγγελμένου
1180 4410 1245 4466 Β.
1271 4415 1684 4484 κατηγγελμένον
1708 4415 1812 4470 Ed.
1998 4434 2082 4472 21.
2124 4420 2207 4473 καὶ
2229 4415 2318 4489 τὸ]
2347 4420 2508 4473 καίτοι
2533 4418 2783 4472 emendat
2811 4417 3012 4488 Heyse.

615 4492 702 4531 22.
737 4483 1123 4547 προεστηκότος
1147 4482 1290 4535 Aub.
1478 4500 1563 4551 24.
1600 4484 1632 4554 ἦ
1661 4485 1727 4539 Β.
1753 4486 1798 4539 εἰ
1827 4485 2005 4541 Holst.
2033 4488 2137 4543 Ed.
2234 4490 2422 4544 εἰδέναι
2451 4488 2516 4543 Β.
2548 4488 2645 4544 Ht.
2671 4485 2798 4543 εἶναι
2823 4506 3011 4543 emen-

614 4546 759 4601 davit
782 4556 845 4601 ut
868 4547 1088 4604 adnotat
1111 4549 1224 4620 ipse
1238 4551 1403 4619 Aah„
1420 4553 1511 4607 sed
1538 4565 1747 4625 praeter
1771 4558 2158 4614 necessitatem.
2306 4560 2392 4615 26.
2416 4562 2525 4616 τοῖς
2548 4561 2632 4614 καὶ
2657 4558 2760 4614 hoc
2784 4557 2900 4626 ord.
2921 4557 2989 4615 Β.
