3238 5158
637 336 769 399 560
1244 337 1323 402 B.
1370 335 1796 402 CYRILLI
1856 334 2441 401 ALEXANDR.
2786 355 2898 396 xv.
2923 348 2982 414 5,
3005 327 3061 388 6·

577 578 813 656 5ἘΓὼ
860 577 989 657 εἰμι
1039 582 1077 648 ἡ
1129 580 1445 665 ἄμπελος,
1480 578 1662 661 ὑμεῖς
1710 583 1790 650 τὰ
1840 585 2162 660 κλήματα·
2216 584 2252 650 ὁ
2301 583 2523 660 μένων
2561 582 2634 647 ἐν
2673 579 2832 657 ἐμοὶ
2885 578 3062 653 κάγὼ

738 705 811 770 ἐν
875 706 1074 791 αὐτῷ,
1137 703 1329 772 οὗτος
1399 708 1589 798 φέρει
1661 708 1913 798 καρπὸν
1983 709 2207 774 πολύν·
2288 709 2390 774 ὄτι
2463 705 2668 796 χωρὶς
2742 706 2915 782 ἐμοῦ
2988 703 3057 768 οὐ

576 828 614 885 6
742 829 1016 898 δύνασθε
1063 827 1274 898 ποιεῖν
1319 832 1533 899 οὐδέν.
1601 832 1718 899 ὲὰν
1754 833 1842 910 μή
1901 858 1997 900 τις
2049 832 2237 924 μείνῃ
2287 834 2359 898 ἐν
2404 832 2573 913 ἐμοὶ,
2605 816 2874 909 ὲβλιίθιι
2928 831 3060 897 ἔξω

740 956 835 1020 ὡς
877 958 953 1024 τὸ
994 962 1211 1035 κλῆμα
1261 959 1369 1024 καὶ
1410 959 1768 1049 ἐξηράνθη,
1816 958 1923 1024 καὶ
1977 960 2359 1035 συνὰΓουσιν
2396 960 2561 1024 αὐτὰ
2615 957 2728 1023 καὶ
2779 954 2883 1023 eie
2931 961 3055 1045 πῦρ

740 1082 1074 1165 βάλλουσι,
1124 1084 1232 1149 καὶ
1287 1082 1560 1156 καίεται.
3073 1106 3103 1163 5

579 1270 616 1314 0
748 1254 1279 1364 Ἀναφανδὸν
1246 1289 1288 1335 ο
1330 1253 1672 1359 Κύριος
1629 1261 1833 1355 ημῶν
1868 1256 2224 1356 Ἰησοῦς
2191 1290 2232 1335 ο
2268 1253 2596 1359 Χριστος
2631 1254 2916 1355 ταύτης
2951 1289 3052 1335 τοι

637 1381 755 1458 καὶ
814 1378 1034 1480 μόνης
1093 1380 1295 1460 ἕνεκα
1352 1384 1480 1478 τῆς
1543 1379 1793 1478 αἰτίας,
1851 1376 2183 1488 ἄμπελον
2234 1379 2366 1480 μὲν
2420 1376 2674 1460 ἑαυτου
2730 1413 3048 1460 κατωνο-

636 1502 920 1601 μάσθαι
970 1505 1298 1610 φησιν,
1265 1500 1442 1607 νπὲρ
1493 1512 1622 1583 τοῦ
1672 1501 1987 1584 συνιέναι
2037 1511 2318 1612 σαφῶς,
2358 1503 2580 1600 μόνον
2614 1500 2694 1582 δὲ
2731 1504 2900 1609 οὐχὶ
2938 1506 3047 1583 καὶ

637 1634 786 1713 τοῖς
840 1637 970 1709 τοῦ
1023 1627 1384 1727 σώματος’
1416 1629 1827 1735 ὀφθαλμοῖς
1883 1631 2210 1727 κατιδεῖν,
2261 1632 2360 1713 ὡς
2403 1631 2481 1709 ἐν
2527 1633 2760 1732 παχεῖ
2802 1661 2887 1706 τε
2939 1630 3046 1707 καὶ

640 1756 965 1860 αἰσθητῷ
1002 1755 1120 1832 καὶ
1157 1751 1542 1859 φανοτάτῳ
1582 1753 1750 1832 λίαν
1785 1754 2330 1857 παραδείγματι,
2370 1756 2468 1837 ὦς
2499 1760 2649 1838 τοῖς
2685 1749 2828 1850 μὲν
2863 1754 3048 1859 αὐτῷ
3065 1778 3115 1819 10

638 1882 1175 1978 προσηλῶσθαι
1221 1872 1714 1979 σπουδαζὸυσι
1757 1880 1874 1957 καὶ
1922 1878 2152 1984 ἀπρὶξ
2192 1877 2550 1977 ἑλομένοις
2596 1884 3042 1981 προσπεφυ·

639 2001 852 2097 κέναι,
888 2000 1256 2102 περιέσται
1294 2005 1536 2084 καλῶς
1569 1999 1655 2081 τὸ
1710 1999 2070 2082 δύνασθαί
2111 2036 2191 2083 τε
2241 2005 2356 2082 καὶ
2406 2001 2820 2099 ἐπιτηδείως
2871 2001 3048 2106 ἔχειν

637 2156 818 2225 προς
872 2120 1005 2223 τὴν
1053 2127 1179 2222 τῆς
1234 2125 1487 2226 ἀρετῆς
1541 2122 1951 2224 ἀποκύησιν
2006 2129 2123 2204 καὶ
2179 2124 2674 2232 καρποφορίας
2726 2159 3047 2223 πνευμα-

307 2269 437 2327 878
454 2267 535 2324 Δ.
579 2282 617 2322 a
640 2249 856 2343 τικῆς,
929 2247 1500 2351 χορηγουμένους
1575 2245 1930 2346 δηλονότι,
2007 2248 2332 2353 καθάπερ
2407 2253 2485 2329 ἐκ
2564 2248 2847 2350 μητρὸς
2925 2254 3047 2349 τῆς

639 2368 992 2470 ἀμπέλου,
1031 2370 1162 2471 τὴν
1199 2372 1288 2479 ἐξ
1319 2373 1534 2471 αὐτῆς
1571 2371 1874 2470 δύναμιν
1910 2379 2008 2457 εἷς
2041 2371 2126 2454 τὸ
2165 2375 2518 2454 δύνασθαι
2553 2377 2671 2452 καὶ
2708 2376 3044 2477 ἐνεργεῖν·
3069 2396 3120 2453 15

638 2502 787 2579 τοῖς
842 2494 1072 2598 γεμὴν
1127 2496 1680 2594 ἀποσπωμένοις
1734 2495 2008 2602 ὥσπερ,
2051 2497 2210 2599 ἤτοι
2265 2497 2884 2599 διακεκομμένοις,
2929 2505 3053 2601 τῆς

639 2625 736 2705 εἷς
780 2622 995 2701 αὐτὸν
1032 2622 1360 2727 σχέσεως
1411 2620 1529 2702 διὰ
1576 2630 1705 2702 τοῦ
1747 2688 1764 2704 .
1806 2687 1824 2704 .
1867 2686 1885 2705 .
1927 2686 1944 2704 .
1984 2628 2340 2726 τραπῆναι
2381 2689 2399 2706 .
2442 2685 2460 2704 .
2501 2687 2518 2705 .
2561 2687 2577 2706 .
2614 2621 2808 2725 πρὸς
2859 2624 2910 2704 ἃ
2959 2625 3054 2725 μὴ

642 2745 787 2824 δεῖν
824 2749 942 2824 καὶ
989 2750 1084 2830 εἷς
1132 2742 1423 2852 ἀπῳδὸν
1457 2747 1561 2852 τῷ
1599 2749 1766 2855 Θεῷ
1814 2750 2207 2846 πολιτείαν,
2244 2748 2533 2844 οὐδεμία
2577 2745 2713 2846 μὲν
2747 2747 3055 2849 δύναμις

639 2869 1132 2975 ἐποφθήσεται
1186 2873 1313 2969 τῆς
1369 2876 1468 2954 εἷς
1521 2869 1780 2973 ἀρετὴν
1837 2869 2414 2972 ἐπιτηδειότητος,
2469 2872 2642 2950 ἀλλ’
2703 2870 2877 2952 οὐδὲ
2933 2881 3056 2953 τοῦ

641 2993 997 3073 δύνασθαι
1035 3001 1184 3079 τοῖς
1222 2998 1300 3075 ἐκ
1336 3000 1463 3095 τῆς
1500 2998 1989 3101 ἀγαθουργίας
2034 2997 2442 3101 διαπρέπειν
2479 3004 2808 3100 καρποῖς,
2848 3000 3054 3080 ε’ἲτται
3070 3035 3120 3075 2³

641 3117 719 3198 δὲ
767 3126 1080 3219 μᾶλλον,
1128 3121 1226 3204 ὡς
1274 3121 1363 3226 ἐξ
1409 3118 1727 3223 ἀνάγκης
1782 3119 2273 3224 ἀπαραιτήτου
2327 3119 2606 3218 λοιπὸν,
2645 3120 2733 3201 τὸ
2792 3128 3055 3229 χρῆναι

570 3263 615 3329 b
639 3241 1021 3353 παμφάγιρ
1058 3248 1519 3325 δαπανᾶσθαι
1557 3244 1752 3347 πυρί.
1814 3242 1899 3324 τὸ
1935 3243 2080 3347 γὰρ
2116 3244 2489 3349 ἄχρηστον
2516 3249 2616 3329 εἷς
2651 3248 3056 3352 εὐσέβειαν,

640 3367 1033 3469 ἐπιτήδειόν
1086 3404 1242 3455 πως
1297 3373 1394 3453 εἱς
1450 3368 1537 3449 τὸ
1592 3369 1794 3455 δίκας
1848 3364 2294 3449 ἀποτιννύειν
2349 3374 2557 3463 δοκεῖ,
2613 3367 2875 3476 ὥσπερ
2933 3374 3056 3453 οὖν

641 3491 891 3592 ἀμέλει
954 3494 1071 3574 καὶ
1133 3491 1219 3574 τὸ
1277 3490 1580 3574 αὖανθὲν
1637 3494 1714 3574 ἐν
1769 3490 2096 3594 κλήμασι
2155 3491 2355 3600 μόνῳ
2416 3489 2786 3598 χρήσιμον
2845 3497 3054 3577 ἔσται

642 3617 839 3718 πυρί.
3069 3643 3118 3702 ²5

756 3740 1033 3834 Λάβοις
1089 3742 1158 3822 δ’
1197 3738 1288 3821 ἂν
1330 3746 1478 3820 τῶν
1523 3740 1909 3844 εἰρημένων
1953 3738 2463 3847 ἀναμφίλογόν
2497 3774 2577 3820 τε
2633 3744 2751 3820 καὶ
2809 3745 3051 3844 ἀληθῆ

641 3862 773 3965 τὴν
817 3861 1203 3971 ἀπόδειξιν,
1243 3865 1327 3945 οὐ
1380 3861 1512 3949 τάς
1562 3871 1710 3945 τῶν
1760 3866 2076 3970 ἀρχαίων
2121 3865 2347 3967 ἁγίων
2389 3866 3054 3967 περισκοπούμενος

643 3987 987 4098 κεφαλὰς,
1023 3991 1194 4069 ἀλλ’
1237 3989 1473 4073 αὐτοῖς
1515 3990 1815 4097 ἐπαφεὶς
1858 3989 1989 4089 τὴν
2025 3986 2341 4069 διάνοιαν
2376 3995 2525 4073 τοῖς
2574 3989 2808 4090 ἁγίοις
2859 3994 3048 4072 ὡτο-

643 4114 967 4200 στόλοις.
1046 4118 1112 4195 οἱ
1166 4111 1301 4215 μὲν
1350 4111 1496 4217 γὰρ
1548 4117 1679 4213 τῆς
1733 4119 1832 4199 εἶς
1882 4110 2215 4217 Χριστὸν
2262 4111 2548 4216 ἀγάπης
2601 4114 2755 4192 κατ’
2798 4116 3052 4196 οὐδένα

713 4320 767 4370 4.
804 4300 933 4354 αυτ-ὰ
960 4299 1025 4354 Ε.
1049 4300 1174 4355 αυτ-ὸ
1201 4298 1303 4354 Ed.
1587 4297 1642 4355 6.
1677 4298 1820 4369 ἡμῶν
1843 4308 2184 4370 assumptum
2210 4317 2274 4355 ex
2303 4299 2368 4356 E.
2664 4314 2749 4353 10.
2784 4299 2969 4383 οὕτω
2993 4301 3050 4355 Ε.

648 4390 730 4440 14.
771 4369 1153 4440 Legendumne
1175 4369 1613 4466 χορηγουμένας-ἓ
1884 4385 1965 4442 17:
2003 4373 2039 4403 “
2056 4371 2204 4425 Inter
2225 4373 2320 4425 τοῦ
2343 4379 2396 4425 et
2386 4370 2550 4495 ιπρὸς
2572 4369 2808 4440 spatium
2834 4371 2968 4426 dre.
2993 4372 3050 4426 16

640 4445 937 4500 litteramm
967 4459 1199 4497 vacuum
1230 4442 1530 4496 relictum?
1556 4441 1622 4496 E.
1683 4439 1993 4496 verbumr
2131 4463 2213 4495 ναι
2245 4459 2310 4495 su
2352 4442 2406 4512 pl
2408 4441 2490 4495 evi
2522 4458 2586 4494 ex
2619 4457 2666 4507 a,
2693 4457 2870 4511 quum
2903 4443 3048 4496 enim

640 4513 796 4569 valde
819 4513 1107 4574 abbreviat,
1133 4512 1349 4566 nonnisi
1374 4513 1527 4567 vacui
1552 4522 1758 4584 partem
1785 4513 2117 4583 supplerent
2056 4512 2294 4567 aritran
2336 4529 2447 4568 um.
2521 4510 2766 4566 Fortasse
2788 4516 3046 4582 τραπῆναι

638 4584 947 4648 βούλεσθαι,
973 4584 1056 4638 vel
1080 4582 1320 4654 ἧρῆσθαι.
