3238 5158
303 1756 451 1806 Hier.

304 1822 479 1872 xxxvi.

309 1902 387 1949 ²4·

307 2861 451 2911 Infra

304 2943 410 2977 ver.
436 2940 514 2978 2ο.

306 3114 434 3165 Hos.
449 3115 534 3165 vii.

313 3195 333 3230 1
342 3193 389 3243 3.

633 349 762 413 222
1243 350 1321 414 Β.
1370 349 1792 414 CYRILLI
1850 348 2429 414 ALEXANDR.
2838 369 2902 410 x.
2934 362 3029 409 11.

641 522 685 558 “
721 509 985 596 σκότος
1042 511 1267 619 <Mis-f
1323 511 1368 614 ἢ
1426 513 1570 616 γὰρ
1626 515 1786 620 οὐχὶ
1840 522 2052 595 τοῦτο
2111 517 2416 616 δρῶντες
2471 511 2908 607 ἁλώσονται,
2952 509 3034 589 τὸ

641 634 825 714 κατὰ
879 634 1221 735 ἀλήθειαν
1269 642 1446 742 φῶς,
1485 636 1836 734 τουτέστι,
1875 636 2001 717 τὸν
2043 637 2314 739 Κύριον
2353 637 2553 737 ἡμῶν
2585 635 2876 734 Ἰησοῦν
2911 633 3036 714 τὸν

641 758 971 862 Χριστὸν
1034 758 1343 843 τιθέντες
1415 767 1514 844 εἶς
1584 758 1869 858 σκότος,
1933 761 2051 841 διὰ
2113 769 2244 840 τοῦ
2303 759 2433 840 τὸν
2495 757 2773 861 ἀγαθὸν
2838 759 3037 858 ἡμῶν

639 883 941 981 ποιμένα
994 889 1145 967 τοῖς
1205 883 1699 990 ψευδωνύμως
1756 884 2093 984 ποιμέσιν
2150 886 2236 964 οὐ
2295 890 2802 986 παραιτεῖσθαι
2863 917 3037 963 συν-

639 1004 938 1104 τάττειν,
994 1010 1113 1087 καὶ
1167 1005 1356 1113 τάχα
1411 1011 1539 1107 τῆς
1593 1009 1880 1087 ἐκείνων
1934 1013 2139 1106 τιμῆς
2195 1009 2435 1089 ὀπίσω
2489 1008 2793 1106 πέμπειν
2848 1010 3028 1087 ἀπο·
3061 1026 3095 1087 5

638 1137 968 1229 τολμᾶν;
1044 1130 1211 1215 τοὺς
1284 1130 1416 1231 μὲν
1482 1130 1626 1235 γὰρ
1696 1130 1825 1211 τὸν
1890 1139 2079 1213 θεῖον
2145 1135 2416 1217 ἑαυτοῖς
2486 1130 3039 1236 ἐπιφημίζοντας

572 1256 618 1322 d
639 1254 887 1355 λόγον,
941 1259 1059 1335 καὶ
1114 1261 1218 1364 τῷ
1271 1259 1401 1355 τῆς
1452 1256 1895 1363 προφητείας
1950 1255 2246 1354 ὀνόματι
2300 1254 2859 1357 καταληΐζεσθαι
2913 1252 3041 1351 μὲν

638 1376 1180 1479 μελετήσαντας
1244 1386 1389 1458 τῶν
1447 1378 1809 1481 ἀγελαίων
1871 1378 2000 1459 τὸν
2067 1389 2254 1477 νοῦν,
2313 1383 2429 1460 καὶ
2488 1382 2657 1459 ὁδοῦ
2722 1377 2855 1476 μὲν
2915 1382 3041 1475 τῆς

638 1501 820 1605 πρὸς
847 1501 1190 1604 ἀλήθειαν
1219 1502 1861 1601 ὖπεκκλέπτοντας,
1882 1506 2560 1597 ἀποβουκολοῦντας
2595 1500 2679 1582 δέ
2697 1536 2825 1582 ποι
2861 1499 3042 1605 πρὸς

639 1624 724 1706 τὸ
782 1628 1037 1706 δοκοῦν
1087 1627 1345 1723 αὐτοῖς,
1383 1629 1500 1707 καὶ
1557 1627 1716 1732 οὐχὶ
1771 1626 2058 1710 πάντως
2106 1633 2294 1736 Θεῷ,
2334 1626 2451 1707 διὰ
2503 1631 2793 1725 πολλῆς
2851 1622 3042 1730 εἶχον
3070 1651 3136 1692 10

641 1755 881 1835 αἰδοῦς
955 1756 1021 1829 οἱ
1096 1751 1213 1829 καὶ
1285 1748 1447 1829 τότε
1521 1753 1890 1835 δοκοῦντες
1963 1760 2269 1856 κρατεῖν.
2379 1751 2663 1851 Σαμέας
2746 1759 2931 1853 γοῦν
3002 1750 3040 1827 ὁ

647 1873 1067 1972 Σαλαμίτης
1102 1881 1248 1956 τοῖς
1286 1873 1486 1975 παρὰ
1524 1878 1718 1954 Θεοῦ
1767 1871 2013 1976 λόγοις
2062 1873 2196 1976 τὴν
2232 1876 2321 1983 ἐξ
2363 1877 2614 1956 ἑαυτοῦ
2666 1879 3036 1981 ψευδομυ-

640 1998 801 2076 θίαν
850 1999 1250 2093 ἀντιτιθεὶς,
1302 2001 1429 2097 τῆς
1472 1998 1811 2101 Ἱερεμίου
1866 1997 2086 2105 δόξης
2140 2000 2733 2102 κατεθρασύνετο.
2820 2002 2863 2079 ὁ
2916 1995 3044 2097 μὲν

641 2118 785 2223 γὰρ
843 2117 934 2218 ἦν
987 2122 1063 2200 ἐν
1113 2125 1432 2219 δεσμοῖς,
1481 2122 1521 2200 ὁ
1577 2119 1653 2201 δὲ
1708 2121 1840 2221 τὴν
1895 2121 2095 2225 παρὰ
2152 2125 2482 2203 Σεδεκιόυ
2538 2121 2770 2222 τιμὴν,
2831 2122 3041 2226 γέρας

641 2239 781 2348 εἶχε
836 2247 964 2343 τῆς
1019 2244 1526 2350 ψευδηγορίας.
1609 2250 2000 2348 Φαρισαῖοι
2058 2244 2135 2326 δὲ
2192 2255 2318 2326 νῦν
2374 2252 2441 2327 οὶ
2497 2248 2794 2327 δείλαιοι
2851 2245 3041 2328 πολὺ
3064 2268 3130 2330 ¹3

583 2399 618 2441 e
640 2372 768 2466 τῆς
821 2368 1100 2447 ἐκείνων
1152 2370 1583 2462 δυσσεβείας
1636 2369 1858 2453 ἰόντες
1908 2367 2241 2467 ἐπέκεινα,
2295 2372 2410 2449 καὶ
2461 2373 3041 2476 ἀσχημονοῦντες

642 2491 1159 2597 νεανικώτερον,
1217 2492 1374 2572 οὐδὲ
1429 2491 1515 2572 τὸ
1572 2491 1903 2602 ὑπάρξαν
1957 2502 2103 2578 τοῖς
2168 2491 3042 2602 ψευδοδιδασκαλήσασιν

641 2617 1078 2715 ἀπονέμουσι
1131 2624 1235 2725 τῷ
1290 2621 1616 2726 Χριστῷ.
1720 2620 1796 2698 τί
1844 2619 1987 2722 γὰρ
2043 2616 2131 2720 δὴ
2188 2622 2312 2700 καί
2363 2628 2552 2726 φασι
2604 2623 2768 2723 περὶ
2826 2622 3040 2700 αὐτοῦ

640 2737 820 2843 πρὸς
876 2738 1040 2824 τοὺς
1097 2741 1360 2841 ἥδιστα
1424 2740 1552 2822 τὸν
1604 2744 1774 2845 παρ’
1835 2744 2054 2823 αὑτοῦ
2117 2743 2346 2846 λόγον
2399 2744 3031 2846 ἐπακροωμένους;

641 2871 684 2911 “
723 2860 1117 2964 Δαιμόνιον
1153 2866 1295 2970 ἔχει
1336 2868 1449 2945 καὶ
1488 2866 1834 2961 μαίνεται·
1896 2868 1974 2946 τί
2021 2868 2239 2947 αὑτοῦ
2292 2865 2580 2947 ἀκούετε
2614 2867 2681 2964 ;”
2742 2866 2865 2946 διὰ
2902 2864 3040 2969 γάρ
3065 2892 3134 2933 20

642 3022 754 3069 τοι
788 2997 999 3069 τοῦτο
1050 2991 1167 3069 καὶ
1221 2986 1436 3073 αὐτὸς
1483 2987 1599 3068 διὰ
1648 2997 1778 3070 τοῦ
1823 2990 2205 3094 προφήτου
2256 2994 2491 3097 φησὶν
2524 2990 2847 3070 Ἡσαΐου
2883 2991 3039 3093 περὶ

642 3114 878 3192 αὐτῶν
933 3123 975 3161 “
1014 3114 1203 3192 Ούαὶ
1259 3115 1515 3211 αὐτοῖς,
1575 3113 1684 3194 ὅτι
1747 3111 2229 3214 ἀπεπήδησαν
2283 3115 2405 3195 ἀπ’
2463 3118 2657 3214 ε’μοῦ·
2748 3113 3046 3195 δείλαιοί

644 3247 688 3284 “
725 3240 927 3334 εἶσιν,
964 3235 1073 3316 ὅτι
1110 3236 1493 3337 ἠσέβησαν
1530 3241 1627 3321 εἶς
1663 3234 1806 3336 ε’με’·
1873 3237 2013 3340 ἐγὼ
2062 3237 2139 3317 δὲ
2185 3237 2714 3342 ε’λυτρωσάμην
2751 3235 3033 3333 αὐτοὺς,

223 3415 236 3424 s
309 3376 441 3435 64¹7
460 3377 541 3433 A.
584 3392 621 3432 a
645 3370 689 3406 “
726 3362 924 3438 αὐτοὶ
999 3357 1072 3439 δὲ
1152 3359 1668 3459 κατελάλησαν
1739 3362 1889 3439 κατ’
1965 3364 2137 3459 ἐμοῦ
2210 3365 2514 3468 ψευδῆ.”
2608 3366 2727 3446 καὶ
2816 3361 3039 3443 πάλιν

308 3495 387 3544 lb.
411 3493 488 3545 16.

646 3492 688 3528 “
729 3486 1134 3561 Πεσοῦνται
1186 3486 1262 3561 ἐν
1295 3486 1623 3589 ῥομφαίᾳ
1670 3489 1736 3564 οἱ
1783 3483 2122 3589 ἄρχοντες
2172 3489 2408 3566 αὐτῶν
2446 3489 2531 3565 δι’
2572 3483 3038 3567 ἀπαιδευσίαν
3064 3511 3131 3572 ²5

643 3615 688 3652 ‘⁴
725 3603 1083 3707 γλώσσης
1138 3604 1440 3684 αύτῶν.”
1526 3614 1682 3689 πῶς
1738 3606 1879 3711 γὰρ
1936 3609 2070 3712 οὐχ
2126 3609 2420 3708 ἁπάσης
2475 3610 2666 3717 ἄξιοι
2721 3611 2922 3710 δίκης
2973 3610 3038 3685 οἱ

640 3735 982 3832 γλῶτταν
1036 3730 1221 3808 οὕτω
1279 3733 1595 3830 δριμεῖαν
1650 3730 1968 3832 ἀνοήτως
2030 3732 2595 3834 ἐπασκήσαντες,
2653 3736 2750 3817 ὡς
2813 3738 3036 3813 ἐκεῖνα

643 3851 866 3960 φάναι
925 3857 1294 3952 τολμῆσαι
1356 3852 1538 3933 κατὰ
1601 3857 1952 3958 Χριστοῦ,
2011 3854 2194 3958 ἅπερ
2255 3857 2425 3957 ἡμῖν
2486 3855 2619 3956 μὲν
2683 3856 3030 3955 οὐδαμῶς,

640 3974 886 4077 μόνοις
923 3978 999 4058 δὲ
1034 3974 1345 4081 ἁρμόσει
1382 3986 1532 4062 τοῖς
1571 3979 1726 4058 κατ’
1768 3978 2021 4063 αὐτοὺς
2058 3982 2273 4080 ἀκοῆς
2317 4014 2394 4059 τε
2437 3984 2565 4079 τῆς
2608 3986 2830 4087 σφῶν
2866 3979 3034 4060 εἴσω

642 4100 1119 4202 ποιήσασθαι,
1161 4104 1278 4183 καὶ
1311 4100 1835 4208 ῥιψοκινδύνως
1871 4108 2134 4200 εἶπεῖν;
3059 4112 3130 4171 30

717 4382 767 4420 2.
803 4367 897 4420 τὸν
917 4366 1009 4422 alt.
1034 4376 1376 4439 assumptum
1398 4385 1464 4421 ex
1492 4367 1558 4423 Β.
1743 4386 1793 4434 4.
1831 4368 2076 4436 ποιμέσιν
2099 4367 2400 4423 emendavit
2422 4378 2485 4423 ut
2508 4368 2732 4424 adnotat
2755 4370 2869 4439 ipse
2891 4366 3030 4422 Aah.

646 4434 810 4495 Quod
835 4437 1046 4501 retinui,
1073 4455 1398 4509 quamquam
1425 4437 1557 4493 mihi
1581 4454 1695 4493 non
1720 4438 1992 4494 satisfacit.
2017 4439 2159 4508 ὑμεῖς
2184 4439 2249 4494 Β.
2280 4439 2461 4493 Holst.
2632 4456 2654 4494 1
2670 4457 2715 4495 ι.
2752 4439 2944 4507 Σαμίας
2969 4436 3031 4490 Β.

675 4506 1014 4576 Frid.-Aug.)
1042 4509 1266 4576 σαμαίας
1292 4507 1393 4562 Ed.
1624 4525 1706 4562 12.
1746 4511 2036 4578 Σαλαμίτης
2063 4510 2127 4565 Β.
2152 4511 2424 4580 αῖλαμίτής
2448 4509 2553 4564 Ed.
2788 4524 2868 4582 17.
2902 4510 3030 4581 ψευ-

677 4576 1161 4647 οδιδασκαλῆσασιν
1187 4577 1253 4632 Β.
1278 4578 1791 4649 ψευδοδιδασκάλοις
1822 4578 1921 4636 Ht.
1948 4579 2052 4636 Ed.
2268 4597 2354 4636 22.
2388 4579 2504 4652 ἀπ’]
2531 4580 2611 4636 ἐπ’
2637 4580 2782 4636 Aub-
