3238 5158
239 345 436 434 ix.15.
586 349 700 416 IN
757 350 826 423 S..
872 348 1389 415 JOANNEM.
1481 348 1830 415 LIB.V1.
1919 349 2126 416 CAP.
2169 349 2228 416 Ι.
2472 348 2595 413 165

237 510 603 613 πλῆττεται
668 513 815 667 γὰρ
882 511 1155 618 τρόπον
1217 511 1381 595 τινὰ
1449 512 1584 615 τὴν
1648 522 1778 594 τοῦ
1840 510 2267 618 πράγματος
2341 510 2596 618 φύσιν.

237 636 433 716 ἐκεῖνό
492 672 579 741 γε
644 641 739 723 ὦς
799 636 982 723 εἰκος
1048 637 1635 739 διενθυμούμενος
1698 635 1809 719 ὅτι
1870 642 2088 745 πηλῷ
2158 635 2603 742 καταχρίσας

234 758 555 861 ἀσυνήθει
609 760 970 870 φαρμάκῳ
1018 760 1105 842 τὸ
1155 761 1458 858 βλέπειν
1507 763 1703 869 αὐτῷ
1747 761 2179 868 παραδόξως
2224 757 2596 868 ἐξήνυσεν·
2625 771 2671 837 d

233 884 791 992 ἐκφανηκῶτατα
839 886 925 967 δέ
962 919 1088 986 μοι
1134 891 1335 968 δοκεῖ
1377 890 1495 967 καὶ
1537 888 1617 967 ἐκ
1657 891 1938 990 πικρῶν
1972 883 2348 985 νοημάτων
2385 885 2603 965 εἰπών

182 1033 214 1094 5
238 1010 437 1102 Πηλον
476 1008 772 1111 ἐποίησε
825 1012 945 1090 καὶ
999 1007 1255 1115 ἕχρισέ
1298 1046 1432 1116 μου
1472 1047 1625 1097 τους
1671 1007 2095 1117 ὀφθαλμούς.
2176 1041 2422 1107 ομοιον
2456 1004 2604 1109 γὰρ

232 1129 459 1237 ὥσπερ
507 1130 599 1214 ἀν
636 1132 703 1213 εἴ
742 1168 849 1218 τις
901 1132 1264 1285 ὑπολάβοι
1312 1135 1547 1236 λέγειν
1581 1132 1800 1214 αὐτόν
1835 1130 2031 1213 Οἶδα
2075 1130 2209 1233 μὲν
2245 1130 2458 1214 αὐτος
2505 1134 2604 1214 εἷς

230 1258 676 1362 φθονούντων
717 1261 897 1362 ε’ρῶν
940 1254 1179 1354 ἀκοὰς,
1216 1254 1527 1357 τάληθὲς
1575 1258 1645 1336 δ’
1685 1258 1812 1337 οὖν
1862 1290 2052 1352 ομως
2103 1257 2231 1335 οὐκ
2278 1253 2598 1357 ἀποκρύ-

227 1386 473 1486 ψομαι.
553 1382 960 1490 ἀμείψομαι
1023 1387 1178 1465 ταῖς
1241 1381 1726 1487 εὖχαριστίαις
1784 1378 1912 1460 τὸν
1970 1378 2140 1480 ἐμὸν
2197 1377 2598 1482 εὐεργέτην,

228 1506 549 1606 κρείττων
587 1505 849 1605 ἔσομαι
884 1509 1011 1605 τῆς
1045 1505 1341 1608 ἀκαίρου
1376 1508 1615 1608 σιγῆς·
1673 1501 1959 1604 τιμήσω
1996 1509 2150 1586 ταῖς
2187 1500 2605 1602 ὁμολογίαις

147 1663 208 1704 ιο
229 1625 342 1707 τὸν
373 1628 638 1733 ἰατρὸν,
677 1629 762 1709 οὗ
808 1627 1185 1733 περίεργόν
1221 1663 1341 1727 μοι
1391 1628 1519 1709 τὸν
1553 1632 1685 1727 τῆς
1736 1628 1996 1712 ἶάσεως
2043 1625 2605 1726 ἐπιτηδεύσαντα

224 1751 498 1855 τρόπον,
535 1755 625 1834 οὐ
658 1752 938 1861 σιδήρῳ
977 1756 1093 1833 καὶ
1144 1754 1533 1853 ἀνατομαῖς
1580 1750 1668 1832 τὸ
1715 1759 2021 1855 πρᾶγμα
2056 1747 2481 1851 κινήσαντα,
2523 1749 2607 1828 ού
2629 1782 2665 1825 ο

226 1875 618 1983 φαρμάκων
667 1878 1062 1980 καρυκείαις
1118 1874 1204 1957 τὸ
1259 1879 1594 1982 ὠφελοῦν
1640 1876 2157 1983 ἐξαρτύσαντα,
2196 1862 2280 1955 οὗ
2323 1870 2606 1980 μεθόδῳ

223 2001 677 2104 χρησάμενον
715 2003 1038 2105 ἐντριβεῖ,
1078 1998 1314 2106 ξέναις
1350 2000 1426 2081 δὲ
1460 2007 1753 2099 μᾶλλον
1787 1999 2123 2084 ἐπινοίαις
2166 1996 2601 2103 ἰσχύσαντα.

222 2124 422 2218 πηλὶν
454 2126 756 2224 ἐποίησε
809 2126 927 2205 καὶ
977 2122 1231 2229 ἕχρισέ
1258 2162 1391 2231 μου
1424 2121 1573 2211 τοὶς
1619 2122 2039 2232 ὄφθαλμοῖις,
2081 2131 2201 2205 καὶ
2241 2114 2607 2229 ἐνιψάμην,

142 2277 203 2338 ¹5
228 2257 336 2330 καὶ
370 2247 653 2344 βλέπω.
733 2249 894 2328 ἔστι
929 2249 1017 2329 δέ
1042 2282 1195 2332 πως
1229 2247 1601 2347 θαυμάσαι
1648 2250 1765 2328 καὶ
1815 2246 2113 2354 σφόδρα
2164 2244 2445 2329 δικαίως
2483 2245 2610 2325 τὸν

223 2373 593 2476 ἄνθρωπον
631 2379 780 2456 τοῖς
830 2374 990 2473 περὶ
1043 2370 1317 2452 τούτων
1351 2369 1630 2478 ῥήμασι
1677 2369 1998 2475 καθάπερ
2049 2368 2211 2452 τινὰ
2260 2369 2609 2474 κορωνίδα

221 2498 587 2602 χρησίμως
654 2495 740 2575 τό
807 2494 1058 2576 Βλέπω
1116 2496 1697 2600 προστεθεικότα,
1758 2494 1980 2597 μόνον
2044 2494 2190 2602 γὰρ
2250 2496 2410 2601 οὐχὶ
2473 2496 2607 2575 κάν
2632 2528 2669 2569 a
2710 2512 2849 2568 608
2867 2511 2951 2570 Δ.

220 2623 438 2729 τούτῳ
492 2621 737 2730 φησίν
772 2621 892 2700 Οὐ
937 2621 1247 2718 ματαίαν
1283 2622 1639 2728 ἀποφανῶ
1687 2618 1821 2720 τὴν
1864 2629 1991 2702 τοῦ
2039 2619 2610 2725 θεραπεύσαντος

222 2745 533 2844 δύναμιν,
572 2745 707 2825 οὐκ
744 2742 1152 2848 ἀρνήσομαι
1184 2742 1318 2842 τὴν
1353 2742 1586 2848 χάριν·
1662 2744 1805 2849 ἔχω
1854 2744 1998 2847 γὰρ
2051 2744 2189 2845 ἤδη
2241 2744 2328 2825 τὸ
2375 2742 2611 2826 πάλαι

140 2904 204 2948 20
221 2868 691 2970 ποθούμενον·
751 2866 963 2951 αὐτὸς
998 2865 1163 2969 ἐγὼ,
1202 2870 1455 2972 φησὶν,
1494 2869 1534 2947 ὃ
1571 2869 1690 2949 καὶ
1726 2870 1802 2947 ἐν
1838 2870 2091 2948 ὠδῖσιν
2127 2866 2428 2974 τυφλὸς,
2461 2867 2502 2946 ὁ
2536 2869 2613 2947 ἐν

221 2993 501 3102 ἐμβρύῳ
560 2995 680 3072 καὶ
737 2991 977 3098 μήτρᾳ
1034 2996 1298 3088 νοσῶν,
1351 2996 1569 3099 πηλῷ
1624 2989 2269 3095 κατακεχρισμένος
2325 2989 2616 3092 τεθερά-

220 3150 495 3216 πευμαι,
540 3123 663 3198 καὶ
701 3113 976 3212 βλέπω,
1011 3114 1401 3214 τουτέστιν,
1441 3116 1573 3221 οὐχ
1624 3117 1879 3199 ἁπλῶς
1922 3113 2289 3224 ἀνεῳγότα
2322 3113 2614 3195 δεικνύω

221 3237 340 3321 τὸν
388 3235 810 3347 ὀφθαλμὸν,
856 3238 1248 3320 καλύπτων
1296 3241 1372 3320 ἐν
1419 3238 1629 3334 βάθει
1684 3235 1812 3320 τὸν
1855 3237 2145 3336 σκότον,
2182 3236 2354 3319 ἀλλ’
2392 3236 2615 3322 ὅντως

222 3365 379 3466 ὁρῶ.
459 3364 609 3471 ἔχω
655 3361 916 3444 λοιπὸν
957 3365 1034 3443 ἐν
1076 3362 1247 3471 ὄψει
1281 3362 1375 3444 τὰ
1409 3366 1486 3444 ἐν
1523 3368 1785 3470 ψιλαῖς
1833 3364 2087 3466 τοπρῖν
2123 3365 2386 3447 ἀκοαῖς.
2461 3360 2617 3444 ἰδοὺ

140 3516 202 3577 25
222 3489 560 3593 λαμπρὸν
596 3487 807 3587 ἡλίου
837 3485 1403 3590 περιαστράπτει
1438 3520 1529 3587 με
1565 3493 1744 3594 φῶς·
1788 3484 1942 3569 ἰδοὺ
1978 3484 2205 3595 ξένων
2240 3485 2616 3585 θεαμάτων

218 3609 339 3693 τὸν
408 3611 590 3715 ἐμὸν
653 3609 1044 3717 ὀφθαλμὸν
1104 3610 1699 3717 περιστοιχίζεται
1772 3610 2068 3695 κάλλος.
2172 3645 2334 3715 αρτι
2403 3607 2618 3711 μόλις

287 3780 338 3819 1.
359 3765 477 3853 γὰρ
503 3770 847 3832 assumptum
871 3779 939 3817 ex
965 3760 1031 3817 Β.
1035 3779 1084 3818 8.
1308 3775 1359 3818 2.
1395 3760 1577 3817 ἐκεῖνοι
1600 3770 1655 3817 et
1678 3762 1951 3830 διενθυμου
1931 3743 2101 3832 ’μενος
2126 3762 2195 3818 Β.
2222 3762 2385 3818 ἐκεῖνο
2407 3771 2461 3817 et
2486 3762 2619 3817 διεν-

221 3832 540 3905 θυμούμενος
564 3851 593 3888 ο
619 3832 740 3888 cat.
765 3842 829 3888 ut
853 3832 962 3887 vid.
985 3831 1133 3887 Aub.
1274 3853 1337 3904 γε
1362 3849 1411 3888 a.
1439 3832 1559 3889 Cat.
1589 3834 1744 3888 Harl.
1767 3833 1825 3888 δέ
1853 3833 1919 3888 Β.
1850 3784 2051 3889 WEd.
2330 3833 2620 3924 φδμφον-

221 3909 467 3960 τικῶτατα
493 3922 547 3959 8.
653 3903 810 3958 εἰπών
836 3902 901 3958 Β.
925 3903 1089 3958 ‹ln-(iv
1114 3901 1298 3958 Holst.
1325 3901 1430 3958 Ed.
1678 3902 1732 3961 6.
1788 3904 1944 3962 αυτὸς
1967 3903 2273 3960 emendavit
2293 3903 2439 3959 Aub.
2467 3903 2624 3957 αὐτὸν

223 3974 286 4030 Β.
315 3977 413 4031 Ht.
439 3975 598 4030 deest
619 3973 844 4029 verbum
869 3972 1012 4028 hoc
997 3991 1055 4028 ιιι
1078 3991 1127 4028 8.
1340 3974 1394 4029 8.
1430 3976 1504 4062 τῇ
1518 3970 1825 4046 εὐχαριστίᾳ
1849 3973 2044 4029 8.081;.
2072 3974 2228 4031 Harl.

223 4046 475 4118 ὀμολογιᾳ
502 4062 553 4100 8.
892 4059 976 4099 11.
1011 4065 1196 4112 τομαις
1216 4061 1267 4099 8.
1396 4042 1677 4114 νικήσαντα
1700 4061 1750 4099 8.
2078 4062 2159 4116 13.
2195 4045 2254 4099 δε
2277 4061 2386 4099 om.
2537 4061 2623 4099 ne.

229 4131 308 4183 15.
342 4119 650 4186 Assumpta
672 4113 734 4170 δέ
755 4131 822 4169 ex
846 4133 913 4183 8.,
938 4115 1171 4202 σφόδραι
1179 4132 1245 4169 ex
1273 4114 1339 4169 B.
1633 4114 1716 4170 16.
1751 4114 1866 4170 τινὰ
1891 4116 2142 4186 κορωνίδα
2165 4115 2268 4170 hoc
2292 4045 2494 4170 ordinei

228 4200 307 4258 17.
340 4187 626 4258 μονονουχὶ
658 4185 762 4256 γὰρ
795 4202 846 4241 8.
964 4184 1059 4240 κᾶν
1079 4187 1234 4242 τοῦτο
1258 4184 1326 4239 Β.
1355 4183 1456 4241 Ht.
1479 4184 1784 4240 emendavit
1816 4203 1845 4239 ο
1882 4184 2001 4241 Cat.
2032 4186 2183 4241 Harl.
2210 4185 2355 4241 Aub.
2385 4193 2439 4239 et
2467 4185 2544 4239 ita
2573 4202 2625 4239 8.

467 4266 815 4327 ωιιιιιρωιιι
838 4272 906 4310 ex
931 4271 981 4309 8.
1242 4271 1330 4310 2ο.
1366 4257 1397 4309 ὁ
1429 4256 1514 4310 καὶ
1547 4255 1603 4310 ἐν
1626 4254 1924 4381 &bfo-wlff&
1925 4258 2047 4325 ἣσιν
2074 4255 2169 4327 Β.]
2196 4256 2400 4339 τυφλὸς
2430 4255 2493 4309 Β.
2496 4272 2547 4310 8.
2571 4254 2629 4310 ἐν

223 4259 439 4385 hgin&
384 4326 452 4396 ἢν
475 4345 542 4382 ex
574 4327 762 4396 ὀδῆσιν
783 4325 1087 4380 emendavit
1113 4323 1214 4382 Ht.
1237 4325 1384 4381 unde
1409 4327 1594 4382 ὦδῖσιν
1615 4342 1647 4379 ο
1673 4324 1775 4379 Cat
1879 4327 1975 4382 arl.
1996 4334 2060 4381 ut
2084 4326 2348 4382 adnotat
2335 4344 2449 4397 lpse
2471 4326 2628 4380 resti-

222 4404 397 4463 tuens,
422 4396 489 4466 ἦν
510 4407 695 4452 tamen
717 4413 784 4450 ex
810 4394 912 4451 Ht.
935 4395 1173 4460 retinuit,
1202 4396 1298 4452 sed
1323 4395 1382 4453 δς
1404 4414 1503 4469 pro
1527 4398 1558 4450 ὁ
1582 4394 1733 4451 dedit
1756 4395 1901 4452 Aub.
2065 4413 2152 4453 21.
2188 4395 2630 4467 κατακεχρημένος

224 4466 289 4523 Β.
314 4467 417 4523 Ht.
442 4467 749 4524 emendavit
773 4483 802 4521 e
829 4466 948 4521 Cat.
973 4472 1039 4522 ut
1063 4466 1170 4521 vid.
1198 4467 1343 4523 Aub.
1643 4482 1731 4538 23.
1769 4469 1971 4523 σκόπον
1994 4467 2062 4523 Β.
2087 4469 2288 4523 σκοπὸν
2315 4467 2413 4523 Ht.
2439 4470 2632 4523 σκότον

223 4537 527 4665 οιῗιουέᾶἰνίι
551 4556 581 4594 ο
607 4536 728 4594 Cat.
753 4546 818 4593 ut
837 4535 947 4594 vid.
971 4536 1119 4596 Aub.
1141 4546 1195 4594 et
1217 4539 1294 4594 ita
1315 4556 1366 4595 8.
1617 4551 1706 4610 25.
1741 4559 1807 4608 με
1830 4536 2081 4594 emendat
2106 4538 2305 4611 Heyee.
2325 4559 2423 4608 μοι
2450 4538 2514 4593 Β.
2539 4559 2633 4608 μοι
