3238 5158
229 374 315 416 ι.
352 372 450 418 11.
632 354 746 418 IN
808 354 875 418 S.
923 353 1437 418 JOANNEM.
1531 354 1723 419 LIB.
1756 355 1879 420 VI.
1969 356 2174 423 CAP.
2223 358 2277 423 Ι.
2520 359 2642 423 221

251 516 435 621 ζωῆς
491 517 981 619 κομισάμενοι,
1035 516 1479 620 τελεωτάτην
1533 523 2164 621 ἐναποκομιοῦνται
2216 519 2349 621 τὴν
2403 520 2646 626 χάριν,

251 645 374 721 καὶ
425 642 974 746 ἀλλαγήσονται
1026 640 1208 746 πρὸς
1258 642 1481 750 δόξαν
1531 644 1970 748 κομιζόμενοι
2019 643 2151 744 τὴν
2185 643 2384 748 παρὰ
2428 650 2644 725 Θεοῦ.
2675 670 2712 713 θ

253 771 323 845 οἱ
360 765 439 846 δὲ
477 765 995 866 ἀπειθήσαντες
1028 772 1131 875 τῷ
1167 772 1323 874 Υἱῷ
1356 769 1474 846 καὶ
1507 765 1641 866 τὴν
1676 768 2164 872 περίβλεπτον
2193 768 2653 867 ἀντιμισθίαν

251 892 429 992 παρ’
453 889 657 971 οὐδὲν
682 889 1173 990 ποιησάμενοι,
1198 889 1838 996 διελεγχθήσονται
1873 893 2092 972 αὐτοῦ
2127 891 2354 974 πάλιν
2381 892 2651 1000 φωνὴν,

186 1043 224 1104 5
253 1013 479 1112 μόνον
514 1014 600 1095 τὸ
642 1019 1033 1113 ἀναβιῶναι
1069 1022 1218 1099 τοῖς
1253 1013 1513 1100 ἅλλοις
1547 1016 2264 1120 συγκληρωσάμενοι,
2301 1022 2428 1117 τῆς
2465 1020 2652 1098 οὕτω

252 1145 534 1239 μακρᾶς
572 1138 924 1223 ἀπειθείας
971 1139 1408 1219 ἀποτίσουσι
1454 1139 1678 1223 δίκας.
1756 1137 2312 1245 κατοιχήσονται
2364 1140 2507 1245 γὰρ
2555 1148 2654 1226 εἷς

253 1259 438 1368 ᾅδου
488 1261 1140 1362 κολασθησόμενοι,
1177 1265 1294 1341 καὶ
1345 1261 1688 1361 ἀνόνητον
1725 1262 2018 1369 ἕξουσιν
2052 1266 2642 1368 ὑστεροβουλίαν.

253 1386 465 1465 ἔσται
527 1383 695 1488 γὰρ,
761 1387 1011 1492 φησὶν,
1080 1387 1226 1466 ἐκεῖ
1284 1386 1325 1464 ό
1391 1385 1758 1484 κλαυθμὸς
1824 1389 1940 1466 καὶ
2007 1389 2048 1467 ό
2109 1387 2438 1491 βρυγμὸς
2504 1397 2650 1469 τῶν
2741 1392 2985 1508 §ffl‘ff-

251 1506 592 1589 ὀδόντων.

145 1674 226 1715 10
661 1684 682 1698 κ
894 1642 1075 1718 ’fij-‹2›
1127 1640 1257 1719 εἰμι
1310 1644 1347 1710 ὅ
1401 1642 1645 1719 ποιμὴν
1699 1645 1737 1715 ὁ
1792 1646 2012 1713 καλός.
2399 1662 2405 1669 ·
2686 1661 2752 1702 11

373 1805 890 1912 Προεπιδείξας
926 1807 1003 1885 εὖ
1040 1804 1244 1902 μάλα
1293 1810 1413 1886 καὶ
1462 1814 1727 1912 σαφῶς
1776 1807 1922 1887 ὅσα
1973 1816 2118 1892 τοῖς
2171 1808 2655 1913 ἀρχαιοτέροις
2678 1843 2715 1884 a
2757 1830 2890 1885 646
2910 1830 2992 1887 A.

252 1930 299 2029 ἡ
348 1937 493 2009 τῶν
525 1934 1175 2037 ψευδοπροφητῶν,
1214 1930 1370 2031 ἤτοι
1422 1930 2031 2036 ψευδοποιμένων,
2072 1932 2448 2037 ὑπόκρισις
2505 1937 2650 2014 διε·

253 2054 648 2154 λυμήνατο,
685 2057 967 2160 ἐμφανῆ
1024 2088 1095 2134 τε
1145 2053 1619 2153 καταστήσας
1666 2059 1792 2155 τῆς
1838 2057 2087 2136 ἑαυτοῦ
2123 2060 2525 2159 παρουσίας
2564 2058 2658 2138 τὰ

252 2177 798 2281 κατορθώματα,
835 2181 950 2257 καὶ
997 2177 1085 2284 ἐξ
1129 2179 1345 2274 αὐτῆς
1397 2177 1532 2278 ἤδη
1575 2182 1699 2277 τῆς
1738 2185 1881 2259 τῶν
1916 2178 2306 2282 προβάτων
2343 2184 2651 2283 συγκρί-

147 2322 224 2384 ¹5
251 2336 444 2387 σεως
519 2301 649 2401 τὴν
725 2307 1042 2380 νικῶσαν
1104 2298 1688 2402 ἀπενεγκάμενος,
1747 2306 1861 2382 καὶ
1935 2310 2090 2387 ταῖς
2163 2304 2251 2411 ἐξ
2317 2305 2655 2403 ἀληθείας

249 2424 832 2533 στεφανούμενος
869 2424 1171 2531 ψήφοις,
1208 2424 1493 2509 εἰκότως
1533 2427 2066 2531 ἀναφθέγγεται
2101 2428 2184 2508 τό
2223 2431 2411 2532 Ἐγώ
2445 2439 2580 2535 εἰμι
2622 2440 2652 2512 ὁ

247 2547 499 2655 ποιμὴν
560 2558 590 2631 ὁ
655 2552 895 2635 καλός.
1000 2549 1234 2649 μάτην
1297 2549 1423 2629 οὖν
1477 2549 1618 2654 ἀρα
1686 2555 1916 2657 φησὶν
1976 2554 2202 2633 ἐκεῖνα
2267 2551 2418 2634 κατ’
2476 2554 2650 2653 ἐμοῦ

247 2672 781 2770 διεσκέπτεσθε,
840 2676 1172 2775 ἐγκαλεῖν
1236 2670 1313 2752 δὲ
1377 2676 1503 2754 οὐκ
1576 2674 1855 2779 ἔχοντες
1917 2678 2014 2758 ὡς
2082 2675 2266 2755 κατά
2329 2711 2398 2756 τι
2470 2686 2649 2779 γοῦν

249 2795 445 2880 ὅλως
480 2797 1056 2902 παραχαράττειν
1094 2794 1416 2877 ἐθέλοντι
1464 2796 1549 2878 τὸ
1599 2805 1747 2882 τοῖς
1795 2795 2188 2900 προβάτοις
2238 2798 2641 2898 λυσιτελὲς,
2674 2815 2719 2879 b

145 2952 224 2993 20
247 2927 399 3005 τοῖς
450 2928 663 2999 τοῦτο
714 2925 890 3021 δρᾶν
927 2917 1259 3000 εἰωθόσιν
1295 2923 1706 3024 ἐπαριθμεῖν
1740 2922 1823 3000 οὐ
1872 2920 2478 3023 κατεναρκήσατε,
2522 2922 2649 3004 τὸν

248 3043 327 3124 δὲ
394 3048 686 3143 ἀληθῶς
746 3041 1040 3145 ἀγαθὸν,
1096 3043 1414 3145 πονηρὸν
1471 3041 1653 3124 εἶναι’
1707 3051 1913 3151 φατε,
1974 3048 2091 3124 καὶ
2150 3046 2234 3125 τὸ
2295 3046 2650 3127 δύνασθαι

248 3168 511 3270 κρίνειν
548 3169 776 3270 ὀρθῶς
813 3165 928 3272 ἐφ’
965 3165 1250 3274 ἑκάστῳ
1286 3166 1657 3270 πράγματι
1695 3167 1878 3249 κατὰ
1920 3168 2052 3269 τὴν
2089 3179 2216 3250 τοῦ
2262 3171 2651 3271 νομοθέτου

249 3290 580 3399 διάταξιν
622 3293 700 3371 ἐκ
754 3299 881 3371 τοῦ
933 3279 1309 3396 φιλαυτεῖν
1351 3288 1815 3392 ζημιούμενοι.
1897 3293 2151 3372 οὐκοῦν
2200 3296 2297 3378 ὡς
2346 3296 2649 3395 ἀδίκους,

247 3420 347 3499 ὦς
400 3414 913 3517 ἀλογήσαντας
965 3417 1217 3518 κομιδῇ
1268 3420 1414 3493 τῶν
1463 3414 1580 3494 διὰ
1627 3415 2023 3514 Μωυσέως,
2063 3419 2159 3500 ὡς
2207 3418 2651 3520 ἠγνοηκότας

147 3559 221 3621 ²5
246 3544 377 3640 τῆς
435 3541 804 3638 ἐπιδημίας
860 3540 1078 3618 αὐτοῦ
1131 3536 1259 3616 τὸν
1303 3536 1606 3636 σκοπὸν,
1651 3538 1926 3645 ἐλέγχει
1980 3539 2146 3625 τοὺς
2199 3541 2649 3644 ἡγουμένους,

244 3663 364 3743 ἵνα
403 3663 490 3757 δὴ
527 3663 787 3744 λοιπὸν
823 3664 939 3741 καὶ
975 3661 1348 3761 ἀληθεύων
1384 3661 1490 3741 ἐπ’
1530 3663 1769 3747 αὐτοῖς
1819 3665 1860 3742 ό
1912 3664 2292 3770 προφήτης
2327 3666 2650 3750 Ἡσαΐας

246 3787 686 3891 εὑρίσκηται.
782 3797 825 3833 “
854 3787 1044 3865 Οὐαὶ
1106 3783 1274 3888 γάρ,
1339 3788 1594 3891 φησὶν,
1657 3790 1722 3866 οἱ
1786 3785 2120 3890 λέγοντες
2184 3787 2268 3868 τὸ
2333 3790 2652 3893 πονηρὸν
2676 3862 2712 3904 0
2741 3798 2826 3914 ᾖ·
2848 3815 2899 3848 Υ·

247 3921 294 3958 “
333 3907 564 3990 καλὸν
602 3914 717 3989 καὶ
761 3906 846 3988 τὸ
898 3907 1127 3988 καλὸν
1161 3907 1498 4012 πονηρὸν,
1536 3914 1601 3989 οἱ
1636 3911 1971 4013 λέγοντες
2006 3910 2090 3991 τὸ
2127 3910 2360 4014 γλυκὺ
2395 3947 2652 4017 πικρον

248 4045 294 4082 “
330 4037 448 4115 καὶ
504 4031 589 4114 τὸ
645 4031 901 4136 πικρὸν
951 4030 1210 4135 γλυκὺ,
1262 4036 1329 4112 οἱ
1371 4034 1677 4118 τιθέντες
1733 4033 1816 4114 τὸ
1874 4041 2033 4141 φῶς
2087 4036 2349 4120 σκότος
2400 4039 2516 4116 καὶ
2568 4036 2651 4116 τὸ

323 4260 372 4298 1.
410 4243 865 4309 ἐναποκομιοῦνται
893 4241 957 4296 Β.
986 4241 1169 4297 Holst.
1194 4241 1593 4312 ἀποκομιοῦντιιι
1618 4262 1647 4297 e
1674 4243 1792 4298 Cat.
1822 4245 1963 4301 Aub.
2147 4263 2197 4300 2.
2232 4247 2554 4316 κομιζόμενοι
2583 4246 2650 4302 Β.

249 4313 348 4368 Ht.
374 4314 651 4381 ἀνακομιζό
691 4334 797 4366 ενοι
821 4313 966 4367 Aub.
1162 4329 1215 4383 3.
1251 4315 1334 4366 καὶ
1359 4314 1664 4368 emendavit
1688 4315 1833 4368 Aub.
1861 4317 1988 4369 κατὰ
2015 4315 2080 4369 Β.
2112 4315 2207 4370 Ht.
2402 4336 2455 4383 4.
2492 4317 2652 4371 αὐτοῦ

240 4385 405 4439 πάλιν
427 4385 609 4454 φωνὴν
653 4386 803 4508 φωνῇ
829 4381 1080 4437 emendat
1103 4381 1308 4456 Heyee]
1330 4394 1672 4455 assumptum
1696 4403 1762 4439 ex
1785 4384 1851 4439 B.
1875 4387 1957 4438 καὶ
1978 4386 2079 4441 Ed.
2125 4386 2652 4443 Praemittendumne

241 4457 372 4510 κατὰ
689 4454 740 4508 8.
780 4455 950 4526 φησὶν
966 4463 1308 4535 assumptum
1332 4472 1398 4508 ex
1421 4473 1470 4511 a.
1642 4471 1726 4509 11.
1760 4456 2124 4524 προεπιδείξιις
2153 4456 2273 4512 Cat.
2304 4457 2456 4514 Harl.
2480 4479 2652 4528 προσ-

241 4526 507 4618 embc‘a'gus·
533 4524 637 4579 Ed.
718 4456 931 4579 Desunt
954 4523 1123 4578 haec
1111 4542 1166 4579 m
1191 4542 1241 4579 a.
1587 4539 1669 4592 15.
1706 4529 1818 4582 ταῖς
1841 4526 2142 4583 emendavit
2165 4527 2311 4582 Aub.
2337 4530 2431 4598 τὴν
2459 4529 2522 4583 Β.
2552 4527 2651 4584 Ht.

243 4614 330 4668 23.
370 4598 439 4654 ὥς
463 4596 674 4651 ἀδίκους
698 4611 809 4649 om.
838 4594 982 4650 Aub.
1221 4609 1307 4667 27.
1343 4597 1513 4667 φησὶν
1541 4595 1604 4651 Β.
1637 4596 1732 4651 Ht.
1760 4597 1932 4667 φασὶν
1955 4598 2101 4653 Aub.
