3238 5158
698 314 828 379 684
1304 321 1383 385 B.
1430 319 1858 385 CYRILLI
1916 318 2497 385 ALEXANDR.
2756 308 3036 377 xvii.6-8.

701 481 884 562 κατὰ
928 482 1177 590 φύσιν,
1216 490 1332 564 καὶ
1380 490 1447 565 οἱ
1495 493 1652 569 ταῖς
1699 493 1830 566 τοῦ
1879 483 2230 581 διαβόλου
2272 480 2732 589 συνεχόμενοι
2778 474 3038 558 πλάναις

702 610 818 686 καὶ
872 613 1026 692 ταῖς
1081 617 1458 708 κοσμικαῖς
1518 607 1843 693 ἀτοπίαις
1902 608 2551 711 ἐγκατειλημμένα.
2642 602 2934 685 δέδονται
2980 593 3040 675 δε

700 736 804 837 τῷ
839 735 1014 839 Υἱῷ,
1050 738 1203 818 πῶς
1243 730 1289 833 ἢ
1325 734 1487 814 τίνα
1523 732 1839 837 τρόπον,
1900 734 2319 829 βασιλεύειν
2352 731 2495 836 γὰρ
2533 730 2640 810 ἐπ’
2679 722 2912 809 αὐτοὺς
2943 719 3042 802 τὸν

699 854 1175 955 Ἐμμανουὴλ
1208 856 1679 958 ηύδόκησεν“
1647 892 1688 937 ο
1724 856 1913 942 Θεὸς
1964 861 2082 938 καὶ
2121 855 2403 958 Πατὴρ,
2440 856 2574 960 οὐχ
2621 856 2716 936 ὦς
2762 850 2907 954 ἄρτι
2945 848 3043 943 Τῆς

703 980 854 1057 κατ’
894 979 1131 1059 αὐτῶν
1165 983 1548 1077 βασιλείας
1593 981 2018 1087 ἀρχόμενον·
2079 978 2169 1082 ἦν
2206 978 2351 1085 γὰρ
2400 982 2506 1060 ἀει
2548 974 2805 1081 Κύριός
2848 1007 2914 1053 τε
2955 970 3088 1049 καὶὸ

702 1101 1077 1201 βασιλευς,
1114 1104 1296 1185 καθο
1345 1105 1566 1213 φύσει
1611 1104 1822 1191 Θεός·
1886 1103 2209 1186 ἀλλ’ὅτι
2262 1102 2642 1206 γενόμενος
2693 1098 3042 1199 ανθρωπος,

706 1259 822 1305 και
876 1218 1020 1325 τῆς
1061 1226 1400 1310 ἁπαντων
1446 1229 2055 1333 προκινδυνεύσας
2109 1228 2384 1333 ζωῆς,
2348 1232 2575 1336 εαυτῷ
2627 1221 2887 1307 πάντας
2932 1217 3047 1324 ἔξ(-

703 1351 987 1454 πρίατο,
1025 1350 1143 1432 καὶ
1197 1355 1281 1433 δι’
1324 1356 1575 1434 ἑαυτοῦ
1622 1351 2147 1457 προσκεκόμικε
2194 1358 2299 1461 τῷ
2343 1356 2512 1460 Θεῷ
2565 1352 2686 1430 καὶ
2724 1344 2959 1447 Πατρί.
3017 1339 3047 1417 ὁ

638 1493 683 1557 d
706 1476 944 1557 τοίνυν
996 1474 1228 1557 πάλαι
1281 1478 1400 1558 καὶ
1454 1478 1574 1558 ἀπ’
1615 1479 1844 1583 ἀρχῆς
1898 1475 2318 1573 βασιλεύων
2375 1478 2472 1561 ὦς
2529 1472 2720 1558 Θεος
2771 1472 2931 1567 ὁμοῦ
2973 1466 3051 1570 τῷ

707 1597 860 1708 ἰδίῳ
934 1597 1326 1704 γεννήτορι,
1392 1598 1957 1707 κεχειροτόνηται
2020 1599 2374 1697 βασιλεῦς
2434 1603 2531 1684 ὡς
2607 1598 2955 1698 ἅνθρωπος
3008 1584 3053 1694 ‘f'
3071 1610 3120 1651 ¹0

705 1724 886 1822 μετὰ
934 1731 1080 1805 τῶν
1115 1724 1371 1805 αλλων
1405 1727 1563 1805 ἐστι
1617 1728 1737 1805 καὶ
1784 1759 1871 1805 το
1922 1724 2337 1820 βασιλεύειν
2382 1720 2617 1821 δοτον,
2654 1718 2832 1802 κατά
2877 1749 2948 1818 γε
2989 1745 3053 1792 το

707 1851 967 1953 μέτρον
1011 1853 1138 1949 τῆς
1184 1851 1638 1953 ἀνθρωπείας
1696 1848 2181 1956 φύσεως.ού
2235 1882 2381 1951 γαρ
2431 1844 2689 1949 ὥσπερ
2734 1841 2963 1951 ζῷόν’
2933 1869 3054 1919 εστι

708 1970 1006 2075 λογικὸν
1050 1974 1091 2052 ὁ
1145 1971 1544 2076 ἅνθρωπος,
1585 1981 1712 2058 νοῦ
1762 1973 1882 2052 καὶ
1936 1969 2338 2073 ἐπιστήμης
2393 1970 2739 2068 δεκτικὸν,
2771 1970 2843 2047 ἐν
2873 1969 3053 2071 φυσι·

708 2103 857 2180 κοῖς
920 2095 1104 2200 ἔχων
1166 2093 1260 2176 τὰ
1325 2105 1619 2178 τοιαῦτα
1686 2093 2333 2198 πλεονεκτήμασιν,
2394 2098 2623 2179 οὕτως
2686 2091 2774 2174 ἂν
2823 2089 2916 2190 εἴη
2969 2085 3056 2165 καὶ

706 2218 1084 2316 βασιλεύς·
1141 2221 1370 2300 ἐκεῖνα
1413 2219 1543 2320 μὲν
1579 2219 1725 2326 γὰρ
1775 2223 1853 2301 ἐν
1886 2225 1990 2329 τῷ
2039 2224 2166 2321 τῆς
2216 2219 2470 2304 οὐσίας
2520 2253 2670 2327 ορῳ
2718 2221 3050 2320 παραλαμ·
3076 2231 3124 2290 ¹⁵

706 2344 1025 2442 βάνεται,
1063 2377 1147 2424 το
1204 2342 1280 2424 δὲ
1336 2343 1599 2452 ἔξωθέν
1648 2379 1726 2426 τε
1777 2346 1936 2425 ἐστὶ
1984 2349 2101 2425 καὶ
2146 2342 2751 2447 προστεθειμένον
2793 2340 2900 2421 καὶ
2936 2331 3058 2437 οὐχὶ

709 2475 856 2549 τῶν
891 2468 1312 2574 ἀχωρίστως
1349 2466 1979 2576 προσπεφυκότων
2015 2469 2365 2576 φαίνεται·
2419 2467 2926 2572 προσγίγνεται
2952 2455 3060 2561 γὰρ

711 2601 829 2673 καὶ
884 2595 1369 2697 ἀπογίγνεται,
1421 2594 1642 2694 μηδὲν
1699 2593 1786 2675 τὸ
1839 2592 2204 2698 παράπαν,
2258 2594 2440 2675 ὅσον
2492 2593 2666 2694 ἧκεν
2720 2598 2814 2676 εἰς
2866 2581 3061 2666 οὖσῖᾶς

712 2715 959 2819 λόγον,
995 2715 1080 2798 τὸ
1134 2718 1586 2817 ὑποκείμενον
1632 2720 1940 2799 ἀδικοῦν.
2019 2716 2232 2799 δοτὸν
2277 2718 2404 2799 οὖν
2447 2720 2590 2820 ἄρα
2647 2719 2764 2798 καὶ
2820 2709 3062 2816 θύραθεν

712 2840 1228 2945 ἐπεισκρίνεται
1277 2840 1383 2921 τὸ-
1413 2845 1541 2942 τῆς
1591 2842 1980 2938 βασιλείας
2027 2842 2314 2950 ἀξίωμα
2364 2847 2468 2951 τῷ
2517 2840 2872 2947 ἀνθρώπῳ
2911 2824 3124 2933 παρὰ20

378 2976 622 3104 1224&
658 2989 695 3030 ¹²
721 2971 935 3046 Θεοῦ·
1017 2975 1059 3012 “
1085 2966 1200 3045 Δι’
1272 2967 1445 3064 ἐμοῦ
1519 2964 1687 3069 γὰρ,
1752 2970 1963 3074 φησὶ,
2024 2973 2363 3063 βασιλεῖς
2424 2965 2918 3061 βασιλεύουσι,
2977 2954 3062 3035 Καὶ

377 3069 766 3183 viii.⁷1'5,“
800 3089 1130 3193 τύραννοι
1187 3091 1273 3170 δι’
1328 3092 1501 3189 ἐμοῦ
1557 3097 1907 3193 κρατοῦσι
1960 3092 2164 3193 γῆς.”
2244 3093 2285 3171 ὁ
2338 3090 2577 3171 τοίνυν
2632 3097 2782 3171 τῶν
2831 3082 3065 3169 πάντων

389 3182 466 3236 ¹6'
719 3213 1138 3310 βασιλεύων
1172 3249 1351 3313 μετα
1396 3213 1712 3317 Πατρος,
1749 3211 2155 3318 καθόπερ’
2110 3250 2200 3315 ην
2243 3249 2320 3296 τε
2372 3249 2489 3295 και
2539 3214 2704 3296 ἔστι
2755 3214 2866 3294 καὶ
2910 3207 3065 3288 ἔστω

721 3338 942 3447 φύσει
988 3335 1196 3437 Θεος,
1235 3338 1511 3444 δέχεται
1567 3345 1716 3418 τῶν
1764 3340 1841 3417 ἐν
1882 3336 2140 3448 κόσμῳ
2193 3374 2279 3420 το
2335 3337 2615 3477 κράτος,
2662 3334 2846 3421 κατά
2893 3364 2967 3434 γε
3005 3358 3065 3406 τῦ

719 3463 999 3566 πρέπον
1034 3463 1392 3571 ἀνθρωπῳ
1427 3458 1686 3569 σχῆμά
1723 3496 1799 3542 τε
1838 3496 1955 3542 και
1991 3463 2276 3566 μέτρον.
3081 3456 3124 3517 '⁵

834 3584 982 3666 Δια
1037 3585 1182 3690 γὰρ
1232 3585 1443 3667 τοῦτό
1500 3589 1772 3693 φησιν’
1773 3584 1923 3667 Ὀτι
1977 3585 2210 3667 πάντα
2257 3621 2388 3667 οσαι
2434 3581 2740 3673 δεδωκάς
2775 3620 2887 3692 μοι
2918 3572 3067 3679 παῤ

723 3711 837 3790 σοί
871 3717 1022 3790 εἰσ-ι.
1101 3711 1358 3812 κυρίως
1410 3709 1541 3811 μὲν
1577 3709 1722 3814 γάρ
1770 3744 1847 3791 τε
1900 3714 2018 3790 καὶ
2069 3713 2304 3795 ἲδικῶς
2351 3708 2444 3791 τὰ
2491 3708 2734 3792 πάντα
2787 3710 2933 3788 ἐστὶ
2976 3703 3066 3781 τοῦ
3141 3702 3142 3717 ’

727 3837 944 3912 Θεοῦ·
1018 3833 1192 3913 δοτὰ
1250 3834 1326 3914 δὲ
1381 3837 1551 3936 ἡμῖν
1607 3842 1757 3920 τοῖς
1812 3836 1897 3916 δι’
1959 3835 2177 3916 αὑτοῦ
2232 3834 2595 3938 γεγονόσι.
2680 3837 2798 3915 καὶ
2853 3829 2929 3913 τὸ
2975 3820 3068 3922 μέῐ

722 3954 961 4038 πάντα
1024 3961 1415 4057 κεκτῆσθαι
1473 3960 1593 4039 καὶ
1658 3956 2038 4065 κατάρχειν
2093 3966 2239 4039 τῶν
2295 3957 2490 4041 ὅλων
2545 3964 2635 4064 τῇ
2697 3958 2847 4064 θείᾳ
2901 3950 3068 4059 φύσει
3139 3964 3140 4019 ἰ

724 4080 1353 4185 πρεπωδέστατον·
1426 4083 1595 4184 ἡμῖν
1651 4082 1728 4163 δὲ
1785 4085 1876 4164 αὖ
1934 4082 2161 4165 πάλιν
2215 4083 2300 4165 τὸ
2359 4090 2613 4179 λαβεῖν
2667 4077 3063 4163 οἰκειότατον·
3083 4087 3126 4149 3⁰

661 4228 705 4293 b
729 4204 1262 4311 ἐπεμαρτύρησε
1312 4207 1540 4309 γεμὴν
1598 4205 1683 4287 τὸ
1739 4208 2044 4309 γνήσιον
2099 4214 2195 4293 εἷς
2252 4208 2578 4288 δουλείαν
2632 4209 2750 4288 καὶ
2804 4203 2882 4286 τὸ
2929 4190 3064 4300 πρό·

804 4430 852 4487 7.
889 4417 1054 4472 πάντα
1081 4416 1244 4473 Cord.
1483 4437 1567 4486 14.
1603 4408 2020 4488 πλεονεκτήματα
2048 4420 2113 4475 Ε.
2353 4433 2436 4491 17.
2470 4421 2840 4492 προσγίγνεται
2865 4414 2924 4470 Ε.
2943 4426 3066 4480 19⁰³·

730 4512 781 4611 Ji}
775 4487 1052 4625 ’νεταίέὶά
1289 4505 1483 4560 31-p,
1497 4489 1621 4557 685,
1651 4508 1693 4543 ι.
1732 4489 2348 4562 επεμιιρτύρησε-αὐτόν
2372 4508 2478 4545 om.
2505 4492 2560 4561 (a
2586 4513 2700 4546 -τον
2720 4488 2789 4545 ad
2813 4488 3064 4542 wdrmffi·

729 4577 747 4611 1
771 4576 882 4612 lens
