3238 5158
200 355 434 404 xwu.
570 337 685 403 IN
746 337 813 405 S.
860 335 1383 404 JOANNEM.
1474 335 1671 402 LIB.
1718 336 1803 401 X.
1895 335 2099 402 CAP.
2146 336 2243 402 ΙΙ.
2484 335 2613 400 573

198 499 438 607 χαρὰν
473 500 701 607 ἔχητε,
739 500 900 602 ἤτοι
943 500 1076 603 τὴν
1127 506 1224 587 εἷς
1267 499 1410 601 ε’μέ·
1495 503 1684 582 οὕτω
1740 499 1885 605 γὰρ
1923 498 2014 581 ἀν
2047 502 2163 580 καὶ
2220 499 2423 580 αὐτοὶ
2477 497 2612 599 τὴν

198 625 388 705 ἰδίαν
462 625 1042 729 ἀναπληρῶσητε
1119 624 1440 727 δύναμιν,
1515 631 1664 705 τῶν
1739 623 2244 729 ὑπερκοσμίων
2315 626 2614 725 ἀγαθῶν

196 752 606 836 ἐννοοῦντες
643 748 778 853 τὴν
824 748 1157 851 ἀμοιβὴν,
1214 753 1332 830 καὶ
1389 749 1520 851 τὴν
1571 750 1928 851 ἐσομένην
1981 757 2128 834 τοῖς
2183 750 2351 855 παρ’
2413 751 2613 848 ὑμῶν

199 877 505 977 ἱδρῶσιν
555 876 947 974 ἀντίδοσιν,
1010 877 1130 955 καὶ
1185 877 1313 974 τῆς
1370 872 1573 979 παρὰ
1628 880 1797 982 Θεῷ
1845 871 2075 981 δόξης
2133 871 2219 955 τὸ
2279 872 2608 977 μέγεθος·

26 1007 47 1048 ’““
114 1023 164 1086 5
198 998 431 1100 ἤγουν
465 997 707 1103 ἕτερόν
740 1033 819 1079 τι
846 1006 1287 1083 σκοποῦντες
1322 1001 1440 1078 καὶ
1484 995 1953 1101 λογιζόμενοι,
1988 995 2172 1103 πρὸς
2206 997 2613 1099 βαθυτέραν
2636 1008 2682 1073 b

25 1135 35 1146 '
200 1120 380 1203 ἱέναι
438 1124 741 1228 θεωρίαν
785 1125 914 1204 οὐκ
969 1119 1502 1224 ἀποκνήσομεν.
1577 1127 1836 1228 χρῆναι
1872 1120 2018 1226 γὰρ
2055 1118 2252 1222 οἶμαι
2289 1124 2406 1203 καὶ
2443 1120 2612 1202 λίαν

200 1247 286 1327 εὖ
338 1244 547 1347 μάλα
592 1253 1014 1356 φιλοθηρεῖν
1068 1248 1388 1338 εὐσεβῶς
1435 1245 1728 1347 ἀπάσης
1767 1247 2062 1350 θεωρίας
2116 1244 2245 1327 τὸν
2300 1244 2606 1328 σκοπόν.

201 1371 286 1452 τί
329 1372 455 1452 οὖν
493 1372 635 1476 ἄρα
675 1375 895 1473 δηλοῖ
940 1369 1025 1452 τό
1079 1368 1221 1452 “lm
1274 1374 1309 1465 ἦ
1352 1369 1548 1479 χαρέι
1585 1375 1621 1466 ἦ
1661 1369 1785 1476 ἑμῆ
1831 1368 1867 1485 ᾗ
1919 1373 1979 1453 ἓν
2015 1375 2207 1478 ὑμῖν,
2270 1368 2317 1471 ἢ
2369 1369 2454 1451 τὸ
2505 1369 2616 1450 ὅτι

24 1483 47 1558 ’ἱ
205 1494 461 1600 γέγονε
518 1498 683 1578 καθ’
743 1496 932 1597 ἡμᾶς
987 1497 1029 1576 ὃ
1088 1490 1532 1598 Μονογενῆς,
1569 1491 1961 1593 τουτέστιν,
2016 1494 2394 1598 ἄνθρακι-ος
2449 1498 2618 1600 δίχα

26 1637 57 1684 ’ἵ
84 1660 180 1702 10
207 1618 436 1722 μόνης
473 1622 842 1725 ἁμαρτίας,
880 1619 1121 1703 πάντα
1172 1618 1506 1725 κεκρικὼς
1556 1621 1930 1719 ὑπομεῖναι
1972 1622 2090 1700 καὶ
2125 1626 2381 1701 παθεῖν
2417 1618 2620 1699 ὅσων

50 1763 57 1770 “
207 1742 486 1847 ἤγαγεν
520 1751 618 1830 εἷς
649 1753 900 1848 πεῖραν
944 1743 1162 1826 αὐτὸν
1197 1745 1243 1844 ἡ
1284 1743 1637 1848 ἐπάρατος
1687 1750 1832 1825 τῶν
1867 1744 2231 1825 Ἰουδαίων
2266 1743 2616 1841 ἀπόνοια;

26 1901 51 1936 ³-
208 1868 610 1972 εὖρήσομεν
665 1868 808 1974 γὰρ
863 1868 1301 1972 ὑβρισθέντα
1356 1903 1433 1950 τε
1493 1872 1608 1949 καὶ
1671 1865 2097 1968 διωκόμενον
2159 1871 2277 1948 καὶ
2339 1875 2617 1972 πικροῖς

26 2027 53 2068 μ·
207 1993 517 2073 ὀνείδεσι
577 1991 1235 2097 διακεκρουσμένον,
1295 1990 1798 2093 ἐμπτυσθέντα
1860 2027 1939 2074 τε
1998 1995 2115 2073 καὶ
2145 1992 2617 2098 ,ῥαπισθέντα

206 2119 330 2197 καὶ
384 2121 514 2218 τῆς
575 2116 693 2197 διὰ
746 2117 1128 2220 μαστίγων
1164 2118 1394 2202 αἰκίας
1443 2118 1573 2198 οὐκ
1619 2115 2153 2222 ἀμοιρήσαντα,
2197 2119 2314 2196 καὶ
2363 2129 2612 2198 τελευ-
2644 2150 2681 2193 ο

25 2276 38 2288 ·
87 2274 178 2336 15
207 2248 414 2322 ταῖον
446 2243 563 2322 ἐπὶ
599 2241 876 2326 τούτοις
920 2248 1023 2350 τῷ
1073 2244 1157 2323 δι’
1198 2243 1383 2341 ἡμᾶς
1431 2244 1548 2321 καὶ
1596 2239 1774 2345 ὑπὲρ
1808 2242 2011 2341 ἡμῶν
2046 2239 2621 2344 προσηλωθέντα

207 2372 530 2474 σταυρῷ.
604 2368 720 2447 ἐπὶ
765 2368 839 2447 δὲ
889 2365 1166 2451 τούτοις
1220 2363 1456 2447 ἅπασι
1511 2373 1660 2450 τοῖς
1719 2367 1906 2447 οὕτω
1963 2370 2239 2463 δεινοῖς,
2282 2365 2367 2445 οὐ
2403 2399 2615 2446 κατε·

26 2529 43 2568 ι
209 2488 525 2593 σπάσθη
561 2487 745 2595 πρὸς
780 2490 1050 2590 λύπην,
1090 2489 1290 2591 πλὴν
1326 2489 1508 2571 ὅσον
1542 2499 1670 2571 τοῦ
1706 2495 1958 2571 παθεῖν
1995 2495 2454 2590 οἰκονομικῶς
2491 2491 2621 2570 οὐκ

28 2658 43 2697 s
211 2614 567 2722 ἀπέφριξε
622 2614 756 2715 τὴν
789 2616 1107 2723 ἀδοξίαν,
1143 2615 1344 2695 ἀλλὰ
1403 2620 1528 2716 τῆς
1582 2613 1999 2720 πρεπούσης
2037 2616 2383 2716 θυμηδίας
2428 2617 2624 2726 αὐτῷ

28 2780 39 2821 ι
216 2741 336 2818 καὶ
390 2747 620 2845 χαρᾶς
671 2739 1051 2826 ἀνάπλεως
1105 2737 1216 2839 ἦν,
1253 2741 1542 2844 ἐπείπερ
1596 2738 1948 2845 ἐθεάσατο
1991 2739 2123 2840 τὴν
2177 2746 2325 2821 τῶν
2379 2740 2618 2845 σωζο-

99 2904 193 2947 20
216 2863 452 2963 με’νων
514 2862 822 2964 πληθὺν,
886 2862 1389 2968 πληρούμενόν
1443 2898 1522 2945 τε
1580 2864 1665 2946 τὸ
1718 2863 2002 2964 θέλημα
2062 2871 2192 2945 τοῦ
2253 2869 2445 2946 Θεοῦ
2505 2867 2624 2945 καὶ

28 3034 35 3071 ι
222 2987 538 3091 Πατρός.
624 2987 743 3068 διὰ
803 2997 1016 3071 τοῦτο
1081 2986 1317 3094 χαρὰν
1391 2992 1691 3070 ἐποιεῖτο
1763 2988 1897 3088 τὴν
1969 2990 2275 3088 ἀτιμίαν,
2342 2988 2626 3097 τρυφὴν

220 3112 578 3217 ἐλογίζετο
633 3111 796 3198 τοὺς
849 3110 1137 3200 πόνους.
1216 3115 1446 3195 καίτοι
1502 3112 1647 3218 γὰρ
1690 3119 2000 3195 πολλῶν
2035 3117 2152 3195 καὶ
2207 3113 2622 3221 ἀπηχεστά-
2650 3128 2694 3193 d

215 3270 365 3319 των
426 3239 579 3318 κατ’
642 3239 860 3319 αὐτοῦ
924 3238 1434 3338 τολμωμένων,
1498 3238 1996 3342 γεγραμμένον
2058 3237 2454 3344 εὑρήσομεν
2514 3237 2623 3319 ὅτι

215 3359 378 3441 τότε
416 3363 457 3441 ὂ
506 3363 791 3463 Ἰησοῦς
830 3372 871 3411 ‘⁶
894 3361 1409 3464 ἠγαλλιάσατο
1468 3370 1573 3471 τῷ
1626 3361 1979 3462 πνεύματι
2016 3365 2136 3443 καὶ
2180 3359 2374 3445 εἶπεν
2408 3364 2624 3470 Ἐξο-
2714 3346 2768 3463 {⁵1
2787 3346 2917 3464 {2⁰⁰⁶

101 3502 190 3565 25
218 3497 262 3534 “
295 3487 760 3590 μολογοῦμαί
797 3521 924 3568 σοι
963 3485 1212 3591 Πάτερ
1257 3486 1454 3591 κύριε
1492 3495 1623 3568 τοῦ
1661 3488 1966 3591 οὐρανοῦ
2003 3489 2120 3567 καὶ
2155 3492 2283 3589 τῆς
2320 3493 2475 3592 γῆς,
2515 3487 2625 3569 ὅτι

216 3621 262 3659 “
298 3612 727 3719 ἀπέκρυψας
780 3618 1010 3693 ταῦτα
1053 3611 1211 3691 ἀπὸ
1236 3617 1497 3719 σοφῶν
1531 3614 1651 3692 καὶ
1703 3616 2043 3710 συνετῶν,
2083 3615 2197 3691 καὶ
2250 3610 2619 3693 ἀπεκάλυ·

219 3747 263 3785 “
299 3741 455 3841 ψας
491 3732 673 3817 αὐτὰ
708 3736 1006 3837 νηπίοις·
1070 3737 1185 3816 ναὶ
1223 3735 1264 3815 ὁ
1305 3735 1584 3839 Πατὴρ,
1624 3734 1736 3816 ὅτι
1773 3737 1999 3822 οὕτως
2035 3737 2315 3817 εὐδοκία
2350 3737 2629 3841 ἐγένετο

221 3870 265 3907 “
304 3858 714 3964 ἔμπροσθέν
753 3861 965 3942 σου.”
1042 3858 1337 3958 ἀκούεις,
1376 3858 1486 3940 ὅτι
1521 3859 1809 3964 ἐπείπερ
1845 3863 2091 3941 ἐθεᾶτο
2133 3862 2631 3968 σοφουμένους

222 3981 387 4069 τοὺς
445 3984 739 4085 νηπίους
790 4017 869 4064 τε
928 3983 1141 4069 ὄντας
1205 3987 1323 4065 καὶ
1386 3982 1733 4084 ἀνοήτους
1788 3982 1986 4083 ποτὲ,
2034 3986 2264 4091 χαίρει
2322 3984 2455 4085 μὲν
2511 3986 2627 4064 καὶ
2653 4017 2690 4061 e

108 4133 197 4193 30
222 4109 665 4211 ἀγαλλιᾶται
721 4106 840 4189 διὰ
888 4116 1017 4189 τοῦ
1057 4107 1500 4208 Πνεύματος,
1538 4107 1752 4213 χάριν
1785 4107 1861 4188 δὲ
1907 4105 2159 4211 ῶσπερ
2205 4107 2383 4212 ὑπὲρ
2424 4109 2631 4209 ἡμῶν

221 4237 548 4315 ἀνατιθεῖ
611 4237 717 4341 τῷ
790 4230 1210 4335 &concessam
1281 4234 1545 4336 Πατρί·
1649 4230 1852 4312 ἀλλὰ
1912 4234 2030 4312 καὶ
2104 4231 2220 4313 ὅτε
2293 4231 2428 4333 τὴν
2482 4238 2630 4313 τῶν

301 4537 350 4574 1.
387 4519 452 4574 ἂν
474 4534 582 4574 om.
610 4504 677 4573 Ε.
1058 4534 1110 4573 2.
1145 4516 1361 4585 δύναμιν
1385 4525 1725 4590 assumptum
1750 4536 1814 4574 ex
1841 4518 1908 4574 Ε.
2292 4535 2375 4575 ιο.
2410 4515 2541 4574 ὅσον
2565 4514 2632 4571 Ε.

227 4603 312 4662 17.
349 4590 444 4645 οὐκ
468 4588 729 4662 ἀπίφριξε
757 4586 824 4644 Ε.
851 4586 913 4642 οὗ
936 4589 1217 4662 κατίφριξε
1245 4587 1349 4645 Ed.
1652 4589 1739 4646 28.
1777 4587 2116 4661 σοφωμίνους
2141 4589 2208 4647 Ε.
