<?xml version="1.0" encoding="UTF-8"?>
<!DOCTYPE html PUBLIC "-//W3C//DTD XHTML 1.0 Transitional//EN"
    "http://www.w3.org/TR/xhtml1/DTD/xhtml1-transitional.dtd">
<html xmlns="http://www.w3.org/1999/xhtml" xml:lang="en" lang="en">
 <head>
  <title>
</title>
<meta http-equiv="Content-Type" content="text/html;charset=utf-8" />
  <meta name='ocr-system' content='tesseract 3.04.00' />
  <meta name='ocr-capabilities' content='ocr_page ocr_carea ocr_par ocr_line ocrx_word'/>
</head>
<body>
  <div class='ocr_page' id='page_1' title='image "./sanctipatrisnos03pusegoog_0091.png"; bbox 0 0 3238 5158; ppageno 0'>
   <div class='ocr_carea' id='block_1_1' title="bbox 196 361 2564 447">
    <p class='ocr_par' dir='ltr' id='par_1_1' title="bbox 196 355 2564 447">
     <span class='ocr_line' id='line_1_1' title="bbox 196 361 2564 447; baseline 0.003 -25"><span class='ocrx_word' id='word_1_1' title='bbox 196 355 560 447; x_wconf 81' lang='lat' dir='ltr'>viii39‚40.</span> <span class='ocrx_word' id='word_1_2' title='bbox 648 361 765 427; x_wconf 90' lang='lat' dir='ltr'>IN</span> <span class='ocrx_word' id='word_1_3' title='bbox 827 362 892 428; x_wconf 83' lang='lat' dir='ltr'>S.</span> <span class='ocrx_word' id='word_1_4' title='bbox 942 363 1454 430; x_wconf 85' lang='lat' dir='ltr'><strong>JOANNEM.</strong></span> <span class='ocrx_word' id='word_1_5' title='bbox 1547 364 1741 431; x_wconf 87' lang='lat' dir='ltr'><strong>LIB.</strong></span> <span class='ocrx_word' id='word_1_6' title='bbox 1774 364 1858 429; x_wconf 91' lang='lat' dir='ltr'>V.</span> <span class='ocrx_word' id='word_1_7' title='bbox 1950 364 2155 430; x_wconf 86' lang='lat' dir='ltr'>CAP.</span> <span class='ocrx_word' id='word_1_8' title='bbox 2189 364 2271 428; x_wconf 87' lang='lat' dir='ltr'>V.</span> <span class='ocrx_word' id='word_1_9' title='bbox 2480 366 2564 428; x_wconf 89' lang='grc'>79</span> 
     </span>
    </p>
   </div>
   <div class='ocr_carea' id='block_1_2' title="bbox 101 519 2903 1750">
    <p class='ocr_par' dir='ltr' id='par_1_2' title="bbox 101 519 2903 1750">
     <span class='ocr_line' id='line_1_2' title="bbox 196 519 2627 634; baseline 0.002 -34"><span class='ocrx_word' id='word_1_10' title='bbox 196 519 426 607; x_wconf 71' lang='grc' dir='ltr'>τέκνοις</span> <span class='ocrx_word' id='word_1_11' title='bbox 484 524 823 634; x_wconf 65' lang='grc' dir='ltr'>Ἀβραιέιμ</span> <span class='ocrx_word' id='word_1_12' title='bbox 888 524 1437 633; x_wconf 79' lang='grc' dir='ltr'>κατατετάχθαι,</span> <span class='ocrx_word' id='word_1_13' title='bbox 1503 527 1720 629; x_wconf 84' lang='grc' dir='ltr'>τιμὴν</span> <span class='ocrx_word' id='word_1_14' title='bbox 1782 524 1959 609; x_wconf 83' lang='grc' dir='ltr'>εἶναι</span> <span class='ocrx_word' id='word_1_15' title='bbox 2031 526 2164 629; x_wconf 84' lang='grc' dir='ltr'>τὴν</span> <span class='ocrx_word' id='word_1_16' title='bbox 2226 524 2565 607; x_wconf 78' lang='grc' dir='ltr'>ἀνωτάτω</span> <span class='ocrx_word' id='word_1_17' title='bbox 2590 548 2627 592; x_wconf 80' lang='grc' dir='ltr'>θ</span> 
     </span>
     <span class='ocr_line' id='line_1_3' title="bbox 193 647 2559 755; baseline 0.003 -29"><span class='ocrx_word' id='word_1_18' title='bbox 193 647 705 749; x_wconf 78' lang='grc' dir='ltr'>πεπιστεύκατε,</span> <span class='ocrx_word' id='word_1_19' title='bbox 741 648 907 736; x_wconf 77' lang='grc' dir='ltr'>τοὺς</span> <span class='ocrx_word' id='word_1_20' title='bbox 952 652 1217 732; x_wconf 88' lang='grc' dir='ltr'>ἐκείνου</span> <span class='ocrx_word' id='word_1_21' title='bbox 1266 650 1695 755; x_wconf 80' lang='grc' dir='ltr'>σπουδάζειν</span> <span class='ocrx_word' id='word_1_22' title='bbox 1730 651 2341 753; x_wconf 80' lang='grc' dir='ltr'>ἀπομιμήσασθαι</span> <span class='ocrx_word' id='word_1_23' title='bbox 2388 649 2559 754; x_wconf 83' lang='grc' dir='ltr'>τρό-</span> 
     </span>
     <span class='ocr_line' id='line_1_4' title="bbox 191 772 2563 884; baseline 0.003 -35"><span class='ocrx_word' id='word_1_24' title='bbox 191 801 374 855; x_wconf 91' lang='grc' dir='ltr'>πους·</span> <span class='ocrx_word' id='word_1_25' title='bbox 432 772 569 853; x_wconf 78' lang='grc' dir='ltr'>ἔδει</span> <span class='ocrx_word' id='word_1_26' title='bbox 617 784 746 856; x_wconf 90' lang='grc' dir='ltr'>τοῦ</span> <span class='ocrx_word' id='word_1_27' title='bbox 792 776 1153 880; x_wconf 85' lang='grc' dir='ltr'>προγόνου</span> <span class='ocrx_word' id='word_1_28' title='bbox 1199 775 1333 876; x_wconf 86' lang='grc' dir='ltr'>τὴν</span> <span class='ocrx_word' id='word_1_29' title='bbox 1370 777 1799 884; x_wconf 80' lang='grc' dir='ltr'>ἀξιέραστον</span> <span class='ocrx_word' id='word_1_30' title='bbox 1837 783 2243 882; x_wconf 81' lang='grc' dir='ltr'>ἶχνηλατεῖν</span> <span class='ocrx_word' id='word_1_31' title='bbox 2280 774 2563 880; x_wconf 86' lang='grc' dir='ltr'>ἀρετὴν,</span> 
     </span>
     <span class='ocr_line' id='line_1_5' title="bbox 192 892 2567 1004; baseline 0.001 -28"><span class='ocrx_word' id='word_1_32' title='bbox 192 892 313 974; x_wconf 76' lang='grc' dir='ltr'>ἔδει</span> <span class='ocrx_word' id='word_1_33' title='bbox 343 895 522 999; x_wconf 76' lang='grc' dir='ltr'>πρὸς</span> <span class='ocrx_word' id='word_1_34' title='bbox 556 900 832 984; x_wconf 78' lang='grc' dir='ltr'>τούτοις</span> <span class='ocrx_word' id='word_1_35' title='bbox 866 900 999 1000; x_wconf 80' lang='grc' dir='ltr'>τὴν</span> <span class='ocrx_word' id='word_1_36' title='bbox 1036 902 1428 981; x_wconf 83' lang='grc' dir='ltr'>εὐπείθειαν</span> <span class='ocrx_word' id='word_1_37' title='bbox 1464 900 1728 1004; x_wconf 80' lang='grc' dir='ltr'>ζηλοῦν</span> <span class='ocrx_word' id='word_1_38' title='bbox 1766 904 1884 980; x_wconf 83' lang='grc' dir='ltr'>καὶ</span> <span class='ocrx_word' id='word_1_39' title='bbox 1919 904 2231 1003; x_wconf 82' lang='grc' dir='ltr'>ἀγαπᾶν.</span> <span class='ocrx_word' id='word_1_40' title='bbox 2297 900 2567 999; x_wconf 84' lang='grc' dir='ltr'>ἤκουσε</span> 
     </span>
     <span class='ocr_line' id='line_1_6' title="bbox 136 1022 2569 1132; baseline 0.003 -36"><span class='ocrx_word' id='word_1_41' title='bbox 136 1035 169 1097; x_wconf 84' lang='grc'><strong>5</strong></span> <span class='ocrx_word' id='word_1_42' title='bbox 190 1028 303 1100; x_wconf 87' lang='grc' dir='ltr'>τοῦ</span> <span class='ocrx_word' id='word_1_43' title='bbox 354 1027 544 1102; x_wconf 83' lang='grc' dir='ltr'>Θεοῦ</span> <span class='ocrx_word' id='word_1_44' title='bbox 600 1022 943 1126; x_wconf 83' lang='grc' dir='ltr'>λε’γοντος</span> <span class='ocrx_word' id='word_1_45' title='bbox 985 1034 1029 1072; x_wconf 87' lang='grc'><strong>“</strong></span> <span class='ocrx_word' id='word_1_46' title='bbox 1051 1022 1373 1132; x_wconf 78' lang='grc' dir='ltr'>Ἔξελθε</span> <span class='ocrx_word' id='word_1_47' title='bbox 1428 1028 1505 1105; x_wconf 89' lang='grc' dir='ltr'>ἐκ</span> <span class='ocrx_word' id='word_1_48' title='bbox 1560 1029 1690 1124; x_wconf 84' lang='grc' dir='ltr'>τῆς</span> <span class='ocrx_word' id='word_1_49' title='bbox 1741 1029 1878 1127; x_wconf 83' lang='grc' dir='ltr'>γῆς</span> <span class='ocrx_word' id='word_1_50' title='bbox 1933 1058 2075 1104; x_wconf 95' lang='grc' dir='ltr'>σου</span> <span class='ocrx_word' id='word_1_51' title='bbox 2134 1026 2253 1103; x_wconf 84' lang='grc' dir='ltr'>καὶ</span> <span class='ocrx_word' id='word_1_52' title='bbox 2306 1025 2383 1102; x_wconf 88' lang='grc' dir='ltr'>ἐκ</span> <span class='ocrx_word' id='word_1_53' title='bbox 2438 1026 2569 1122; x_wconf 82' lang='grc' dir='ltr'>τῆς</span> 
     </span>
     <span class='ocr_line' id='line_1_7' title="bbox 190 1145 2564 1254; baseline 0 -29"><span class='ocrx_word' id='word_1_54' title='bbox 190 1151 230 1190; x_wconf 90' lang='lat'>“</span> <span class='ocrx_word' id='word_1_55' title='bbox 260 1146 673 1249; x_wconf 76' lang='grc' dir='ltr'>συγγενείας</span> <span class='ocrx_word' id='word_1_56' title='bbox 722 1183 883 1246; x_wconf 91' lang='grc' dir='ltr'>σου,</span> <span class='ocrx_word' id='word_1_57' title='bbox 923 1152 1042 1229; x_wconf 82' lang='grc' dir='ltr'>καὶ</span> <span class='ocrx_word' id='word_1_58' title='bbox 1091 1154 1297 1251; x_wconf 86' lang='grc' dir='ltr'>δεῦρο</span> <span class='ocrx_word' id='word_1_59' title='bbox 1347 1153 1444 1234; x_wconf 79' lang='grc' dir='ltr'>εἷς</span> <span class='ocrx_word' id='word_1_60' title='bbox 1493 1147 1626 1249; x_wconf 77' lang='grc' dir='ltr'>τὴν</span> <span class='ocrx_word' id='word_1_61' title='bbox 1671 1153 1811 1252; x_wconf 88' lang='grc' dir='ltr'>γῆν</span> <span class='ocrx_word' id='word_1_62' title='bbox 1854 1147 1945 1249; x_wconf 84' lang='grc' dir='ltr'>ἣν</span> <span class='ocrx_word' id='word_1_63' title='bbox 1981 1148 2073 1228; x_wconf 80' lang='grc' dir='ltr'>ἅν</span> <span class='ocrx_word' id='word_1_64' title='bbox 2110 1181 2232 1227; x_wconf 93' lang='grc' dir='ltr'>σοι</span> <span class='ocrx_word' id='word_1_65' title='bbox 2285 1145 2564 1254; x_wconf 82' lang='grc' dir='ltr'>δείξω.”</span> 
     </span>
     <span class='ocr_line' id='line_1_8' title="bbox 187 1268 2565 1378; baseline 0.001 -31"><span class='ocrx_word' id='word_1_66' title='bbox 187 1272 291 1348; x_wconf 80' lang='grc' dir='ltr'>καὶ</span> <span class='ocrx_word' id='word_1_67' title='bbox 338 1272 719 1371; x_wconf 80' lang='grc' dir='ltr'>μελλήσας</span> <span class='ocrx_word' id='word_1_68' title='bbox 774 1272 978 1352; x_wconf 81' lang='grc' dir='ltr'>οὐδὲν</span> <span class='ocrx_word' id='word_1_69' title='bbox 1025 1277 1188 1375; x_wconf 88' lang='grc' dir='ltr'>περὶ</span> <span class='ocrx_word' id='word_1_70' title='bbox 1241 1270 1375 1372; x_wconf 83' lang='grc' dir='ltr'>τὴν</span> <span class='ocrx_word' id='word_1_71' title='bbox 1419 1276 1567 1352; x_wconf 77' lang='grc' dir='ltr'>τῶν</span> <span class='ocrx_word' id='word_1_72' title='bbox 1612 1270 2251 1378; x_wconf 81' lang='grc' dir='ltr'>χρηματισθέντων</span> <span class='ocrx_word' id='word_1_73' title='bbox 2294 1268 2565 1369; x_wconf 85' lang='grc' dir='ltr'>ἐκπλή-</span> 
     </span>
     <span class='ocr_line' id='line_1_9' title="bbox 185 1393 2563 1503; baseline 0 -30"><span class='ocrx_word' id='word_1_74' title='bbox 185 1425 423 1494; x_wconf 90' lang='grc' dir='ltr'>ρωσιν,</span> <span class='ocrx_word' id='word_1_75' title='bbox 462 1401 912 1500; x_wconf 87' lang='grc' dir='ltr'>παραχρῆμα</span> <span class='ocrx_word' id='word_1_76' title='bbox 946 1394 1076 1495; x_wconf 79' lang='grc' dir='ltr'>μὲν</span> <span class='ocrx_word' id='word_1_77' title='bbox 1113 1400 1242 1497; x_wconf 83' lang='grc' dir='ltr'>τῆς</span> <span class='ocrx_word' id='word_1_78' title='bbox 1277 1395 1709 1498; x_wconf 78' lang='grc' dir='ltr'>ἐνεγκούσης</span> <span class='ocrx_word' id='word_1_79' title='bbox 1753 1395 1997 1503; x_wconf 80' lang='grc' dir='ltr'>ἐξέθει,</span> <span class='ocrx_word' id='word_1_80' title='bbox 2035 1393 2167 1495; x_wconf 86' lang='grc' dir='ltr'>τὴν</span> <span class='ocrx_word' id='word_1_81' title='bbox 2204 1393 2279 1475; x_wconf 82' lang='grc' dir='ltr'>δὲ</span> <span class='ocrx_word' id='word_1_82' title='bbox 2328 1397 2563 1474; x_wconf 87' lang='grc' dir='ltr'>ἀλλο-</span> 
     </span>
     <span class='ocr_line' id='line_1_10' title="bbox 185 1515 2563 1625; baseline 0.001 -31"><span class='ocrx_word' id='word_1_83' title='bbox 185 1515 373 1618; x_wconf 86' lang='grc' dir='ltr'>τρίαν</span> <span class='ocrx_word' id='word_1_84' title='bbox 408 1521 537 1598; x_wconf 82' lang='grc' dir='ltr'>οὐκ</span> <span class='ocrx_word' id='word_1_85' title='bbox 585 1518 783 1603; x_wconf 78' lang='grc' dir='ltr'>εἰδὼς</span> <span class='ocrx_word' id='word_1_86' title='bbox 833 1518 1467 1618; x_wconf 83' lang='grc' dir='ltr'>καταλαμβάνεται</span> <span class='ocrx_word' id='word_1_87' title='bbox 1510 1527 1641 1599; x_wconf 91' lang='grc' dir='ltr'>τοῦ</span> <span class='ocrx_word' id='word_1_88' title='bbox 1675 1517 2229 1625; x_wconf 77' lang='grc' dir='ltr'>προστάξαντος</span> <span class='ocrx_word' id='word_1_89' title='bbox 2265 1521 2563 1620; x_wconf 87' lang='grc' dir='ltr'>ἐπιθαρ·</span> 
     </span>
     <span class='ocr_line' id='line_1_11' title="bbox 101 1636 2903 1750; baseline 0.001 -31"><span class='ocrx_word' id='word_1_90' title='bbox 101 1667 166 1710; x_wconf 84' lang='lat'>10</span> <span class='ocrx_word' id='word_1_91' title='bbox 185 1636 417 1738; x_wconf 87' lang='grc' dir='ltr'>σήσας</span> <span class='ocrx_word' id='word_1_92' title='bbox 481 1647 740 1748; x_wconf 85' lang='grc' dir='ltr'>φειδοῖ.</span> <span class='ocrx_word' id='word_1_93' title='bbox 843 1645 959 1725; x_wconf 83' lang='grc' dir='ltr'>ἐπὶ</span> <span class='ocrx_word' id='word_1_94' title='bbox 1023 1642 1269 1750; x_wconf 85' lang='grc' dir='ltr'>νύσσῃ</span> <span class='ocrx_word' id='word_1_95' title='bbox 1334 1640 1410 1724; x_wconf 79' lang='grc' dir='ltr'>δὲ</span> <span class='ocrx_word' id='word_1_96' title='bbox 1477 1640 1732 1747; x_wconf 74' lang='grc' dir='ltr'>ὥσπερ</span> <span class='ocrx_word' id='word_1_97' title='bbox 1805 1645 1986 1749; x_wconf 80' lang='grc' dir='ltr'>αὐτῇ</span> <span class='ocrx_word' id='word_1_98' title='bbox 2063 1640 2379 1744; x_wconf 77' lang='grc' dir='ltr'>γεγονὼς</span> <span class='ocrx_word' id='word_1_99' title='bbox 2441 1650 2569 1721; x_wconf 90' lang='grc' dir='ltr'>τοῦ</span> <span class='ocrx_word' id='word_1_100' title='bbox 2593 1679 2629 1720; x_wconf 77' lang='lat' dir='ltr'><strong>a</strong></span> <span class='ocrx_word' id='word_1_101' title='bbox 2669 1666 2803 1722; x_wconf 75' lang='lat'>540</span> <span class='ocrx_word' id='word_1_102' title='bbox 2824 1666 2903 1723; x_wconf 76' lang='lat' dir='ltr'>A.</span> 
     </span>
    </p>
   </div>
   <div class='ocr_carea' id='block_1_3' title="bbox 184 1763 2890 1897">
    <p class='ocr_par' dir='ltr' id='par_1_3' title="bbox 184 1763 2890 1897">
     <span class='ocr_line' id='line_1_12' title="bbox 184 1763 2890 1897; baseline 0.004 -56"><span class='ocrx_word' id='word_1_103' title='bbox 184 1763 367 1862; x_wconf 87' lang='grc' dir='ltr'>βίου,</span> <span class='ocrx_word' id='word_1_104' title='bbox 407 1768 527 1845; x_wconf 87' lang='grc' dir='ltr'>καὶ</span> <span class='ocrx_word' id='word_1_105' title='bbox 576 1766 967 1848; x_wconf 85' lang='grc' dir='ltr'>ἑκατοστόν</span> <span class='ocrx_word' id='word_1_106' title='bbox 1001 1802 1144 1848; x_wconf 93' lang='grc' dir='ltr'>που</span> <span class='ocrx_word' id='word_1_107' title='bbox 1177 1768 1449 1872; x_wconf 86' lang='grc' dir='ltr'>τρίβων</span> <span class='ocrx_word' id='word_1_108' title='bbox 1486 1766 1829 1865; x_wconf 80' lang='grc' dir='ltr'>ἐνιαυτὸν,</span> <span class='ocrx_word' id='word_1_109' title='bbox 1865 1766 2175 1867; x_wconf 82' lang='grc' dir='ltr'>ἤκουσεν</span> <span class='ocrx_word' id='word_1_110' title='bbox 2212 1764 2323 1846; x_wconf 83' lang='grc' dir='ltr'>ὅτι</span> <span class='ocrx_word' id='word_1_111' title='bbox 2365 1764 2572 1846; x_wconf 80' lang='grc' dir='ltr'>ἔσται</span> <span class='ocrx_word' id='word_1_112' title='bbox 2659 1767 2890 1897; x_wconf 52' lang='lat' dir='ltr'><strong>gean.</strong></span> 
     </span>
    </p>
   </div>
   <div class='ocr_carea' id='block_1_4' title="bbox 99 1889 2672 4238">
    <p class='ocr_par' dir='ltr' id='par_1_4' title="bbox 99 1889 2672 4238">
     <span class='ocr_line' id='line_1_13' title="bbox 184 1889 2573 1998; baseline 0.002 -33"><span class='ocrx_word' id='word_1_113' title='bbox 184 1918 299 1967; x_wconf 79' lang='lat' dir='ltr'>croc</span> <span class='ocrx_word' id='word_1_114' title='bbox 349 1890 675 1994; x_wconf 53' lang='lat' dir='ltr'>majona·</span> <span class='ocrx_word' id='word_1_115' title='bbox 763 1893 879 1971; x_wconf 82' lang='grc' dir='ltr'>καὶ</span> <span class='ocrx_word' id='word_1_116' title='bbox 934 1891 1087 1972; x_wconf 85' lang='grc' dir='ltr'>κατ’</span> <span class='ocrx_word' id='word_1_117' title='bbox 1148 1891 1348 1972; x_wconf 81' lang='grc' dir='ltr'>οὐδὲν</span> <span class='ocrx_word' id='word_1_118' title='bbox 1403 1892 1802 1989; x_wconf 77' lang='grc' dir='ltr'>ἐνδοιάσας,</span> <span class='ocrx_word' id='word_1_119' title='bbox 1861 1889 2130 1995; x_wconf 86' lang='grc' dir='ltr'>θερμὴν</span> <span class='ocrx_word' id='word_1_120' title='bbox 2184 1890 2413 1970; x_wconf 85' lang='grc' dir='ltr'>ἐδίδου</span> <span class='ocrx_word' id='word_1_121' title='bbox 2467 1896 2573 1998; x_wconf 76' lang='grc' dir='ltr'>τῷ</span> 
     </span>
     <span class='ocr_line' id='line_1_14' title="bbox 182 2012 2563 2123; baseline 0.002 -35"><span class='ocrx_word' id='word_1_122' title='bbox 182 2017 517 2093; x_wconf 87' lang='grc' dir='ltr'>λαλοῦντι</span> <span class='ocrx_word' id='word_1_123' title='bbox 574 2012 707 2115; x_wconf 83' lang='grc' dir='ltr'>τὴν</span> <span class='ocrx_word' id='word_1_124' title='bbox 760 2017 1033 2115; x_wconf 86' lang='grc' dir='ltr'>πίστιν,</span> <span class='ocrx_word' id='word_1_125' title='bbox 1088 2017 1174 2096; x_wconf 82' lang='grc' dir='ltr'>οὐ</span> <span class='ocrx_word' id='word_1_126' title='bbox 1230 2021 1321 2121; x_wconf 81' lang='grc' dir='ltr'>τῇ</span> <span class='ocrx_word' id='word_1_127' title='bbox 1379 2019 1507 2115; x_wconf 83' lang='grc' dir='ltr'>τῆς</span> <span class='ocrx_word' id='word_1_128' title='bbox 1568 2014 1841 2119; x_wconf 79' lang='grc' dir='ltr'>σαρκὸς</span> <span class='ocrx_word' id='word_1_129' title='bbox 1896 2015 2231 2123; x_wconf 77' lang='grc' dir='ltr'>ἀσθενείᾳ</span> <span class='ocrx_word' id='word_1_130' title='bbox 2286 2048 2563 2117; x_wconf 88' lang='grc' dir='ltr'>προσε-</span> 
     </span>
     <span class='ocr_line' id='line_1_15' title="bbox 184 2135 2566 2246; baseline 0.002 -31"><span class='ocrx_word' id='word_1_131' title='bbox 184 2135 487 2240; x_wconf 76' lang='grc' dir='ltr'>οχηκὼς,</span> <span class='ocrx_word' id='word_1_132' title='bbox 564 2139 766 2219; x_wconf 83' lang='grc' dir='ltr'>ἀλλὰ</span> <span class='ocrx_word' id='word_1_133' title='bbox 840 2136 974 2240; x_wconf 85' lang='grc' dir='ltr'>τὴν</span> <span class='ocrx_word' id='word_1_134' title='bbox 1045 2148 1176 2221; x_wconf 92' lang='grc' dir='ltr'>τοῦ</span> <span class='ocrx_word' id='word_1_135' title='bbox 1247 2140 1832 2246; x_wconf 84' lang='grc' dir='ltr'>χρηματίσαντος</span> <span class='ocrx_word' id='word_1_136' title='bbox 1906 2137 2251 2240; x_wconf 85' lang='grc' dir='ltr'>ἐννοήσας</span> <span class='ocrx_word' id='word_1_137' title='bbox 2324 2139 2566 2244; x_wconf 77' lang='grc' dir='ltr'>ἰσχύν.</span> 
     </span>
     <span class='ocr_line' id='line_1_16' title="bbox 100 2257 2575 2372; baseline 0 -30"><span class='ocrx_word' id='word_1_138' title='bbox 100 2280 165 2342; x_wconf 84' lang='lat'>15</span> <span class='ocrx_word' id='word_1_139' title='bbox 185 2257 482 2358; x_wconf 81' lang='grc' dir='ltr'>ἤκουσεν</span> <span class='ocrx_word' id='word_1_140' title='bbox 538 2269 637 2349; x_wconf 80' lang='grc' dir='ltr'>εἶς</span> <span class='ocrx_word' id='word_1_141' title='bbox 702 2265 963 2345; x_wconf 85' lang='grc' dir='ltr'>θυσίαν</span> <span class='ocrx_word' id='word_1_142' title='bbox 1018 2267 1378 2345; x_wconf 86' lang='grc' dir='ltr'>ἀναθεῖναι</span> <span class='ocrx_word' id='word_1_143' title='bbox 1431 2270 1536 2372; x_wconf 74' lang='grc' dir='ltr'>τῷ</span> <span class='ocrx_word' id='word_1_144' title='bbox 1593 2270 1761 2372; x_wconf 73' lang='grc' dir='ltr'>Θεῷ</span> <span class='ocrx_word' id='word_1_145' title='bbox 1820 2261 1948 2344; x_wconf 77' lang='grc' dir='ltr'>τὸν</span> <span class='ocrx_word' id='word_1_146' title='bbox 1999 2261 2397 2366; x_wconf 81' lang='grc' dir='ltr'>ἀγαπητὸν,</span> <span class='ocrx_word' id='word_1_147' title='bbox 2457 2265 2575 2343; x_wconf 80' lang='grc' dir='ltr'>καὶ</span> 
     </span>
     <span class='ocr_line' id='line_1_17' title="bbox 183 2386 2567 2495; baseline 0.002 -33"><span class='ocrx_word' id='word_1_148' title='bbox 183 2390 320 2464; x_wconf 79' lang='grc' dir='ltr'>τῶν</span> <span class='ocrx_word' id='word_1_149' title='bbox 352 2390 481 2482; x_wconf 88' lang='grc' dir='ltr'>τῆς</span> <span class='ocrx_word' id='word_1_150' title='bbox 532 2386 829 2495; x_wconf 89' lang='grc' dir='ltr'>φύσεως</span> <span class='ocrx_word' id='word_1_151' title='bbox 875 2386 1080 2474; x_wconf 76' lang='grc' dir='ltr'>εὐθὺς</span> <span class='ocrx_word' id='word_1_152' title='bbox 1131 2388 1646 2492; x_wconf 81' lang='grc' dir='ltr'>κατηγωνίζετο</span> <span class='ocrx_word' id='word_1_153' title='bbox 1694 2387 1963 2485; x_wconf 87' lang='grc' dir='ltr'>πόθων,</span> <span class='ocrx_word' id='word_1_154' title='bbox 2003 2389 2334 2492; x_wconf 77' lang='grc' dir='ltr'>δευτέραν</span> <span class='ocrx_word' id='word_1_155' title='bbox 2370 2389 2567 2468; x_wconf 81' lang='grc' dir='ltr'>ἐποι-</span> 
     </span>
     <span class='ocr_line' id='line_1_18' title="bbox 184 2511 2568 2622; baseline 0.003 -37"><span class='ocrx_word' id='word_1_156' title='bbox 184 2513 318 2589; x_wconf 83' lang='grc' dir='ltr'>εἲτο</span> <span class='ocrx_word' id='word_1_157' title='bbox 364 2515 494 2611; x_wconf 80' lang='grc' dir='ltr'>τῆς</span> <span class='ocrx_word' id='word_1_158' title='bbox 547 2513 740 2599; x_wconf 78' lang='grc' dir='ltr'>θείας</span> <span class='ocrx_word' id='word_1_159' title='bbox 788 2515 1083 2614; x_wconf 81' lang='grc' dir='ltr'>ἐντολῆς</span> <span class='ocrx_word' id='word_1_160' title='bbox 1130 2511 1264 2615; x_wconf 87' lang='grc' dir='ltr'>τὴν</span> <span class='ocrx_word' id='word_1_161' title='bbox 1298 2516 1415 2595; x_wconf 84' lang='grc' dir='ltr'>ἐπὶ</span> <span class='ocrx_word' id='word_1_162' title='bbox 1459 2518 1564 2620; x_wconf 74' lang='grc' dir='ltr'>τῷ</span> <span class='ocrx_word' id='word_1_163' title='bbox 1613 2514 1965 2622; x_wconf 76' lang='grc' dir='ltr'>νεανίσκῳ</span> <span class='ocrx_word' id='word_1_164' title='bbox 2012 2512 2568 2622; x_wconf 88' lang='grc' dir='ltr'>φιλοστοργίαν.</span> 
     </span>
     <span class='ocr_line' id='line_1_19' title="bbox 182 2635 2576 2740; baseline 0.002 -29"><span class='ocrx_word' id='word_1_165' title='bbox 182 2638 322 2712; x_wconf 88' lang='grc' dir='ltr'>πᾶν</span> <span class='ocrx_word' id='word_1_166' title='bbox 357 2635 433 2717; x_wconf 77' lang='grc' dir='ltr'>δὲ</span> <span class='ocrx_word' id='word_1_167' title='bbox 467 2636 751 2724; x_wconf 85' lang='grc' dir='ltr'>τούτοις</span> <span class='ocrx_word' id='word_1_168' title='bbox 785 2639 862 2719; x_wconf 85' lang='grc' dir='ltr'>ἐν</span> <span class='ocrx_word' id='word_1_169' title='bbox 899 2640 1064 2738; x_wconf 83' lang='grc' dir='ltr'>ὑμῖν</span> <span class='ocrx_word' id='word_1_170' title='bbox 1099 2638 1407 2740; x_wconf 80' lang='grc' dir='ltr'>εὑρίσκω</span> <span class='ocrx_word' id='word_1_171' title='bbox 1455 2636 1541 2717; x_wconf 80' lang='grc' dir='ltr'>τὸ</span> <span class='ocrx_word' id='word_1_172' title='bbox 1590 2639 1929 2717; x_wconf 87' lang='grc' dir='ltr'>ἐναντίον·</span> <span class='ocrx_word' id='word_1_173' title='bbox 1990 2642 2391 2718; x_wconf 70' lang='grc' dir='ltr'>ἀποκτεῖναι</span> <span class='ocrx_word' id='word_1_174' title='bbox 2430 2635 2576 2739; x_wconf 80' lang='grc' dir='ltr'>γάρ</span> 
     </span>
     <span class='ocr_line' id='line_1_20' title="bbox 184 2759 2570 2869; baseline -0 -28"><span class='ocrx_word' id='word_1_175' title='bbox 184 2791 266 2860; x_wconf 81' lang='grc' dir='ltr'>με</span> <span class='ocrx_word' id='word_1_176' title='bbox 338 2759 599 2869; x_wconf 66' lang='grc' dir='ltr'>ζητεῖτε’</span> <span class='ocrx_word' id='word_1_177' title='bbox 644 2768 899 2868; x_wconf 89' lang='grc' dir='ltr'>φησιν,</span> <span class='ocrx_word' id='word_1_178' title='bbox 953 2762 1065 2843; x_wconf 81' lang='grc' dir='ltr'>ὅτι</span> <span class='ocrx_word' id='word_1_179' title='bbox 1127 2760 1509 2856; x_wconf 70' lang='grc' dir='ltr'>λελάληκα.</span> <span class='ocrx_word' id='word_1_180' title='bbox 1568 2766 1718 2867; x_wconf 73' lang='grc' dir='ltr'>ὑμῖν</span> <span class='ocrx_word' id='word_1_181' title='bbox 1775 2759 1868 2840; x_wconf 83' lang='grc' dir='ltr'>τὰ</span> <span class='ocrx_word' id='word_1_182' title='bbox 1932 2759 2129 2867; x_wconf 55' lang='grc' dir='ltr'>παρὰ</span> <span class='ocrx_word' id='word_1_183' title='bbox 2196 2763 2308 2840; x_wconf 79' lang='grc' dir='ltr'>τοῦ</span> <span class='ocrx_word' id='word_1_184' title='bbox 2373 2763 2570 2841; x_wconf 75' lang='grc' dir='ltr'>Θεοῦ·</span> 
     </span>
     <span class='ocr_line' id='line_1_21' title="bbox 99 2882 2646 2992; baseline 0 -31"><span class='ocrx_word' id='word_1_185' title='bbox 99 2909 165 2951; x_wconf 77' lang='lat'>20</span> <span class='ocrx_word' id='word_1_186' title='bbox 185 2885 359 2963; x_wconf 77' lang='grc' dir='ltr'>τοῦτο</span> <span class='ocrx_word' id='word_1_187' title='bbox 416 2882 761 2992; x_wconf 69' lang='grc' dir='ltr'>Ἂβραιέιμ</span> <span class='ocrx_word' id='word_1_188' title='bbox 819 2893 934 2967; x_wconf 81' lang='grc' dir='ltr'>οὐκ</span> <span class='ocrx_word' id='word_1_189' title='bbox 990 2888 1308 2980; x_wconf 79' lang='grc' dir='ltr'>ἐποίησεν.</span> <span class='ocrx_word' id='word_1_190' title='bbox 1409 2886 1494 2965; x_wconf 84' lang='grc' dir='ltr'>ού</span> <span class='ocrx_word' id='word_1_191' title='bbox 1553 2885 1698 2988; x_wconf 79' lang='grc' dir='ltr'>γὰρ</span> <span class='ocrx_word' id='word_1_192' title='bbox 1756 2883 2098 2991; x_wconf 77' lang='grc' dir='ltr'>ἐξύβρισε</span> <span class='ocrx_word' id='word_1_193' title='bbox 2158 2891 2313 2967; x_wconf 84' lang='grc' dir='ltr'>ταῖς</span> <span class='ocrx_word' id='word_1_194' title='bbox 2372 2886 2571 2963; x_wconf 88' lang='grc' dir='ltr'>ἀπει-</span> <span class='ocrx_word' id='word_1_195' title='bbox 2601 2883 2646 2949; x_wconf 84' lang='lat' dir='ltr'><strong>b</strong></span> 
     </span>
     <span class='ocr_line' id='line_1_22' title="bbox 185 3004 2672 3112; baseline 0.001 -29"><span class='ocrx_word' id='word_1_196' title='bbox 185 3007 388 3092; x_wconf 86' lang='grc' dir='ltr'>θείαις</span> <span class='ocrx_word' id='word_1_197' title='bbox 441 3009 574 3090; x_wconf 77' lang='grc' dir='ltr'>τὸν</span> <span class='ocrx_word' id='word_1_198' title='bbox 629 3008 1067 3111; x_wconf 87' lang='grc' dir='ltr'>λαλήσαντα</span> <span class='ocrx_word' id='word_1_199' title='bbox 1119 3009 1303 3112; x_wconf 79' lang='grc' dir='ltr'>πρὸς</span> <span class='ocrx_word' id='word_1_200' title='bbox 1359 3009 1600 3108; x_wconf 83' lang='grc' dir='ltr'>αὐτὸν,</span> <span class='ocrx_word' id='word_1_201' title='bbox 1651 3009 1779 3089; x_wconf 83' lang='grc' dir='ltr'>οὐκ</span> <span class='ocrx_word' id='word_1_202' title='bbox 1834 3005 2140 3110; x_wconf 78' lang='grc' dir='ltr'>ἐζήτησέ</span> <span class='ocrx_word' id='word_1_203' title='bbox 2187 3043 2256 3088; x_wconf 91' lang='grc' dir='ltr'>τι</span> <span class='ocrx_word' id='word_1_204' title='bbox 2311 3004 2578 3111; x_wconf 84' lang='grc' dir='ltr'>δράσαι</span> <span class='ocrx_word' id='word_1_205' title='bbox 2653 3090 2672 3099; x_wconf 64' lang='lat'><em>,</em></span> 
     </span>
     <span class='ocr_line' id='line_1_23' title="bbox 184 3129 2578 3239; baseline 0.002 -32"><span class='ocrx_word' id='word_1_206' title='bbox 184 3137 320 3212; x_wconf 75' lang='grc' dir='ltr'>τῶν</span> <span class='ocrx_word' id='word_1_207' title='bbox 354 3132 783 3215; x_wconf 83' lang='grc' dir='ltr'>λυπούντων</span> <span class='ocrx_word' id='word_1_208' title='bbox 819 3134 1057 3215; x_wconf 83' lang='grc' dir='ltr'>αὐτόν.</span> <span class='ocrx_word' id='word_1_209' title='bbox 1139 3141 1295 3218; x_wconf 82' lang='grc' dir='ltr'>πῶς</span> <span class='ocrx_word' id='word_1_210' title='bbox 1331 3134 1456 3213; x_wconf 81' lang='grc' dir='ltr'>οὖν</span> <span class='ocrx_word' id='word_1_211' title='bbox 1494 3133 1597 3213; x_wconf 80' lang='grc' dir='ltr'>ἔτι</span> <span class='ocrx_word' id='word_1_212' title='bbox 1633 3130 1835 3214; x_wconf 78' lang='grc' dir='ltr'>τέκναι</span> <span class='ocrx_word' id='word_1_213' title='bbox 1869 3134 1981 3212; x_wconf 79' lang='grc' dir='ltr'>τοῦ</span> <span class='ocrx_word' id='word_1_214' title='bbox 2016 3129 2356 3239; x_wconf 70' lang='grc' dir='ltr'>Ἂβραέιμ</span> <span class='ocrx_word' id='word_1_215' title='bbox 2391 3130 2578 3230; x_wconf 74' lang='grc' dir='ltr'>ἐστὲ,</span> 
     </span>
     <span class='ocr_line' id='line_1_24' title="bbox 185 3254 2581 3365; baseline 0 -32"><span class='ocrx_word' id='word_1_216' title='bbox 185 3267 530 3338; x_wconf 86' lang='grc' dir='ltr'>τοσοῦτον</span> <span class='ocrx_word' id='word_1_217' title='bbox 565 3262 695 3358; x_wconf 78' lang='grc' dir='ltr'>τῆς</span> <span class='ocrx_word' id='word_1_218' title='bbox 730 3260 993 3339; x_wconf 88' lang='grc' dir='ltr'>ἐκείνου</span> <span class='ocrx_word' id='word_1_219' title='bbox 1030 3255 1404 3364; x_wconf 81' lang='grc' dir='ltr'>φιλοθεΐας</span> <span class='ocrx_word' id='word_1_220' title='bbox 1448 3255 2095 3365; x_wconf 87' lang='grc' dir='ltr'>ἀποφοιτήσαντες,</span> <span class='ocrx_word' id='word_1_221' title='bbox 2134 3254 2316 3337; x_wconf 80' lang='grc' dir='ltr'>ὅσον</span> <span class='ocrx_word' id='word_1_222' title='bbox 2350 3256 2395 3356; x_wconf 83' lang='grc' dir='ltr'><strong><em>ἡ</em></strong></span> <span class='ocrx_word' id='word_1_223' title='bbox 2433 3262 2581 3335; x_wconf 80' lang='grc' dir='ltr'>τῶν</span> 
     </span>
     <span class='ocr_line' id='line_1_25' title="bbox 185 3378 2580 3490; baseline -0.001 -28"><span class='ocrx_word' id='word_1_224' title='bbox 185 3379 464 3481; x_wconf 81' lang='grc' dir='ltr'>τρόπων</span> <span class='ocrx_word' id='word_1_225' title='bbox 520 3381 815 3462; x_wconf 86' lang='grc' dir='ltr'>δεικνύει</span> <span class='ocrx_word' id='word_1_226' title='bbox 873 3381 1233 3490; x_wconf 75' lang='grc' dir='ltr'>διαφοράς</span> <span class='ocrx_word' id='word_1_227' title='bbox 1304 3380 1612 3485; x_wconf 89' lang='grc' dir='ltr'>ἐπιτήρει</span> <span class='ocrx_word' id='word_1_228' title='bbox 1667 3382 1744 3462; x_wconf 83' lang='grc' dir='ltr'>δὲ</span> <span class='ocrx_word' id='word_1_229' title='bbox 1801 3379 1995 3466; x_wconf 80' lang='grc' dir='ltr'>ὅπως</span> <span class='ocrx_word' id='word_1_230' title='bbox 2050 3387 2406 3478; x_wconf 79' lang='grc' dir='ltr'>οἰκονομεῖ</span> <span class='ocrx_word' id='word_1_231' title='bbox 2451 3378 2580 3460; x_wconf 80' lang='grc' dir='ltr'>τὸν</span> 
     </span>
     <span class='ocr_line' id='line_1_26' title="bbox 104 3500 2581 3609; baseline -0.003 -18"><span class='ocrx_word' id='word_1_232' title='bbox 104 3530 167 3591; x_wconf 80' lang='lat'>²5</span> <span class='ocrx_word' id='word_1_233' title='bbox 189 3500 424 3607; x_wconf 86' lang='grc' dir='ltr'>λόγον·</span> <span class='ocrx_word' id='word_1_234' title='bbox 490 3506 577 3586; x_wconf 88' lang='grc' dir='ltr'>ού</span> <span class='ocrx_word' id='word_1_235' title='bbox 615 3503 760 3608; x_wconf 79' lang='grc' dir='ltr'>γὰρ</span> <span class='ocrx_word' id='word_1_236' title='bbox 791 3506 1066 3609; x_wconf 81' lang='grc' dir='ltr'>εἴρηκεν</span> <span class='ocrx_word' id='word_1_237' title='bbox 1096 3508 1171 3585; x_wconf 88' lang='grc' dir='ltr'>ἐν</span> <span class='ocrx_word' id='word_1_238' title='bbox 1206 3504 1484 3591; x_wconf 90' lang='grc' dir='ltr'>τούτοις</span> <span class='ocrx_word' id='word_1_239' title='bbox 1530 3508 1838 3586; x_wconf 88' lang='grc' dir='ltr'>ἀκοῦσαι</span> <span class='ocrx_word' id='word_1_240' title='bbox 1889 3502 1995 3598; x_wconf 59' lang='grc' dir='ltr'>τὶν</span> <span class='ocrx_word' id='word_1_241' title='bbox 2032 3504 2339 3600; x_wconf 73' lang='grc' dir='ltr'>ἀλήθειαν</span> <span class='ocrx_word' id='word_1_242' title='bbox 2381 3502 2581 3607; x_wconf 82' lang='grc' dir='ltr'>παρὰ</span> 
     </span>
     <span class='ocr_line' id='line_1_27' title="bbox 187 3626 2573 3741; baseline 0.001 -36"><span class='ocrx_word' id='word_1_243' title='bbox 187 3637 306 3708; x_wconf 83' lang='grc' dir='ltr'>τοῦ</span> <span class='ocrx_word' id='word_1_244' title='bbox 343 3627 661 3733; x_wconf 79' lang='grc' dir='ltr'>Πατρὸς,</span> <span class='ocrx_word' id='word_1_245' title='bbox 699 3628 901 3710; x_wconf 81' lang='grc' dir='ltr'>ἀλλὰ</span> <span class='ocrx_word' id='word_1_246' title='bbox 947 3629 1147 3741; x_wconf 60' lang='grc' dir='ltr'>παρὰ</span> <span class='ocrx_word' id='word_1_247' title='bbox 1200 3633 1312 3711; x_wconf 79' lang='grc' dir='ltr'>τοῦ</span> <span class='ocrx_word' id='word_1_248' title='bbox 1349 3633 1541 3729; x_wconf 78' lang='grc' dir='ltr'>Θεοῦ,</span> <span class='ocrx_word' id='word_1_249' title='bbox 1579 3631 1886 3732; x_wconf 83' lang='grc' dir='ltr'>ἐπείπερ,</span> <span class='ocrx_word' id='word_1_250' title='bbox 1924 3634 2021 3714; x_wconf 81' lang='grc' dir='ltr'>ὡς</span> <span class='ocrx_word' id='word_1_251' title='bbox 2070 3630 2331 3732; x_wconf 88' lang='grc' dir='ltr'>ἀρτίως</span> <span class='ocrx_word' id='word_1_252' title='bbox 2383 3626 2573 3731; x_wconf 80' lang='grc' dir='ltr'>εἰρή-</span> 
     </span>
     <span class='ocr_line' id='line_1_28' title="bbox 187 3749 2581 3857; baseline 0.001 -27"><span class='ocrx_word' id='word_1_253' title='bbox 187 3783 420 3852; x_wconf 85' lang='grc' dir='ltr'>καμεν,</span> <span class='ocrx_word' id='word_1_254' title='bbox 468 3757 549 3834; x_wconf 86' lang='grc' dir='ltr'>ἐκ</span> <span class='ocrx_word' id='word_1_255' title='bbox 597 3759 726 3854; x_wconf 86' lang='grc' dir='ltr'>τῆς</span> <span class='ocrx_word' id='word_1_256' title='bbox 771 3752 1072 3857; x_wconf 86' lang='grc' dir='ltr'>ἐνούσης</span> <span class='ocrx_word' id='word_1_257' title='bbox 1123 3757 1359 3840; x_wconf 84' lang='grc' dir='ltr'>αὐτοῖς</span> <span class='ocrx_word' id='word_1_258' title='bbox 1408 3754 1718 3857; x_wconf 82' lang='grc' dir='ltr'>ἀμέτρου</span> <span class='ocrx_word' id='word_1_259' title='bbox 1771 3756 2043 3857; x_wconf 88' lang='grc' dir='ltr'>μωρίας</span> <span class='ocrx_word' id='word_1_260' title='bbox 2099 3749 2581 3856; x_wconf 82' lang='grc' dir='ltr'>κατεσύροντό</span> 
     </span>
     <span class='ocr_line' id='line_1_29' title="bbox 186 3876 2646 3986; baseline 0.001 -31"><span class='ocrx_word' id='word_1_261' title='bbox 186 3907 331 3962; x_wconf 88' lang='grc' dir='ltr'>πως</span> <span class='ocrx_word' id='word_1_262' title='bbox 383 3879 495 3958; x_wconf 86' lang='grc' dir='ltr'>ἐπ’</span> <span class='ocrx_word' id='word_1_263' title='bbox 539 3880 732 3986; x_wconf 74' lang='grc' dir='ltr'>αὐτῷ</span> <span class='ocrx_word' id='word_1_264' title='bbox 781 3878 966 3982; x_wconf 74' lang='grc' dir='ltr'>πρὸς</span> <span class='ocrx_word' id='word_1_265' title='bbox 1019 3881 1290 3963; x_wconf 88' lang='grc' dir='ltr'>ἐννοίας</span> <span class='ocrx_word' id='word_1_266' title='bbox 1343 3881 1473 3959; x_wconf 87' lang='grc' dir='ltr'>οῦκ</span> <span class='ocrx_word' id='word_1_267' title='bbox 1526 3881 1842 3978; x_wconf 86' lang='grc' dir='ltr'>ἀληθεῖς,</span> <span class='ocrx_word' id='word_1_268' title='bbox 1889 3877 2167 3981; x_wconf 82' lang='grc' dir='ltr'>πατέρα</span> <span class='ocrx_word' id='word_1_269' title='bbox 2220 3876 2384 3957; x_wconf 82' lang='grc' dir='ltr'>τινὰ</span> <span class='ocrx_word' id='word_1_270' title='bbox 2437 3883 2582 3957; x_wconf 82' lang='grc' dir='ltr'>τῶν</span> <span class='ocrx_word' id='word_1_271' title='bbox 2608 3899 2646 3945; x_wconf 79' lang='lat'>0</span> 
     </span>
     <span class='ocr_line' id='line_1_30' title="bbox 187 3999 2582 4105; baseline 0 -26"><span class='ocrx_word' id='word_1_272' title='bbox 187 4000 293 4079; x_wconf 85' lang='grc' dir='ltr'>ἐπὶ</span> <span class='ocrx_word' id='word_1_273' title='bbox 338 4005 468 4102; x_wconf 83' lang='grc' dir='ltr'>τῆς</span> <span class='ocrx_word' id='word_1_274' title='bbox 518 4005 657 4104; x_wconf 82' lang='grc' dir='ltr'>γῆς</span> <span class='ocrx_word' id='word_1_275' title='bbox 704 3999 1010 4099; x_wconf 76' lang='grc' dir='ltr'>οἰόμενοι</span> <span class='ocrx_word' id='word_1_276' title='bbox 1060 4004 1301 4105; x_wconf 75' lang='grc' dir='ltr'>λε’γειν</span> <span class='ocrx_word' id='word_1_277' title='bbox 1335 4003 1574 4083; x_wconf 84' lang='grc' dir='ltr'>αὐτόν.</span> <span class='ocrx_word' id='word_1_278' title='bbox 1649 4004 1726 4082; x_wconf 79' lang='grc' dir='ltr'>εὖ</span> <span class='ocrx_word' id='word_1_279' title='bbox 1776 4002 1852 4082; x_wconf 82' lang='grc' dir='ltr'>δὲ</span> <span class='ocrx_word' id='word_1_280' title='bbox 1903 4000 1992 4102; x_wconf 86' lang='grc' dir='ltr'>δὴ</span> <span class='ocrx_word' id='word_1_281' title='bbox 2042 4002 2209 4081; x_wconf 89' lang='grc' dir='ltr'>λίαν</span> <span class='ocrx_word' id='word_1_282' title='bbox 2250 3999 2414 4084; x_wconf 81' lang='grc' dir='ltr'>τοῦς</span> <span class='ocrx_word' id='word_1_283' title='bbox 2465 4002 2582 4080; x_wconf 85' lang='grc' dir='ltr'>ἐπὶ</span> 
     </span>
     <span class='ocr_line' id='line_1_31' title="bbox 108 4123 2579 4238; baseline 0 -35"><span class='ocrx_word' id='word_1_284' title='bbox 108 4155 171 4212; x_wconf 85' lang='grc' dir='ltr'>3ο</span> <span class='ocrx_word' id='word_1_285' title='bbox 188 4128 282 4231; x_wconf 74' lang='grc' dir='ltr'>τῷ</span> <span class='ocrx_word' id='word_1_286' title='bbox 331 4123 669 4206; x_wconf 81' lang='grc' dir='ltr'>τεθνάναι</span> <span class='ocrx_word' id='word_1_287' title='bbox 726 4125 1146 4226; x_wconf 89' lang='grc' dir='ltr'>ποιούμενος</span> <span class='ocrx_word' id='word_1_288' title='bbox 1197 4125 1485 4230; x_wconf 83' lang='grc' dir='ltr'>λόγους,</span> <span class='ocrx_word' id='word_1_289' title='bbox 1534 4126 1861 4238; x_wconf 71' lang='grc' dir='ltr'>ἄνθρωπον</span> <span class='ocrx_word' id='word_1_290' title='bbox 1916 4124 2167 4206; x_wconf 78' lang='grc' dir='ltr'>ἑαυτὸν</span> <span class='ocrx_word' id='word_1_291' title='bbox 2221 4123 2579 4229; x_wconf 78' lang='grc' dir='ltr'>ὀνομάζει,</span> 
     </span>
    </p>
   </div>
   <div class='ocr_carea' id='block_1_5' title="bbox 186 4342 2588 4596">
    <p class='ocr_par' dir='ltr' id='par_1_5' title="bbox 186 4342 2588 4596">
     <span class='ocr_line' id='line_1_32' title="bbox 254 4342 2585 4419; baseline -0.001 -18"><span class='ocrx_word' id='word_1_292' title='bbox 254 4361 302 4402; x_wconf 83' lang='lat'>2.</span> <span class='ocrx_word' id='word_1_293' title='bbox 335 4346 774 4418; x_wconf 71' lang='grc' dir='ltr'>ἀπομιμήσασθαι</span> <span class='ocrx_word' id='word_1_294' title='bbox 800 4347 867 4404; x_wconf 91' lang='grc' dir='ltr'>Β.</span> <span class='ocrx_word' id='word_1_295' title='bbox 890 4347 1263 4419; x_wconf 77' lang='grc' dir='ltr'>ἀπομιμεῖσθαι</span> <span class='ocrx_word' id='word_1_296' title='bbox 1288 4347 1474 4403; x_wconf 76' lang='lat' dir='ltr'><strong>Holst.</strong></span> <span class='ocrx_word' id='word_1_297' title='bbox 1501 4346 1606 4402; x_wconf 88' lang='lat' dir='ltr'>Ed.</span> <span class='ocrx_word' id='word_1_298' title='bbox 1823 4345 1876 4402; x_wconf 84' lang='lat'>8.</span> <span class='ocrx_word' id='word_1_299' title='bbox 1915 4344 2082 4415; x_wconf 72' lang='grc' dir='ltr'>ἐξέθει</span> <span class='ocrx_word' id='word_1_300' title='bbox 2106 4342 2357 4401; x_wconf 75' lang='lat' dir='ltr'><strong>emendat</strong></span> <span class='ocrx_word' id='word_1_301' title='bbox 2384 4343 2585 4416; x_wconf 72' lang='lat' dir='ltr'>Heyne.</span> 
     </span>
     <span class='ocr_line' id='line_1_33' title="bbox 188 4429 2588 4541; baseline -0 -22"><span class='ocrx_word' id='word_1_302' title='bbox 188 4429 361 4534; x_wconf 64' lang='grc' dir='ltr'>εεὶο..</span> <span class='ocrx_word' id='word_1_303' title='bbox 388 4468 457 4523; x_wconf 86' lang='grc' dir='ltr'>Β.</span> <span class='ocrx_word' id='word_1_304' title='bbox 481 4468 691 4538; x_wconf 58' lang='grc' dir='ltr'>ἐξεώθει</span> <span class='ocrx_word' id='word_1_305' title='bbox 716 4467 817 4525; x_wconf 78' lang='lat' dir='ltr'>nt.</span> <span class='ocrx_word' id='word_1_306' title='bbox 841 4468 988 4526; x_wconf 68' lang='lat' dir='ltr'><strong>unde</strong></span> <span class='ocrx_word' id='word_1_307' title='bbox 1010 4467 1158 4525; x_wconf 73' lang='lat' dir='ltr'>Aah.</span> <span class='ocrx_word' id='word_1_308' title='bbox 1394 4485 1447 4541; x_wconf 89' lang='lat'>9.</span> <span class='ocrx_word' id='word_1_309' title='bbox 1483 4467 1578 4522; x_wconf 64' lang='lat' dir='ltr'>oen&lt;</span> <span class='ocrx_word' id='word_1_310' title='bbox 1602 4466 1751 4524; x_wconf 59' lang='lat' dir='ltr'>aaa„</span> <span class='ocrx_word' id='word_1_311' title='bbox 1774 4465 2081 4524; x_wconf 74' lang='lat' dir='ltr'><strong>emendavit</strong></span> <span class='ocrx_word' id='word_1_312' title='bbox 2108 4466 2206 4522; x_wconf 76' lang='grc' dir='ltr'>Ηι.</span> <span class='ocrx_word' id='word_1_313' title='bbox 2231 4464 2294 4521; x_wconf 63' lang='grc' dir='ltr'>οὗ</span> <span class='ocrx_word' id='word_1_314' title='bbox 2317 4465 2437 4522; x_wconf 60' lang='lat' dir='ltr'>tac„</span> <span class='ocrx_word' id='word_1_315' title='bbox 2464 4465 2530 4520; x_wconf 84' lang='lat' dir='ltr'>B.</span> <span class='ocrx_word' id='word_1_316' title='bbox 2557 4467 2588 4518; x_wconf 70' lang='grc' dir='ltr'>ι</span> 
     </span>
     <span class='ocr_line' id='line_1_34' title="bbox 186 4534 2588 4596; baseline -0.001 -3"><span class='ocrx_word' id='word_1_317' title='bbox 186 4537 353 4595; x_wconf 57' lang='lat' dir='ltr'>ulfini-s·</span> <span class='ocrx_word' id='word_1_318' title='bbox 373 4538 626 4595; x_wconf 75' lang='lat' dir='ltr'><strong>emendat</strong></span> <span class='ocrx_word' id='word_1_319' title='bbox 648 4537 741 4593; x_wconf 78' lang='lat' dir='ltr'>He</span> <span class='ocrx_word' id='word_1_320' title='bbox 836 4579 852 4596; x_wconf 87' lang='lat'><strong>.</strong></span> <span class='ocrx_word' id='word_1_321' title='bbox 1152 4556 1238 4595; x_wconf 85' lang='lat'>20.</span> <span class='ocrx_word' id='word_1_322' title='bbox 1275 4542 1387 4596; x_wconf 79' lang='grc' dir='ltr'>ταῖς</span> <span class='ocrx_word' id='word_1_323' title='bbox 1410 4557 1520 4594; x_wconf 84' lang='lat' dir='ltr'>om.</span> <span class='ocrx_word' id='word_1_324' title='bbox 1544 4538 1695 4594; x_wconf 87' lang='lat' dir='ltr'><strong>Aub.</strong></span> <span class='ocrx_word' id='word_1_325' title='bbox 2035 4554 2121 4595; x_wconf 77' lang='lat'>22.</span> <span class='ocrx_word' id='word_1_326' title='bbox 2158 4541 2262 4592; x_wconf 76' lang='grc' dir='ltr'>τῶν</span> <span class='ocrx_word' id='word_1_327' title='bbox 2283 4534 2588 4592; x_wconf 76' lang='grc' dir='ltr'>λυπούντων</span> 
     </span>
    </p>
   </div>
   <div class='ocr_carea' id='block_1_6' title="bbox 190 4603 1720 4683">
    <p class='ocr_par' dir='ltr' id='par_1_6' title="bbox 190 4603 1720 4683">
     <span class='ocr_line' id='line_1_35' title="bbox 190 4603 1720 4683; baseline 0.003 -23"><span class='ocrx_word' id='word_1_328' title='bbox 190 4603 252 4661; x_wconf 84' lang='grc' dir='ltr'>Β.</span> <span class='ocrx_word' id='word_1_329' title='bbox 274 4610 365 4665; x_wconf 68' lang='grc' dir='ltr'>τὸν</span> <span class='ocrx_word' id='word_1_330' title='bbox 385 4612 655 4666; x_wconf 71' lang='grc' dir='ltr'>λυποῦντα</span> <span class='ocrx_word' id='word_1_331' title='bbox 768 4650 784 4667; x_wconf 98' lang='grc'>.</span> <span class='ocrx_word' id='word_1_332' title='bbox 1001 4627 1088 4683; x_wconf 81' lang='lat'>29.</span> <span class='ocrx_word' id='word_1_333' title='bbox 1125 4608 1189 4680; x_wconf 78' lang='grc' dir='ltr'>δὴ</span> <span class='ocrx_word' id='word_1_334' title='bbox 1212 4619 1558 4682; x_wconf 72' lang='lat' dir='ltr'><strong>assumptum</strong></span> <span class='ocrx_word' id='word_1_335' title='bbox 1580 4626 1646 4665; x_wconf 77' lang='lat' dir='ltr'>ex</span> <span class='ocrx_word' id='word_1_336' title='bbox 1671 4627 1720 4666; x_wconf 82' lang='lat' dir='ltr'>a.</span> 
     </span>
    </p>
   </div>
   <div class='ocr_carea' id='block_1_7' title="bbox 3193 2343 3194 3173">
    <p class='ocr_par' dir='ltr' id='par_1_7' title="bbox 3193 2343 3194 3173">
     <span class='ocr_line' id='line_1_36' title="bbox 3193 2343 3194 3173; baseline 0 0"><span class='ocrx_word' id='word_1_337' title='bbox 3193 2343 3194 3173; x_wconf 95' lang='lat' dir='ltr'> </span> 
     </span>
    </p>
   </div>
   <div class='ocr_carea' id='block_1_8' title="bbox 3193 2343 3194 3615">
    <p class='ocr_par' dir='ltr' id='par_1_8' title="bbox 3193 2343 3194 3615">
     <span class='ocr_line' id='line_1_37' title="bbox 3193 2343 3194 3615; baseline 0 0"><span class='ocrx_word' id='word_1_338' title='bbox 3193 2343 3194 3615; x_wconf 95' lang='lat' dir='ltr'> </span> 
     </span>
    </p>
   </div>
  </div>
 </body>
</html>
