3238 5158
189 324 590 411 xvi.31‚32.
658 323 772 388 IN
833 325 901 388 S.
949 324 1466 390 JOANNEM.
1560 323 1750 389 LIB.
1800 324 1924 391 XI.
2014 324 2221 390 CAP.
2270 324 2366 390 H.
2479 326 2608 390 653

193 487 476 601 φωνὴν,
513 492 610 573 ὡς
645 488 823 590 μηδὲ
857 488 1101 596 βραχὺ
1137 491 1518 594 παροιμίας
1561 491 1890 588 ἕναυσμα
1933 497 2311 594 προσεῖναι
2348 495 2602 571 δοκεῖν.

192 613 799 716 ἆποκερδαίνουσι
845 612 921 695 δὲ
972 614 1155 719 πρὸς
1202 613 1432 723 τούτῳ
1487 617 1792 696 κάκεῖνο·
1873 613 2109 714 ἐπειδὴ
2166 613 2310 718 γὰρ
2366 615 2608 716 ἔγνως,

191 738 416 844 φησὶ,
481 737 566 817 τὸ
636 739 1000 842 λαθραίως
1066 738 1520 844 ψιθυρισθὲν,
1587 737 1921 845 ἕφθασάς
1984 773 2062 819 τε
2133 737 2267 839 τὴν
2328 745 2609 837 πεῦσιν,

190 862 427 965 ἥνπερ
483 859 573 942 ἀν
619 862 798 948 ’ίσως
850 863 1420 967 προσηγάγομεν
1454 863 1653 963 ἡμεῖς
1703 863 2143 970 ἐξαιτοῦντες
2188 860 2273 944 τὸ
2328 868 2606 963 μαθεῖν,

110 1014 156 1076 5
194 984 387 1089 ἅπερ
425 983 668 1089 ἔλεγες
705 988 984 1090 ἀρτίως,
1020 986 1598 1088 πεπιστεύκαμεν
1637 984 1748 1068 ὅτι
1783 988 1901 1067 καὶ
1937 985 2199 1095 ἐξῆλθες
2234 985 2378 1068 ἀπὶ
2417 989 2607 1069 Θεοῦ.

192 1109 289 1190 τὸ
346 1107 491 1214 γὰρ
545 1112 816 1208 εἰδέναι,
862 1113 1071 1219 φησὶ,
1116 1111 1207 1191 τὰ
1257 1114 1333 1192 ἐν
1389 1119 1494 1220 τῷ
1541 1110 1997 1219 παραβύστῳ
2052 1113 2173 1191 καὶ
2226 1110 2612 1212 λεληθότα,

193 1240 336 1314 τοῦ
389 1232 681 1315 πάντων
731 1232 821 1316 ἂν
869 1236 974 1336 εἴη
1028 1241 1240 1333 Θεοῦ,
1288 1238 1405 1316 καὶ
1461 1237 1597 1341 οὐχ
1653 1234 1892 1340 ἑτέρου
1941 1234 2154 1320 τινός.
2243 1232 2481 1337 ἐπειδὴ
2537 1235 2613 1316 δὲ

196 1353 426 1437 οἶσθα
472 1357 566 1438 τά
612 1358 851 1440 πάντα
899 1358 1134 1459 αὐτὸς,
1171 1367 1325 1445 πῶς
1363 1361 1492 1441 οὐκ
1542 1363 2050 1468 ἀναμφίλογον
2087 1363 2182 1445 ὡς
2223 1363 2301 1440 ἐκ
2345 1367 2474 1440 τοῦ
2521 1357 2613 1439 τὰ
2635 1381 2678 1447 b

194 1481 447 1562 πάντα
481 1481 748 1568 εἰδότος
781 1483 1210 1591 ἐξέλαμψας
1247 1489 1486 1580 Θεοῦς
1546 1486 1860 1568 πίστεως
1897 1484 2024 1564 οὖν
2059 1483 2201 1586 ἄρα
2238 1487 2364 1583 τῆς
2400 1486 2603 1563 ἀνεν-

74 1646 104 1685 1
118 1646 165 1685 0
199 1601 553 1687 δοιάστου
606 1605 844 1714 τροφὴ
906 1609 1222 1708 κατέστη
1279 1615 1429 1692 τοῖς
1480 1613 1834 1708 μαθηταῖς
1887 1605 2066 1705 μετὰ
2120 1613 2266 1686 τῶν
2321 1606 2606 1704 ἄλλων,

196 1732 325 1809 καὶ
377 1739 588 1810 τοῦτο
644 1729 728 1811 τὸ
786 1730 1167 1834 θεοπρεπὲς
1223 1731 1446 1816 ὅντως
1502 1733 1618 1811 καὶ
1673 1728 2086 1836 παράδοξον
2141 1735 2459 1829 σημεῖον,
2516 1732 2612 1813 ὡς

198 1853 366 1933 ἔστι
430 1853 562 1952 μέν
619 1889 775 1939 πως
834 1859 1003 1936 ἰδεῖν
1064 1858 1171 1937 ἐπ’
1236 1856 1471 1936 αὐτῶν
1530 1853 1825 1956 ἀληθὲς,
1859 1848 1863 1854 Δ
1897 1853 1981 1934 τό
2043 1855 2328 1935 “Δίδου
2390 1853 2611 1963 σοφῷ
2698 1890 2846 1968 prov.

201 1988 251 2025 “
289 1976 651 2084 ἀφορμὴν,
690 1982 807 2059 καὶ
843 1979 1260 2085 σοφώτερος
1303 1979 1532 2077 ἔσται,
1570 1978 1864 2082 γνώριζε
1902 1980 2166 2087 δικαίῳ,
2206 1980 2322 2058 καὶ
2365 2012 2603 2081 προσ·
2701 1972 2767 2005 ¹¹'
2789 1972 2838 2022 9·

203 2111 250 2147 “
283 2100 494 2201 θήσει
529 2111 658 2183 τοῦ
702 2103 1113 2209 δέχεσθαι.”
1195 2106 1385 2210 φασὶ
1441 2104 1517 2184 δὲ
1567 2103 1649 2183 τό
1689 2105 1826 2183 Nau
1865 2102 2279 2209 πιστεύομεν,
2324 2103 2407 2181 οὐ
2450 2100 2612 2182 τότε

83 2258 167 2319 15
202 2224 296 2327 δὴ
337 2224 623 2312 πάντως
660 2224 791 2326 τὴν
827 2236 954 2309 τοῦ
991 2227 1354 2309 πιστεύειν
1386 2225 1616 2334 ἀρχὴν
1648 2229 1723 2307 ἐν
1756 2228 2027 2311 ἑαυτοῖς
2063 2225 2610 2334 εἶσφρήσαντες,

201 2349 330 2432 ὅτε
393 2357 539 2432 τῶν
585 2351 926 2433 τοιούτων
983 2348 1439 2455 ἠκροάσαντο
1497 2352 1765 2453 λόγων,
1829 2350 2053 2452 ἤγουν
2110 2352 2471 2432 τεθέανται
2524 2347 2610 2430 τὸ
2634 2392 2670 2436 ο

203 2482 534 2576 σημεῖον,
566 2475 651 2555 τὸ
701 2475 951 2556 εἶδέναι
990 2479 1178 2584 φημὶ
1216 2474 1307 2554 τὰ
1343 2473 1576 2556 πάντα
1612 2473 1740 2555 τὸν
1781 2473 2070 2578 Κύριον,
2108 2475 2275 2554 ἀλλ’
2316 2478 2411 2559 ὡς
2448 2471 2610 2555 τότε

204 2600 472 2680 λοιπὸν
526 2600 660 2700 τὴν
696 2604 772 2682 ἐν
824 2605 1078 2706 ἀρχαῖς
1123 2605 1622 2705 εἶσδεχθεῖσαν
1658 2598 1907 2680 πίστιν
1941 2599 2175 2702 ῥιζοῦν
2210 2601 2288 2680 ἐν
2332 2600 2611 2684 οἰκείαις

203 2728 487 2830 ψυχαῖς
543 2724 947 2830 ἀρχόμενοι,
990 2728 1107 2805 καὶ
1163 2728 1562 2804 διακεῖσθαι
1614 2722 1877 2803 λοιπὸν
1931 2720 2296 2827 ἀραρότως
2350 2726 2611 2803 ἀναπε-

86 2892 173 2933 20
205 2847 602 2947 πεισμένοι,
648 2851 742 2934 ὡς
782 2848 968 2932 Θεός
1019 2884 1098 2929 τε
1146 2849 1252 2948 εἴη
1302 2850 1418 2928 καὶ
1466 2848 1543 2926 ἐκ
1578 2852 1770 2926 Θεοῦ
1817 2854 1942 2926 τοῦ
1997 2845 2180 2926 κατὰ
2216 2846 2444 2952 φύσιν
2493 2849 2611 2926 καὶ

206 2975 586 3073 ἀληθινοῦ.
655 2971 1208 3080 παραδεξόμεθα
1261 2973 1499 3053 τοίνυν
1550 2971 1633 3052 τό
1670 2974 1807 3052 Νῧν
1863 2970 2274 3075 πιστεύομεν,
2332 2971 2458 3050 οὐκ
2514 2976 2612 3055 εἷς

205 3095 348 3197 τὴν
410 3106 540 3178 τοῦ
606 3097 966 3179 πιστεύειν
1028 3095 1289 3202 ἀρχὴν,
1359 3095 1529 3175 ἀλλ’
1598 3099 1696 3180 εἷς
1760 3093 1892 3194 τὴν
1951 3102 2078 3175 τοῦ
2134 3100 2614 3189 βεβαιοῦσθαι

204 3221 494 3323 παγίως
529 3227 625 3306 εἷς
661 3221 794 3323 τὴν
830 3221 967 3321 ἤδη
1005 3219 1470 3322 τετιμημένην
1504 3226 1594 3324 τῇ
1628 3218 2033 3300 συναινέσει
2069 3216 2445 3325 διάληψιν.

195 3482 564 3574 Ἀπεκρίθη
619 3480 842 3552 αὐτοῖο
893 3487 931 3550 ὁ
983 3485 1238 3551 Ἰησοῦς
1282 3485 1468 3575 Ἄρτι
1513 3485 1849 3551 πιστεύετε
1877 3515 1896 3567 3
1959 3481 2099 3550 ἰδοὺ
2154 3484 2413 3574 ἔρχεται
2464 3486 2610 3574 ὥρα
2641 3406 2840 3575 (311,33

86 3623 173 3685 25
322 3608 422 3676 καὶ
470 3616 581 3676 νῦν
626 3611 963 3692 ἐλήλυθεν,
1011 3603 1118 3677 ἰ”να
1163 3614 1601 3701 σκορπισθῆτε
1656 3611 1931 3677 ἕκαστος
1980 3608 2073 3676 εἰς
2127 3610 2205 3677 τὰ
2262 3606 2397 3677 ἴδια
2448 3610 2612 3687 κάμὲ

319 3737 522 3812 μόνον
559 3736 798 3825 ἀφῆτε·
845 3735 945 3802 καὶ
984 3736 1102 3801 οὐκ
1140 3733 1269 3814 εἰμί
1307 3738 1528 3816 μόνος,
1564 3737 1666 3804 ὅτι
1703 3738 1740 3806 ὁ
1774 3734 2003 3826 Πατὴρ
2039 3738 2170 3812 μετ’
2215 3736 2374 3815 ἐμοῦ
2413 3737 2613 3805 ἐστιν.

326 3905 804 3988 Ἀστειότατα
843 3905 1070 3988 πάλιν
1105 3907 1457 4015 ἐπέδειξεν
1492 3909 1532 3988 ὁ
1568 3905 1825 4009 Σωτὴρ
1873 3907 2001 3987 τὸν
2044 3912 2170 4007 τῆς
2226 3911 2339 4017 ἐφ’
2378 3908 2616 3992 ἅπασι

205 4036 365 4116 τοῖς
401 4033 698 4133 ἀγαθοῖς
735 4029 1201 4133 βεβαιότητος
1239 4033 1438 4112 οὔπω
1475 4030 1799 4132 παρόντα
1837 4028 2104 4133 καιρόν·
2171 4033 2375 4119 οὗτος
2411 4032 2488 4114 δὲ
2526 4034 2615 4135 ἦν

207 4156 253 4236 ὁ
292 4153 427 4255 τὴν
459 4164 587 4236 τοῦ
622 4155 878 4257 Ἀγίου
908 4154 1327 4255 Πνεύματος
1362 4154 1450 4262 ἐξ
1481 4155 1784 4256 ούρανοῦ
1819 4157 2341 4260 καταφοίτησιν
2378 4164 2611 4238 εἰσκο-

90 4322 178 4381 3ο
205 4277 437 4383 μίζων
489 4281 748 4378 αὐτοῖς,
791 4282 910 4360 καὶ
963 4279 1096 4380 τὴν
1149 4279 1238 4387 ἐξ
1288 4282 1521 4386 ὕψους
1575 4268 1894 4378 δύναμιν,
1944 4277 2131 4359 καθὰ
2184 4279 2605 4382 γέγραπται.
2701 4278 2952 4407 &Ic-¹39·

208 4408 545 4508 καθαρῶς
584 4401 730 4507 γὰρ
771 4401 929 4485 τότε
981 4411 1136 4488 ταῖς
1185 4404 1663 4508 ἀνθρωπίναις
1705 4405 2214 4511 μικροψυχίαις
2252 4405 2610 4508 ε’ῤῥῶσθαι
2637 4430 2673 4473 θ

356 4597 440 4653 13.
476 4578 773 4651 προσθὴσει
797 4579 940 4637 edidi
964 4590 1088 4654 post
1113 4579 1320 4654 Migne.
1392 4580 1728 4652 Ambiguum
1754 4580 1839 4646 E„
1864 4579 2010 4636 unde
2032 4580 2311 4651 προσθήσῃ
2337 4580 2482 4638 Aub.
