3238 5158
628 329 760 394 538
1237 332 1316 396 B.
1360 330 1787 396 CYRILLI
1845 329 2429 396 ALEXANDR.
2869 343 2979 386 xv.
3009 338 3059 382 1.

572 526 611 569 e
634 490 930 600 σφόδρα
965 494 1216 599 τρανές
1261 494 1784 580 ἀνενδοιάστως
1826 495 2015 600 ἕχον,
2050 498 2151 579 ὦς
2185 493 2361 598 ὅπερ
2399 489 2490 572 ἂν
2523 489 2685 575 ἑνός
2721 523 2803 568 τι
2839 483 3064 590 τυχὸν

634 617 990 719 ἐνέργημα
1044 617 1367 722 λέγηται,
1413 629 1627 701 τοῦτο
1681 624 1808 720 τῆς
1865 619 2045 720 ὅλης
2098 621 2257 698 ἐστὶ
2314 618 2435 698 καὶ
2485 621 2658 717 μιᾶς
2713 610 3067 712 θεότητος

636 741 1126 841 ἀποτέλεσμα,
1157 742 1342 823 κατά
1380 777 1463 846 γε
1497 743 1627 824 τὸν
1665 746 1740 824 ἐν
1776 743 2069 843 δυνάμει
2104 748 2195 848 τῇ
2233 746 2511 849 φυσικῇ
2548 738 2789 840 λόγον
2802 768 2829 834 3

755 868 900 944 Καὶ
954 873 1133 968 γοῦν
1188 868 1229 947 5
1280 867 1546 971 Κύριος
1601 867 1808 969 ἡμῶν
1850 868 2141 967 Ἰησοῦς
2195 862 2543 967 Χριστὸς,
2591 858 3066 963 συνεργάτην

639 989 753 1095 ἐφ’
813 986 1046 1069 ἅπασι
1100 987 1229 1070 τὸν
1287 990 1582 1094 Πατέρα
1633 987 2231 1096 παραδεχόμενος,
2287 996 2435 1072 τοῖς
2498 988 2824 1068 ἀνοσίοις
2877 985 3062 1062 Ἰου-
3083 1001 3112 1058 5

297 1103 463 1232 ἓξὲξ·
642 1111 862 1198 δαίοις
925 1110 1102 1194 ποτὲ
1162 1115 1561 1223 προσέμιξε
1624 1116 1863 1217 λέγων
1915 1126 1961 1163 “
1990 1113 2263 1196 Πολλὰ
2326 1111 2518 1194 καλᾶ
2576 1110 2760 1213 ἔργα
2820 1106 3060 1214 ἔδειξα

644 1246 687 1284 “
723 1238 888 1336 ὑμῖν
923 1238 1002 1318 ἐκ
1050 1246 1179 1318 τοῦ
1221 1239 1507 1341 Πατρός
1557 1274 1721 1338 μου,
1760 1238 1879 1319 διὰ
1926 1247 2137 1321 ποῖον
2187 1239 2423 1318 αὐτῶν
2471 1237 2683 1338 ἔργον
2725 1232 3066 1337 λιθάζετέ

646 1370 690 1408 “
725 1394 815 1459 με
847 1361 919 1458 ;”
991 1365 1110 1443 καὶ
1163 1361 1391 1444 πάλιν
1443 1367 1606 1467 περὶ
1671 1368 1800 1464 τῆς
1865 1363 2048 1445 κατὰ
2110 1361 2197 1443 τὸ
2261 1360 2646 1457 σάββατον
2700 1356 3056 1460 ἐργασίας

303 1487 449 1538 1b.v.
471 1497 550 1550 ¹⁷·
647 1493 692 1531 “
724 1484 823 1564 ‘O
882 1486 1141 1589 Πατήρ
1195 1520 1357 1586 μου,
1413 1489 1673 1592 φησὶν,
1731 1488 1862 1571 ἕως
1916 1488 2079 1591 ἅρτι
2133 1485 2515 1590 ἐργάζεται,
2571 1480 2779 1584 κάγὼ
2845 1478 3053 1583 ε’ργά-
3197 1436 3202 1577 ff

647 1618 694 1657 “
731 1607 1003 1711 ζομαι.”
1062 1613 1179 1689 καὶ
1230 1612 1357 1690 οὑκ
1413 1609 1502 1690 ἂν
1538 1607 1741 1711 οἶμαί
1769 1645 1878 1696 τις
1907 1611 2177 1710 οἰηθείη
2213 1611 2453 1712 λέγειν
2488 1607 2737 1701 αὐτὸν,
2786 1610 2890 1691 ὦς
2927 1602 3056 1684 ἀνὰ
3079 1632 3128 1672 10
3203 1610 3204 1671 Ν

311 1752 550 1810 ΒΘΟΔ·
586 1765 624 1807 ⁸
647 1733 863 1837 μέρος
918 1732 1051 1834 μὲν
1107 1734 1148 1813 5
1207 1732 1467 1838 Πατὴρ
1524 1735 1827 1837 ε’ργᾶταί
1873 1770 1943 1815 τι
1995 1741 2143 1815 τῶν
2196 1738 2359 1836 περὶ
2412 1731 2544 1833 τὴν
2599 1731 2869 1828 κτίσιν,
2927 1727 3058 1809 ἀντὶ
3204 1762 3206 1841 4

644 1856 860 1960 μέρος
924 1856 1002 1938 δὲ
1062 1858 1290 1938 πάλιν
1345 1859 1385 1937 5
1437 1858 1634 1941 Υἱός·
1719 1856 1957 1958 ἐπειδὴ
2025 1856 2102 1937 δὲ
2163 1860 2250 1937 δι’
2307 1862 2489 1937 Υὶοῦ
2554 1853 2647 1936 τὰ
2706 1854 2964 1935 πάντα
3020 1854 3056 1932 5

648 1979 933 2083 Πατὴρ,
968 1984 1087 2061 καὶ
1140 1982 1267 2061 οὐκ
1318 1979 1410 2062 ἂν
1448 1982 1706 2086 ἑτέρως
1753 1979 2150 2087 ἐργάσαιτό
2199 2016 2269 2062 τι
2317 1988 2466 2061 τῶν
2496 1978 2819 2075 πώποτε,
2857 1978 3056 2062 oft-ms·

649 2101 797 2206 γάρ
852 2105 1055 2185 ἐστιν
1114 2106 1160 2206 ἡ
1214 2106 1450 2210 σοφία
1505 2109 1624 2186 καὶ
1677 2107 1723 2207 ἦ
1780 2106 2076 2206 δύναμις
2131 2107 2375 2187 αὐτοῦ·
2459 2102 2580 2186 διὰ
2636 2111 2861 2184 τοῦτο
2918 2108 3058 2182 τῶν

650 2229 849 2307 ἰδίων
910 2227 1143 2330 ἔργων
1204 2228 1512 2333 ἐργάτην
1574 2227 1804 2312 πάλιν
1870 2229 2206 2330 ὠνόμασε
2277 2227 2406 2310 τὸν
2472 2227 2770 2331 Πατέρα
2848 2226 3059 2307 εἰπών
3084 2254 3132 2313 15
3211 2250 3212 2299 ἒ

310 2343 525 2469 2323,
654 2362 697 2400 ‘⁶
734 2352 903 2432 Ἀπ’
962 2355 1269 2450 ἐμαυτοῦ
1327 2360 1511 2434 ποιῶ
1578 2353 1802 2451 οὐδὲν,
1852 2355 2024 2433 ἀλλ’
2073 2355 2113 2433 5
2173 2352 2432 2457 Πατὴρ
2487 2355 2563 2432 ἐν
2615 2354 2774 2452 ἐμοὶ
2832 2353 3064 2451 μένων
3213 2414 3214 2491 1

310 2475 513 2526 ximo.
657 2485 701 2528 “
733 2482 929 2555 ποιεῖ
969 2475 1061 2555 τὰ
1111 2476 1290 2583 ἔργα
1339 2476 1623 2562 αὐτός.”
1682 2473 1877 2575 οἶμαι
1925 2474 2059 2576 μὲν
2095 2478 2222 2557 οὖν
2253 2474 2647 2582 προσήκειν
2692 2477 2886 2575 ἡμᾶς
2937 2476 3065 2579 οὐχ

653 2599 906 2704 ἑτέρως
978 2600 1023 2702 ἢ
1097 2607 1266 2709 τῇδε
1330 2610 1541 2701 νοεῖν,
1607 2606 1703 2689 ὡς
1766 2604 1844 2682 ἐν
1910 2602 2243 2701 ἀμπέλου
2314 2600 2445 2702 μὲν
2506 2599 2708 2707 τάξει
2782 2607 3066 2681 κεῖσθαι

656 2726 1008 2828 Χριστὸν,
1058 2726 1242 2826 ἡμᾶς
1299 2724 1376 2808 δὲ
1432 2724 1825 2827 κλημάτων
1879 2727 2242 2829 ἠρτῆσθαι
2299 2727 2520 2826 δίκην,
2570 2726 3068 2823 πιαινομένους

590 2862 637 2927 b
661 2848 912 2951 ὥσπερ
975 2857 1067 2957 τῇ
1131 2850 1371 2957 χάριτι
1426 2854 1543 2930 καὶ
1606 2848 1739 2950 τὴν
1804 2848 1922 2930 διὰ
1985 2858 2113 2930 τοῦ
2177 2848 2598 2950 Πνεύματος
2653 2850 3065 2935 ἐκπίνοντας
3089 2880 3136 2922 20

660 2972 961 3073 δύναμιν
1006 2981 1105 3060 εἰς
1158 2976 1663 3081 καρποφορίαν
1705 2973 2208 3075 πνευματικήν.

772 3098 1072 3200 Ἐπειδὴ
1128 3098 1204 3180 δὲ
1257 3097 1485 3181 πάλιν
1540 3099 1729 3199 ἡμᾶς
1788 3100 2209 3200 ὀρθοποδεῖν
2264 3097 2645 3198 ἑλομένους
2709 3099 2754 3177 5
2820 3097 3073 3203 πικρὸς

663 3229 809 3305 τῶν
848 3225 931 3303 δι’
973 3222 1292 3307 ἐναντίας
1329 3228 1736 3328 περικροτεῖ
1773 3220 2019 3325 λόγος,
2058 3223 2177 3302 καὶ
2225 3223 2631 3303 ἀναπείθειν
2662 3229 3000 3325 πειρᾶται
3031 3221 3076 3300 ἃ

664 3346 766 3448 μὴ
830 3347 1030 3448 θέμις
1090 3352 1370 3446 ἐννοεῖν,
1426 3344 1707 3454 φανερὰ
1761 3353 1910 3431 τοῖς
1970 3346 2451 3449 ἀκροωμένοις
2509 3345 3078 3447 καταστήσομεν

667 3469 1092 3557 συνελόντες
1149 3470 1420 3574 λόγοις,
1465 3468 1652 3574 ἅπερ
1708 3504 1815 3555 τις
1872 3471 2154 3550 ἐκείνων
2202 3471 2279 3549 ἐν
2322 3477 2621 3573 μακροῖς
2673 3469 3076 3551 συντέθεικε
3101 3495 3156 3554 2⁵

666 3595 948 3698 στίχοις
983 3655 1027 3691 ,,
1058 3596 1167 3674 Ευ
1220 3594 1367 3698 γὰρ
1415 3593 1502 3695 δή
1551 3629 1684 3694 τοι,
1734 3596 1987 3700 φησιν,
2037 3597 2077 3675 5
2130 3590 2553 3696 Μονογενὴς
2602 3592 2960 3701 διήλεγξέ
3003 3627 3080 3672 τε

669 3779 715 3817 ,,
752 3720 870 3797 καὶ
919 3717 1506 3820 καταγελάστους
1557 3719 1882 3825 ἀπέφηνε
1932 3754 2097 3803 τους
2148 3718 2505 3816 οἰομένους
2553 3716 2774 3799 αὐτὸν
2810 3717 3078 3869 ὃμοου·

611 3872 649 3916 ο
671 3903 715 3940 ,,
754 3874 918 3921 σιον
954 3837 1126 3921 εἶναι
1175 3846 1279 3949 τῷ
1324 3844 1491 3950 Θεῷ
1541 3845 1659 3923 καὶ
1698 3844 1962 3947 Πατρί.
2044 3840 2196 3924 ιδου
2251 3841 2397 3946 γὰρ
2443 3843 2782 3942 αμπελον
2826 3842 3085 3923 ἑαυτὸν

671 4027 718 4065 ,,
757 3964 1083 4068 ὀνομάζει
1135 3972 1427 4071 σαφῶς,
1468 3965 1794 4071 γεωργὸν
1844 3967 1919 4047 δὲ
1966 3965 2095 4047 τὸν
2136 3969 2451 4071 Πατέρα.
2530 3964 2784 4070 ὥσπερ
2832 3967 2965 4047 οὖν
3005 3967 3089 4046 οὖ

672 4150 718 4189 ,,
755 4088 1019 4170 ταύτὸν
1054 4094 1150 4174 εὶς
1199 4088 1456 4170 οὐσίαν
1493 4088 1823 4190 ἀμπελός
1870 4126 1967 4191 τε,
2005 4093 2219 4196 φησὶ,
2257 4093 2377 4170 καὶ
2424 4087 2767 4194 γεωργός·
2827 4089 2917 4170 τὸ
2949 4088 3090 4188 μὲν
3109 4116 3158 4176 3⁰

673 4275 720 4313 „
757 4212 901 4318 γὰρ
952 4213 1205 4321 ξύλον,
1240 4215 1282 4293 5
1334 4212 1419 4293 δέ
1459 4217 1661 4294 ἐστιν
1699 4215 2103 4318 ἅνθρωπος·
2173 4216 2541 4318 ἀλλογενῆ
2586 4213 2661 4294 δὲ
2702 4221 2934 4293 ταῦτα
2967 4216 3090 4294 καὶ

756 4441 839 4500 ι7.
876 4425 1031 4483 αὐτὸς
1066 4425 1197 4480 τὰ
1165 4446 1293 4498 εργα
1325 4425 1539 4481 inverso
1562 4424 1752 4481 ordine
1777 4424 1864 4493 E„
1890 4424 1985 4481 sed
2010 4425 2115 4481 effi
2101 4442 2158 4480 m
2183 4425 2257 4480 xii
2425 4424 2483 4480 h.
2506 4424 2610 4497 687
2633 4441 2685 4488 c,
2709 4440 2874 4494 supra
2901 4424 3010 4496 ²38
3037 4441 3086 4486 e,

680 4498 897 4640 agab&
893 4513 999 4570 493
1026 4497 1082 4562 b,
1111 4495 1213 4569 776
1237 4514 1286 4563 c,
1315 4497 1416 4567 782
1443 4514 1491 4562 c,
1520 4497 1624 4569 785
1650 4496 1705 4552 d.
1921 4513 2009 4568 23.
2046 4496 2337 4552 διεναντιων
2655 4510 2741 4561 25·
2779 4495 3088 4550 nvn-iotae
