3238 5158
650 309 782 371 420
1259 308 1339 374 B.
1383 308 1798 373 CYRILLI
1857 308 2432 374 ALEXANDR.
2837 305 2989 368 xiv.
3016 300 3077 363 8.

314 471 480 535 Supra
677 478 695 502 ι
723 479 742 503 5
767 479 784 501 e
803 476 831 503 -1
1158 474 1180 499 Ι
1593 474 1615 500 Ι
1946 478 1964 502 ε
2230 474 2252 502 t

313 538 382 588 ix.
398 539 561 603 23ss9·
652 511 937 583 αρρητῳ
1003 480 1292 573 δυναμει
1359 482 1869 580 τεθεραπευκεν
1933 511 1973 555 ο
2043 483 2300 579 Σωτηρ
2361 486 2406 524 “
2443 468 2955 574 Συμμαθητὴς
3022 464 3088 548 εἷ

654 610 697 647 “
732 601 1012 712 ἐκείνου,
1051 600 1249 699 ἡμεῖς
1300 596 1377 679 δὲ
1425 607 1553 679 τοῦ
1593 600 1970 684 Μωυσέως
2007 602 2228 700 ἐσμὲν
2260 600 2599 700 μαθηταί.
2681 596 2891 697 ἡμεῖς
2930 592 3085 697 γὰρ

652 733 697 770 “
734 724 1024 822 οἴδαμεν
1087 722 1198 803 ὅτι
1261 730 1556 829 Μωυσῇ
1622 720 2033 823 λελάληκεν
2092 727 2133 805 5
2202 722 2410 822 Θεὸς,
2470 731 2728 803 τοῦτον
2787 719 2873 801 δὲ
2946 721 3089 799 οὐκ

652 858 694 896 “
732 849 1022 947 οἴδαμεν
1068 847 1289 930 πόθεν
1337 850 1598 931 ἐστίν.”
1678 846 1995 952 ἐνόμιζον
2044 850 2284 929 τοίνυν
2331 853 2398 928 οὶ
2450 854 2597 931 τοῖς
2639 848 3088 928 Ἰουδαϊκοῖς

651 972 1257 1077 συναγορεύοντες
1332 970 1676 1073 δόγμασι,
1743 970 2433 1077 δυσανταγώνιστόν
2502 1006 2663 1052 τινα
2735 967 2873 1049 τὸν
2958 969 3085 1048 ἐπὶ
3111 997 3147 1057 5

314 1124 443 1183 '776
462 1122 542 1179 A.
589 1137 626 1176 a
651 1095 926 1182 τούτοις
962 1104 1326 1178 ποιεῖσθαι
1362 1096 1611 1199 λόγον,
1652 1101 1770 1179 καὶ
1806 1099 1935 1178 οὐκ
1969 1094 2491 1202 εὐανάτρεπτον
2525 1101 2674 1178 τοῖς
2707 1098 3080 1189 πολλοῖς,

649 1220 1040 1324 ἐθορύβουν
1077 1220 1153 1302 δὲ
1190 1225 1286 1306 ὡς
1323 1220 1507 1306 εἰκὸς
1555 1225 1672 1303 καὶ
1719 1221 2194 1325 ὑπεσκέλιζον
2231 1220 2349 1302 διὰ
2391 1219 2648 1301 τούτου
2691 1213 3079 1300 πολλούς.

648 1354 860 1426 τοῦτο
913 1347 1078 1426 καθ
1136 1343 1389 1428 ἑαυτον
1437 1344 1789 1446 ἐννοήσας
1852 1348 1893 1426 5
1946 1349 2333 1445 Φίλιππος,
2390 1349 2488 1430 ὡς
2553 1340 3086 1443 λυθησομένης

647 1469 942 1570 αποῖσης
990 1476 1117 1572 τῆς
1167 1477 1312 1551 τῶν
1346 1471 1713 1550 Ἰουδαίων
1747 1471 2183 1574 ἀντιλογίας,
2221 1505 2281 1550 ει
2330 1473 2447 1550 καὶ
2502 1466 2715 1552 αὐτος
2764 1465 3083 1573 δειξειεν

649 1598 689 1676 5
735 1592 1065 1700 Χριστος
1117 1601 1265 1677 τοῖς
1316 1628 1413 1678 εις
1463 1592 1681 1674 αὐτον
1716 1593 2146 1674 πιστεύουσι
2193 1628 2320 1674 τον
2357 1593 2671 1695 Πατέρα,
2707 1587 3079 1694 πρόσεισι
3106 1623 3174 1667 10

648 1719 885 1824 λε’γων
925 1719 1116 1825 Κύριε
1152 1712 1420 1825 δεῖν’
1389 1723 1537 1824 ημῖν
1575 1755 1681 1799 τον
1719 1718 1996 1826 Πατέρα
2038 1753 2157 1799 και
2196 1722 2395 1827 ἀρκεῖ
2424 1721 2596 1823 ἡμῖν.
2659 1713 2882 1795 ἐννόει
2919 1712 3081 1816 γὰρ

649 1842 957 1944 λέγοντα
997 1840 1276 1939 Πάντα,
1317 1844 1571 1946 φησὶν,
1609 1877 1670 1922 ω
1708 1840 2083 1940 Δέσποτα,
2120 1848 2217 1926 εἷς
2251 1843 2504 1923 πίστιν
2538 1836 2893 1942 ἐπαγωγὰ
2947 1835 3079 1917 διὰ

647 1971 777 2065 τῆς
824 1969 966 2066 σῆς
1015 1965 1349 2072 ἐξουσίας
1399 1973 1731 2064 τελεῖται,
1778 1963 1897 2046 διὰ
1949 1965 2221 2070 μυρίων
2266 1962 2650 2066 θαυμάτων
2700 1959 3064 2062 δυσωπή-

579 2111 623 2175 b
650 2123 844 2169 σειεν
888 2088 980 2168 ἄν
1026 2123 1135 2173 τις
1189 2093 1318 2188 τῆς
1372 2096 1516 2171 τῶν
1567 2092 1935 2171 Ἰουδαίων
1986 2090 2527 2192 γλωσσαλγίας
2581 2086 2666 2168 τὸ
2720 2088 3065 2190 ἀκρατές.

649 2213 994 2319 ἐπιλείψῃ
1033 2214 1103 2293 δ’
1145 2210 1236 2292 ἂν
1272 2213 1441 2313 ἡμῖν
1476 2220 1572 2298 εἶς
1608 2212 1695 2294 τὸ
1730 2211 2075 2319 παράπαν
2111 2213 2341 2313 οὐδὲν,
2383 2219 2444 2294 εἶ
2481 2217 2597 2293 καὶ
2635 2208 2844 2294 αὐτὸς
2887 2212 3067 2311 ἡμῖν
3091 2241 3155 2302 15

651 2335 1015 2442 ἐπιδείξεις
1078 2334 1206 2416 τὸν
1262 2335 1557 2440 Πατέρα
1619 2339 1739 2417 καὶ
1797 2336 2008 2419 Θεόν·
2091 2338 2379 2440 ἀρκέσει
2439 2337 2584 2440 γὰρ
2638 2344 2849 2416 τοῦτο
2909 2341 3065 2418 τοῖς

629 2465 815 2554 ,σοῖς
847 2465 1218 2560 μαθηταῖς,
1257 2467 1351 2544 εἶς
1386 2460 1471 2540 τὸ
1509 2461 1870 2541 δύνασθαι
1906 2459 2164 2542 λοιπὸν
2201 2464 2318 2542 καὶ
2365 2459 2572 2560 μα’λα
2623 2464 2859 2542 καλῶς
2904 2464 3063 2540 τοῖς

653 2591 798 2664 τῶν
855 2587 1083 2665 ἐκεῖνα
1143 2585 1663 2689 προτεινόντων
1726 2584 2290 2688 καθοπλίζέσθαι
2357 2585 2628 2688 λόγοις.
2718 2582 3061 2683 τοιαύτην

655 2707 813 2788 τινὰ
850 2708 1150 2813 θεωρίαν
1183 2718 1334 2794 τοῖς
1380 2712 1864 2812 προκειμένοις
1914 2712 2351 2810 ε’ποίσαντες,
2389 2711 2516 2791 οὐκ
2561 2708 2652 2790 ἂν
2688 2706 2880 2809 οἶμαι
2927 2714 3060 2788 τοῦ

652 2831 1051 2936 πρέποντος
1086 2831 1315 2936 λόγου
1352 2832 1995 2936 διαμαρτήσαιμεν.
2073 2842 2289 2916 καλεῖ
2313 2834 2457 2940 γὰρ
2499 2835 2686 2936 ἡμᾶς
2733 2830 2916 2936 πρὸς
2968 2830 3053 2912 τὸ
3080 2866 3147 2909 20

655 2956 842 3036 οὕτω
886 2965 1070 3038 νοεῖν
1107 2961 1225 3038 καὶ
1273 2955 1483 3042 αὐτὸς
1535 2960 1576 3037 5
1627 2959 1998 3045 Φίλιππος
2046 2958 2283 3059 λέγων
2317 2963 2548 3069 Ἀρκεῖ
2576 2963 2724 3064 ἡμῖν
2759 2953 2845 3036 τὸ
2880 2959 3056 3036 ἰδεῖν

594 3110 631 3155 ο
656 3077 783 3159 τὸν
821 3081 1116 3184 Πατέρα
1165 3083 1282 3160 καὶ
1332 3082 1545 3179 Θεὸν,
1583 3084 1847 3162 ὡσανεὶ
1896 3081 2151 3164 τούτου
2201 3085 2317 3163 καὶ
2368 3080 2591 3182 μόνου
2637 3087 2786 3165 τοῖς
2832 3114 3048 3161 πεπι-

655 3203 1044 3284 στευκόσιν
1072 3202 1609 3303 ἐλλελοιπότος,
1641 3207 1965 3287 ὑποτιθεῖ
1996 3207 2082 3286 δέ
2107 3242 2261 3291 πως
2298 3212 2416 3287 καὶ
2446 3205 2661 3290 αὐτὸς
2694 3208 2735 3286 5
2774 3203 3054 3308 Σωτὴρ,

656 3328 732 3405 ἐν
784 3335 934 3411 τοῖς
992 3327 1252 3435 ἐφεξῆς
1308 3329 1526 3410 εἰπών
1578 3340 1622 3376 “
1648 3330 1767 3410 Τὰ
1818 3329 2105 3436 ῥήματα
2160 3326 2206 3410 ἃ
2260 3331 2403 3432 ἐγὼ
2459 3331 2652 3433 λε’γω
2711 3332 2874 3429 ὑμῖν
2930 3328 3050 3408 ἀπ’

657 3451 1045 3547 “ε’μαυτοῦ
1109 3451 1191 3531 οὐ
1211 3459 1488 3601 ”λαλῶ,
1545 3455 1585 3532 5
1641 3451 1718 3535 δὲ
1776 3452 2033 3559 Πατὴρ
2087 3457 2165 3534 ἐν
2217 3457 2372 3552 ἐμοὶ
2427 3455 2661 3555 με’νων
2713 3461 2908 3535 ποιεῖ
2962 3451 3053 3533 τὰ
3077 3481 3144 3542 25

656 3582 701 3622 “
736 3573 914 3675 ἔργα
968 3571 1228 3657 αὐτός.’
1233 3573 1395 3653 ’τὸ
1453 3575 1529 3654 δὲ
1583 3576 1780 3660 ὅπως
1833 3576 2185 3682 προσήκει
2240 3581 2357 3658 καὶ
2412 3587 2624 3659 τοῦτο
2680 3585 2886 3675 νοεῖν,
2925 3580 3051 3658 οὐκ

654 3697 729 3776 ἐν
765 3702 867 3804 τῷ
901 3695 1203 3798 παρόντι
1237 3703 1550 3796 μᾶλλον,
1581 3700 1753 3780 ἀλλ’
1786 3703 1861 3783 ἐν
1896 3707 2000 3808 τῷ
2036 3701 2604 3811 πρεπωδεστερω
2639 3706 2758 3783 καὶ
2793 3704 3051 3805 γείτονι

657 3818 1026 3925 λελέξεται
1061 3820 1286 3929 τόπῳ.

1015 4047 1099 4087 10.
1133 4034 1342 4103 πρόεισι
1365 4050 1413 4090 0.
1441 4034 1606 4091 Cord.
2236 4052 2318 4106 15.
2357 4036 2607 4111 ἐπιλήψῃ
2635 4038 2697 4094 Ε.
