3238 5158
206 382 333 425 vm
364 361 468 430 28.
598 363 710 427 IN
771 364 839 428 S.
887 362 1400 428 JOANNEM.
1493 362 1685 427 LIB.
1718 364 1801 427 V.
1892 364 2097 429 CAP.
2132 365 2214 429 V.
2518 366 2601 428 45

205 529 420 608 ἐκεῖνο
476 526 566 609 τὸ
617 528 1092 632 παράδειγμα,
1141 526 1340 627 πλὴν
1392 528 1559 633 ἕχον
1606 526 1844 607 εἶκόνα
1898 530 2025 627 τῆς
2080 529 2420 626 ἀληθείας
2472 527 2601 606 οὐκ

203 650 553 755 ἀμυδράν.
630 654 748 731 καὶ
791 651 1039 754 ὥσπερ
1086 651 1130 748 ἡ
1178 651 1477 735 σύνεσις
1520 651 1565 750 ἡ
1616 654 1693 731 ἐν
1740 653 1910 752 ἡμῖν
1956 652 2090 756 οὐχ
2143 651 2382 754 ἕτερον
2425 645 2599 729 εἶναι
2625 664 2671 728 d

202 776 366 876 παρ’
426 774 619 873 ἡμᾶς
673 808 746 854 τι
801 772 1257 875 λελόγισται·
1335 773 1463 854 τὸν
1517 771 1735 855 αὐτὸν
1792 771 1987 872 οἶμαι
2044 771 2318 876 τρόπον
2372 776 2489 853 καὶ
2554 772 2601 873 ἦ

201 898 431 1005 σοφία
466 905 601 976 τοῦ
638 903 832 978 Θεοῦ
868 898 987 977 καὶ
1023 895 1335 1001 Πατρὸς,
1372 898 1748 977 τουτέστιν
1784 899 1825 977 5
1860 897 2058 994 Υἱὸς,
2087 897 2218 1001 οὐχ
2254 893 2492 998 ἕτερόν
2529 928 2600 974 τι

143 1037 177 1098 5
200 1023 363 1124 παρ’
432 1019 658 1100 αὐτόν
720 1022 922 1100 ἐστιν
985 1018 1165 1099 ὅσον
1237 1025 1334 1104 εἰς
1406 1021 1659 1104 οὐσίας
1730 1019 2131 1120 ταυτότητά
2201 1019 2418 1120 λέγω,
2484 1019 2600 1096 καὶ

200 1143 494 1249 φύσεως
570 1141 1138 1247 ἀπαράλλακτον
1212 1141 1616 1243 ὁμοιότητα·
1720 1141 1981 1245 Πατὴρ
2061 1142 2203 1246 γάρ
2284 1144 2483 1222 ἐστιν
2558 1143 2600 1221 5

200 1266 480 1371 Πατὴρ,
522 1271 641 1347 καὶ
679 1266 856 1351 Υἱὸς
892 1270 934 1347 5
967 1266 1144 1353 Υἱὸς
1181 1264 1726 1350 ἰδιοσυστάτως.

303 1388 611 1490 Ἐπειδὴ
671 1390 746 1470 δὲ
804 1390 985 1493 πρὸς
1042 1390 1255 1471 τοῦτό
1321 1397 1554 1496 φησιν
1610 1390 1721 1470 ὅτι
1782 1387 2022 1475 Καθῶς
2082 1384 2366 1497 &latagi
2413 1424 2507 1495 με
2567 1397 2598 1470 ὁ

200 1512 430 1622 naris»
494 1517 724 1596 ταῦτα
782 1513 1013 1611 λαλῶ,
1070 1513 1403 1617 νομιζέτω
1465 1517 1712 1615 μηδεὶς
1774 1511 2159 1613 μαθήσεως
2221 1512 2413 1596 ὅλως
2471 1514 2601 1611 τῆς

106 1671 175 1710 ιο
197 1638 379 1716 κατά
433 1672 507 1717 τι
565 1646 747 1740 γοῦν
795 1640 1037 1717 ἐπιδεᾶ
1091 1635 1525 1718 καθεστάναι
1577 1637 1708 1717 τὸν
1745 1641 1950 1719 Υἶόν·
2021 1635 2268 1736 πολλὴ
2325 1634 2468 1737 γὰρ
2523 1638 2600 1715 ἐν

196 1762 473 1847 τούτοις
524 1763 577 1862 ἡ
625 1769 773 1842 τῶν
808 1768 1190 1864 λογισμῶν
1225 1763 1509 1842 ἀτοπία·
1570 1762 1906 1861 σημαίνει
1955 1761 2042 1841 δέ
2079 1795 2151 1841 τι
2198 1769 2519 1841 τοιοῦτον
2553 1760 2657 1859 ἡο

197 1894 321 1966 τοῦ
394 1885 636 1987 λόγου
709 1885 1026 1983 δύναμις.
1135 1885 1468 1965 Ἰουδαῖοι
1535 1883 1669 1983 μὲν
1733 1884 1877 1989 γὰρ
1942 1890 2009 1964 οἱ
2073 1883 2389 1965 συνιέναι
2450 1889 2599 1963 τῶν

199 2014 494 2111 ἀγαθῶν
530 2044 610 2089 τι
657 2011 784 2089 οὐκ
836 2005 1227 2113 ἰσχύοντες,
1266 2009 1350 2088 οὗ
1384 2007 1605 2107 μόνον
1642 2010 1752 2114 ἐφ’
1795 2007 1900 2093 οἷς
1949 2004 2306 2110 εἰργάζετο
2353 2040 2592 2110 παρα-

201 2130 426 2239 δόξως
501 2131 1127 2236 ἐσκανδαλίζοντο,
1191 2129 1394 2209 ἀλλά
1467 2134 1585 2211 καὶ
1649 2131 1766 2211 ὅτε
1839 2165 1911 2211 τι
1976 2138 2123 2210 τῶν
2187 2137 2602 2234 θεοπρεπῶν

112 2280 180 2344 15
201 2256 542 2359 ῥημάτων
596 2256 987 2362 ἐφθέγγετο
1038 2263 1253 2335 τοῦτο
1305 2252 1672 2338 παθόντας
1725 2254 1861 2335 ἴδοι
1916 2289 2024 2340 τις
2077 2255 2191 2333 ἄν·
2252 2258 2369 2334 καὶ
2427 2263 2600 2357 γοῦν

202 2375 545 2481 λέγοντός
586 2414 665 2461 τε
715 2382 831 2459 καὶ
883 2376 1358 2479 ἀληθεύοντος
1392 2379 1589 2480 Ἐγώ
1629 2385 1765 2478 εἶμι
1802 2378 1887 2458 τὸ
1925 2385 2082 2484 φῶς
2118 2385 2247 2458 τοῦ
2285 2376 2594 2477 κόσμου,

202 2499 604 2607 διεπρίοντό
641 2538 717 2585 τε
761 2506 877 2583 καὶ
924 2499 1015 2583 τὰ
1064 2501 1403 2582 πάνδεινα
1452 2506 1711 2607 χρῆναι
1746 2508 2028 2601 τολμᾶν
2063 2501 2593 2583 διεσκέπτοντο.

204 2627 243 2704 5
296 2626 371 2706 δὲ
426 2627 703 2730 Κύριος
751 2627 952 2724 ἡμῶν
987 2627 1276 2726 Ἰησοῦς
1325 2625 1673 2727 Χριστὸς,
1720 2628 1836 2706 ἵνα
1890 2626 2125 2726 μάτην
2174 2623 2428 2709 αὐτοὺς
2482 2627 2600 2705 ἐπὶ

204 2749 429 2858 τούτῳ
480 2748 1017 2849 λελυττηκότας
1069 2748 1353 2854 ἐλέγξῃ,
1391 2746 1556 2833 τοὺς
1609 2751 1863 2828 ἑαυτοῦ
1920 2748 2184 2851 λόγους
2237 2756 2366 2828 τοῦ
2411 2754 2600 2828 Θεοῦ
2625 2781 2662 2820 a
2702 2767 2833 2823 526
2853 2765 2937 2824 A.

118 2905 188 2947 πο
208 2877 320 2952 καὶ
363 2873 665 2978 Πατρὸς
719 2871 899 2954 εἶναί
950 2879 1200 2978 φησιν,
1238 2872 1869 2974 ἀνθρωπινώτερον
1917 2868 2045 2970 μὲν
2094 2870 2179 2952 τό
2226 2870 2601 2977 Ἐδίδαξεν

206 2997 443 3078 εἰπών.
524 2996 729 3096 πλὴν
768 2998 895 3077 οὐκ
941 2997 1083 3103 ἔξω
1128 2997 1428 3109 θεωρίας
1478 2998 1750 3093 λεπτῆς
1799 2993 1931 3094 τὴν
1968 2994 2113 3075 ἀπὸ
2160 2998 2288 3093 τῆς
2337 2992 2600 3100 λέξεως

208 3121 602 3221 εὑρήσομεν
636 3119 954 3219 δύναμιν·
1013 3122 1132 3199 καὶ
1180 3124 1238 3198 εἰ
1286 3117 1387 3218 μὴ
1441 3118 1717 3222 δέχοιτο
1769 3116 1989 3222 τυχὸν
2026 3119 2066 3197 5
2099 3121 2228 3216 τῆς
2264 3117 2600 3216 ἀληθείας

208 3244 457 3348 ἐχθρὸς
506 3243 607 3326 τὰ
651 3244 1082 3347 ἀνθρώπινα,
1120 3241 1449 3340 μάλιστα
1483 3240 1614 3342 μὲν
1651 3244 1880 3321 ἀδικεῖ
1918 3246 2047 3340 τῆς
2099 3238 2280 3340 μετὰ
2326 3237 2598 3342 σαρκὸς

212 3371 612 3467 οἰκονομίας
646 3366 772 3448 τὸν
809 3365 1059 3469 λόγον.
1135 3366 1566 3446 ἐταπείνωσε
1615 3363 1760 3467 γὰρ
1810 3365 2061 3444 ἑαυτὸν
2097 3366 2136 3443 5
2176 3363 2601 3466 Μονογενὴς

129 3509 193 3569 ²5
214 3491 585 3594 ἅνθρωπος
657 3490 992 3593 γεγονὼς,
1066 3492 1182 3568 καὶ
1258 3486 1376 3568 διὰ
1446 3495 1661 3568 τοῦτο
1732 3487 2095 3571 πολλάκις
2174 3493 2427 3567 λαλῶν
2502 3491 2599 3571 ὡς

215 3613 606 3716 ἅνθρωπος.
678 3611 877 3712 πλὴν
913 3613 1097 3692 ἴστω
1133 3609 1359 3692 πάλιν
1396 3613 1493 3694 ὡς
1529 3606 1729 3691 οὐδὲν
1765 3609 2088 3711 ἀδικήσει
2124 3609 2252 3689 τὸν
2286 3608 2467 3689 Υἱὸν
2502 3615 2602 3693 εἰς

216 3739 489 3843 ἀξίωμα
547 3736 635 3818 τὸ
691 3734 1075 3840 θεοπρεπὲς
1128 3732 1214 3814 τὸ
1269 3739 1487 3814 εἷπεῖν
1533 3730 1774 3820 Καθῶς
1827 3730 2108 3841 &isaii
2143 3768 2237 3839 με
2286 3742 2315 3814 ὁ
2367 3729 2601 3838 Παιτῗιρ
2627 3748 2670 3812 b

220 3861 367 3941 οὕτω
421 3859 662 3942 λαλῶ·
734 3858 1185 3963 πανταχόθεν
1238 3855 1383 3959 γὰρ
1438 3859 1652 3958 ὑγιῶς
1706 3855 1964 3961 ἔχοντα
2017 3857 2133 3936 καὶ
2188 3862 2428 3938 καλῶς
2484 3855 2604 3933 καὶ

218 3993 459 4065 τοῦτον
496 3986 719 4065 αὐτοῦ
768 3981 896 4062 τὸν
936 3980 1167 4084 λόγον
1203 3980 1664 4086 ἐπιδείξομεν.
1743 3978 2255 4083 ἀποκρινάσθω
2309 3977 2385 4057 δὲ
2435 3978 2604 4078 ἡμῖν

291 4236 337 4275 1.
369 4220 527 4292 ἐχρῆν
552 4221 619 4276 Β.
648 4219 832 4275 Holst.
857 4220 982 4292 ἕχον
1003 4237 1033 4273 e
1057 4218 1176 4273 Cat.
1204 4218 1360 4273 Harl.
1386 4214 1690 4272 emendavit
1713 4216 1859 4299 Apb.
2091 4232 2142 4299 2..
2178 4212 2305 4270 εἶναι
2328 4213 2449 4285 παρ’
2476 4212 2607 4283 ἡμᾶς

221 4309 267 4342 τι
298 4292 603 4362 λελόγισται
641 4290 709 4346 Β.
736 4291 836 4346 Ht.
868 4311 919 4344 τι
952 4288 1073 4361 παρ’
1100 4289 1230 4359 ἡμᾶς
1264 4285 1391 4343 εἶναι
1424 4290 1733 4358 λελόγισται
1767 4303 1981 4343 mverflo
2015 4285 2202 4341 ordme
2237 4300 2286 4341 a.
2319 4282 2447 4339 εἶναι
2480 4304 2553 4338 πα
2589 4282 2604 4303 ’

221 4359 366 4414 αὐτόν
387 4363 534 4452 ἐστιν
560 4360 685 4433 (sic)
712 4361 856 4417 Aub.
1039 4379 1093 4427 4.
1127 4381 1180 4414 τι
1203 4368 1544 4430 assumptum
1567 4375 1633 4411 ex
1660 4356 1777 4411 B.a.
1798 4432 1823 4447 ..
1897 4426 1912 4448 ¹
1963 4373 2050 4445 ¹⁰:
2084 4356 2384 4441 καθιστάναι
2408 4354 2533 4478 gne
2556 4362 2605 4477 ἑ.

224 4430 522 4572 &aa
540 4430 1075 4557 ἒρέἐὲνιῖἱῗιέῒὶῖὼ.
1101 4500 1281 4556 Ρ8υο8
1304 4499 1501 4554 desunt
1523 4444 1585 4551 in1
1594 4443 1654 4551 Ξ.
1684 4448 1735 4481 π
1758 4448 1861 4483 των
1881 4428 2532 4569 αγαθῗέίῃῖξίδυετῗιικότας
2555 4463 2605 4549 a:

228 4524 515 4627 Catffiqlarl,
540 4574 898 4641 λελυπηκότιις
922 4570 1026 4627 Ed.
1240 4584 1329 4642 25.
1365 4565 1570 4640 λαλῶν]
1597 4567 1743 4640 λέγει
1766 4584 1815 4624 a.
