3238 5158
270 3358 414 3408 Infra
434 3375 485 3408 x.

279 3426 353 3473 18.

611 355 654 415 2
1219 357 1297 420 Β.
1344 355 1769 421 CYRILLI
1826 355 2407 421 ALEXANDR.
2746 349 2877 414 viii.
2908 368 3015 415 20.

615 513 759 619 γὰρ
795 515 1105 617 εἱστήκει
1141 519 1227 599 τὸ
1262 517 1827 629 γαζοφυλάκων,
1855 521 2249 617 τουτέστιν,
2286 525 2382 603 εἰς
2420 518 2638 598 αὑτοῦ
2674 521 2802 594 τοῦ
2838 519 3021 592 ναοῦ

549 644 592 709 b
615 637 699 720 τὸ
763 641 1200 739 μεσαίτατον
1264 646 1324 723 ἑν
1387 645 1581 750 αὐτῷ
1647 643 1739 753 τῷ
1806 654 1946 754 ἱερῷ
2009 642 2175 727 τοὺς
2237 646 2400 746 περὶ
2463 647 2611 721 τῶν
2673 635 3022 717 τοιούτων

613 766 912 842 ἐποιεῖτο
987 762 1272 866 λόγους.
1381 766 1584 846 ἀλλὰ
1667 768 1893 848 καίτοι
1964 766 2265 874 σφόδρα
2338 764 2821 868 διαπριόμενοι
2893 760 3018 838 καὶ

614 883 1093 986 λελυπηκότες
1166 886 1483 974 ἐκτόπως
1554 892 1671 970 ἐπὶ
1742 897 1889 973 τοῖς
1954 891 2120 992 παρ’
2190 890 2408 969 αὐτοῦ
2470 884 2883 989 λεγομένοις
2945 886 3019 961 οὶ

613 1013 1019 1111 Φαρισαῖοι,
1073 1012 1200 1090 οὐκ
1257 1013 1563 1092 ἐπίασαν
1613 1014 1825 1111 αὑτὶν,
1864 1014 2031 1122 ἐξὸν
2081 1013 2394 1098 εὐκόλως
2440 1008 2603 1091 τότε
2653 1006 2743 1107 δὴ
2796 1014 3017 1086 τοῦτο
3048 1031 3089 1092 5

609 1131 939 1229 μάλιστα
996 1137 1172 1236 δρᾶν
1226 1136 1488 1220 αὐτοῖς·
1548 1135 1639 1237 ἦν
1686 1137 1851 1239 γὰρ,
1903 1141 2000 1221 ὡς
2053 1137 2257 1245 ἔφην,
2306 1135 2588 1239 ἀρκύων
2638 1128 2859 1216 ε’ντός.
2940 1129 3027 1209 τί

611 1256 736 1334 οὖν
782 1256 922 1359 ἄρα
972 1254 1056 1336 τὸ
1107 1257 1438 1343 πεπεικὸς
1488 1262 1606 1339 καὶ
1659 1262 1792 1365 οὐχ
1843 1258 2131 1344 ἑκόντας
2178 1261 2480 1361 ἠρεμεῖν,
2523 1253 2689 1339 τοὺς
2745 1254 3015 1356 θηρίων

609 1376 980 1458 ἀτιθάσων
1016 1383 1514 1483 ἀγριαίνοντας
1566 1384 1817 1482 δίκην;
1883 1382 1959 1463 τί
2005 1382 2090 1464 τὸ
2142 1380 2522 1488 ἀνακόψαν
2558 1378 2689 1478 τὴν
2732 1377 3016 1457 ἐκείνων

610 1498 882 1604 ὀργήν;
946 1505 1467 1606 κατεγοητεύθη
1524 1504 1599 1586 δὲ
1654 1506 1847 1590 ὅπως
1904 1508 1947 1607 ἡ
1989 1506 2364 1611 μιαιφόνος
2407 1511 2552 1584 τῶν
2589 1500 3016 1605 Φαρισαίων

550 1653 586 1696 0
610 1627 862 1726 καρδία
895 1659 916 1720 3
996 1626 1176 1706 οὔπω
1228 1632 1460 1734 φησὶν
1498 1630 1711 1721 ε’ληλό
1744 1666 1795 1709 ει
1847 1634 1880 1724 ἦ
1931 1629 2070 1740 ὅρα
2117 1632 2340 1720 αὐτοῦ,
2379 1625 2772 1721 τουτέστιν,
2810 1624 3014 1702 οὔπω
3053 1659 3130 1698 10

608 1751 849 1849 παρῆν
901 1750 940 1826 5
997 1756 1126 1827 τοῦ
1183 1750 1493 1830 θανάτου
1549 1749 1814 1855 καιρὸς,
1864 1754 1947 1831 οὐ
2000 1755 2168 1855 παρ’
2209 1753 2448 1854 ἑτέρου
2501 1746 2691 1832 τινος
2749 1749 2788 1825 5
2845 1748 3015 1849 ὡρι-

607 1868 873 1970 σμένος
917 1873 1032 1951 ε’πὶ
1075 1877 1179 1978 τῷ
1221 1878 1505 1976 Σωτῆρι
1540 1879 1867 1983 Χριστῷ,
1905 1877 2075 1955 ἀλλ’
2117 1874 2277 1956 οὐδὲ
2327 1873 2511 1954 κατὰ
2559 1871 2687 1955 τὰς
2720 1867 3004 1969 Ἐλλή-

609 2028 753 2073 νων
789 1997 1279 2100 ψευδομυθίας
1324 1996 1410 2103 ἐξ
1458 1997 1874 2100 εἱμαρμένης
1921 1998 2562 2104 ἐπιρῤιπτούμενος,
2602 1994 2827 2097 ἤγουν
2863 1992 3013 2072 ἀπὸ

607 2121 734 2218 τῆς
770 2117 959 2221 ὥρας
997 2117 1181 2199 κατὰ
1214 2118 1343 2201 τὸν
1378 2123 1546 2223 παρ’
1588 2123 1874 2206 ἐκείνοις
1918 2130 2282 2225 ληροῦντα
2327 2121 2573 2224 λόγον,
2614 2116 3013 2221 ὡρισμένος

610 2239 686 2320 δὲ
758 2250 1049 2340 μᾶλλον
1121 2245 1291 2345 παρ’
1370 2246 1588 2324 αὐτοῦ
1665 2245 1848 2327 κατὰ
1921 2247 2338 2326 συναίνεσιν
2410 2253 2540 2325 τοῦ
2614 2249 2806 2323 Θεοῦ
2889 2242 3009 2319 καὶ
3048 2271 3125 2332 ι5

611 2363 928 2467 Πατρός.
1030 2365 1216 2450 Θεὸς
1275 2365 1417 2470 γὰρ
1483 2365 1825 2474 ὑπάρχων
1878 2376 1971 2474 τῇ
2035 2367 2257 2475 φύσει
2313 2370 2430 2448 καὶ
2491 2363 2832 2465 ἀληθινὸς
2890 2364 3011 2442 καὶ

606 2495 734 2567 τοῦ
784 2488 1183 2591 πρέποντος
1234 2492 1641 2593 διαμαρτεῖν
1678 2492 1806 2571 οὐκ
1854 2491 2072 2591 εἰδὼς,
2110 2493 2187 2571 εὖ
2231 2490 2320 2592 δὴ
2371 2495 2487 2570 καὶ
2536 2489 2704 2570 λίαν
2749 2486 3002 2600 ἐξηπί-

608 2646 841 2692 στατο
876 2612 1114 2693 πόσον
1150 2613 1281 2713 μὲν
1308 2613 1446 2694 ἔδει
1482 2623 1633 2701 τοῖς
1668 2620 1785 2697 ἐπὶ
1819 2621 1947 2716 τῆς
1988 2622 2123 2718 γῆς
2160 2621 2712 2696 συνδιαιτᾶσθαι
2746 2609 3012 2716 χρόνον

541 2747 583 2811 d
607 2734 789 2835 μετὰ
825 2735 1123 2839 σαρκὸς,
1164 2737 1341 2818 πότε
1384 2736 1460 2818 δὲ
1498 2741 1701 2824 αὖθις
1739 2740 1908 2820 ἰέναι
1944 2739 2127 2844 πρὸς
2164 2737 2487 2843 οὐρανὸν,
2525 2743 2628 2845 τῷ
2667 2740 2789 2836 τῆς
2826 2734 3008 2819 ἰδίας

606 2857 882 2962 σαρκὸς
920 2858 1204 2971 θανάτῳ
1243 2861 1644 2942 καθελόντα
1682 2862 1808 2944 τὸν
1847 2862 2181 2944 θάνατον·
2245 2863 2354 2943 ὅτι
2389 2862 2531 2967 γὰρ
2578 2861 2705 2940 οὐκ
2752 2862 2831 2938 ἐκ
2880 2861 3006 2957 τῆς
3040 2895 3118 2935 20

605 3017 818 3064 τινων
854 2985 1277 3091 πλεονεξίας
1316 2988 1355 3064 5
1394 2985 1701 3072 θάνατος
1743 2986 2190 3087 ἐπενήνεκται
2228 2992 2317 3092 τῇ
2356 2984 2538 3066 κατὰ
2573 2984 2804 3091 φύσιν
2841 2980 3007 3085 ζωῇ,

606 3112 832 3208 δῆλον
876 3107 1009 3208 μὲν
1055 3108 1286 3208 δήπου
1335 3105 1528 3208 οἶμαι
1584 3116 1815 3189 πᾶσιν
1863 3106 2037 3190 εἶναι
2091 3117 2239 3194 τοῖς
2293 3116 2582 3217 σοφοῖς.
2661 3112 2816 3190 πῶς
2864 3103 3008 3207 γὰρ

606 3229 695 3308 ἂν
733 3232 1175 3333 ὑπερίσχυσε
1213 3235 1341 3330 τῆς
1378 3231 1561 3312 κατὰ
1599 3233 1826 3337 φύσιν
1864 3232 2042 3336 ζωῆς
2077 3232 2171 3314 τὰ
2205 3242 2333 3314 τοῦ
2371 3232 2683 3312 θανάτου
2721 3228 3004 3326 δεσμοῖς

607 3355 724 3431 καὶ
782 3351 994 3437 αὐτὸς
1050 3355 1141 3432 δέ
1182 3387 1325 3433 που
1381 3356 1926 3459 διαμαρτύρεται
1980 3357 2219 3459 λε’γων
2271 3359 2310 3436 5
2366 3354 2629 3458 Κύριος
2677 3366 2720 3402 “
2748 3353 3008 3437 Οὐδεὶς

606 3488 650 3523 “
690 3475 868 3579 αἴρει
930 3474 1064 3576 τὴν
1126 3475 1379 3584 ψυχήν
1435 3512 1575 3578 μου
1642 3481 1762 3559 ἀπ’
1826 3483 2017 3579 ἐμοῦ,
2082 3480 2225 3583 ἐγὼ
2287 3479 2528 3580 τίθημι
2596 3476 2820 3576 αὐτὴν
2883 3478 3001 3556 ἀπ’
3040 3505 3116 3566 25

606 3610 651 3648 “
687 3602 1017 3697 ἐμαυτοῦ·
1085 3602 1426 3707 ἐξουσίαν
1474 3603 1614 3706 ἔχω
1669 3609 1887 3683 θεῖναι
1943 3602 2186 3702 αὐτὴν,
2235 3607 2351 3683 καὶ
2395 3601 2621 3685 πάλιν
2670 3600 3009 3708 ἐξουσίαν

609 3734 654 3771 “
689 3723 828 3828 ἔχω
886 3730 1142 3818 λαβεῖν
1199 3724 1483 3825 αὖτήν.”
1566 3732 1625 3805 εἶ
1681 3724 1814 3825 μὲν
1864 3726 2007 3830 γὰρ
2065 3731 2162 3813 ὡς
2215 3728 2304 3833 ἐξ
2352 3726 2667 3828 ἀνάγκης
2724 3723 3009 3827 ὡρίζετο

547 3849 774 3951 οπαρ’
842 3848 1083 3952 ἑτέρου
1145 3847 1336 3933 τινὸς
1406 3854 1445 3930 5
1513 3850 1778 3953 καιρὸς,
1845 3855 2010 3932 καθ’
2081 3850 2164 3932 ὃν
2229 3853 2366 3931 ἔδει
2431 3848 2717 3933 πάντως
2792 3845 3011 3927 αὑτὸν

606 3974 977 4072 ὑπομεῖναι
1028 3970 1158 4053 τὸν
1209 3972 1543 4067 θάνατον,
1583 3982 1738 4060 πῶς
1787 3980 1863 4055 ἐν
1904 3977 2202 4083 ἐξουσίᾳ
2253 3976 2570 4074 κείμενον
2613 3972 3011 4075 εὑρήσομεν

683 4174 730 4212 1.
768 4158 929 4213 αὐτοῦ
965 4162 1059 4213 τοῦ
1095 4163 1216 4214 ναοῦ
1252 4159 1338 4231 τὸ]
1367 4161 1491 4215 αὐτὸ
1527 4163 1588 4217 τὸ
1626 4166 1718 4216 τοῦ
1755 4166 1878 4217 ναοῦ
1913 4180 1961 4218 a.
2073 4162 2266 4218 Statim
2290 4163 2581 4230 μεσότατον
2609 4159 2673 4213 Β.
2698 4157 3012 4229 μεσαίτατον

606 4228 769 4283 habet
793 4247 840 4284 a.
1022 4245 1075 4297 5.
1112 4232 1345 4298 μάλιστα
1370 4235 1522 4286 τοῦτο
1549 4233 1761 4288 inverso
1785 4233 1972 4288 ordine
2001 4233 2066 4288 B.
2142 4233 2460 4287 Emendavit
2490 4232 2669 4285 Holst.
2859 4244 2942 4284 11.
2979 4231 3010 4282 ὁ

607 4297 894 4370 ὡρισμένος
932 4299 998 4354 Β.
1110 4301 1302 4355 Statim
1341 4304 1371 4355 ὁ
1405 4302 1553 4357 addit
1589 4304 1655 4359 B.
1689 4302 1754 4371 ἦν
1787 4304 2073 4376 ὡρισμένος
2108 4306 2138 4357 ὁ
2175 4303 2478 4358 emendavit
2516 4303 2613 4355 Ht.
2642 4297 2929 4371 ὡρισμένος
2959 4316 3008 4352 a.

613 4383 698 4436 15.
737 4371 1034 4425 συναίνεσιν
1057 4372 1359 4427 emendavit
1381 4390 1411 4428 e
1437 4373 1558 4428 Cat.
1588 4374 1743 4429 Harl.
1769 4383 1832 4430 ut
1856 4374 1963 4429 vid.
1990 4374 2135 4428 Aub.
2162 4372 2406 4430 σῦναισιν
2432 4374 2515 4443 (¹=
2546 4369 2784 4438 σύνεσιν)
2816 4369 2880 4423 Β.
2910 4368 3008 4422 Ht-

613 4439 696 4494 16.
734 4441 816 4493 καὶ
841 4442 992 4511 prius
1017 4453 1355 4514 assumptum
1381 4461 1446 4497 ex
1474 4443 1540 4499 B.
1922 4459 2007 4532 37.
2045 4446 2340 4516 διαμαρτεῖν
2369 4443 2484 4499 B.a.
2509 4442 2754 4513 ἁμαρτεῖν
2782 4438 2880 4493 Ht.
2909 4438 3011 4493 Ed.

606 4510 921 4580 ἐξηπίστατο
945 4529 993 4565 a.
1021 4513 1331 4580 ἐξεπίστατο
1356 4513 1460 4570 Ed.
1769 4533 1851 4587 19.
1890 4515 2016 4571 ιἐναι
2041 4533 2087 4570 a.
2112 4511 2240 4570 εἶναι
2265 4513 2370 4569 Ed.
2672 4525 2758 4582 27.
2794 4507 3006 4582 λαβεῖν]

604 4583 791 4644 βαλεῖν
817 4581 943 4650 (sic)
972 4584 1115 4639 Aub-
