3238 5158
177 325 389 415 xvi.3.
538 332 653 397 IN
714 333 782 398 S.
832 333 1351 401 JOANNEM.
1443 334 1637 400 LIB.
1687 335 1771 401 X.
1860 335 2065 402 CAP.
2112 334 2208 399 11.
2449 328 2580 396 613
2641 337 2665 362 ⁸

178 492 523 596 θερμότης
578 498 1141 602 προεγνωσμένη
1194 506 1344 586 τοῖς
1406 497 1809 607 πάσχουσι,
1867 503 1985 581 καὶ
2050 497 2582 600 ἀσθενεστέραν

176 618 305 719 τὴν
340 620 604 728 ἔφοδον
639 621 1024 727 ἐργάζεται.
1152 613 1171 622 „

379 846 495 914 Καὶ
550 855 755 916 ταῦτα
813 853 1215 934 ποιήσουσιν,
1270 856 1373 921 ὅτι
1425 854 1542 919 οὐκ
1595 853 1892 930 ἓΓνωσαν
1944 853 2060 920 τὸν
2114 853 2375 941 Πατέρα
2607 873 2642 931 3

1204 978 1358 1045 οὐδὲ
1412 979 1550 1057 ἐμὲ.

113 1150 150 1210 5
269 1135 561 1245 Ἔδειξε
615 1146 763 1219 τῶν
811 1142 1176 1222 Ἰουδαίων
1229 1141 1359 1223 τὸν
1397 1154 1440 1191 “
1467 1142 1716 1247 ζῆλον,
1769 1144 1854 1224 οὐ
1909 1143 2063 1224 κατ’
2113 1140 2575 1247 ἐπίγνωσιν·”
2670 1134 2820 1251 {³⁰¹²-
2847 1151 2898 1186 ¹·

171 1260 497 1366 καθάπερ
569 1260 819 1362 ἀμέλει
893 1268 1009 1346 καὶ
1084 1269 1126 1346 5
1202 1266 1503 1351 Παῦλός
1573 1272 1794 1372 φησι·
1878 1267 2430 1366 πεπλανημένον
2505 1263 2581 1345 δὲ

169 1386 469 1496 σφόδρα
541 1393 659 1469 καὶ
724 1388 865 1496 ἔξω
927 1424 1071 1470 που
1133 1392 1480 1485 βαίνοντα
1552 1396 1681 1490 τῆς
1756 1392 2025 1476 εὐθείας
2099 1393 2290 1489 ὀδοῦ,
2351 1391 2580 1471 καίτοι

170 1517 518 1592 δοκοῦντα
573 1513 757 1593 κατά
803 1548 889 1617 γε
936 1511 1066 1595 τὸν
1101 1516 1178 1594 ἐν
1210 1516 1449 1600 αὐτοῖς
1497 1514 1673 1596 ὄντα
1721 1516 2005 1597 σκοπὸν
2047 1520 2414 1597 τελεῖσθαι
2463 1514 2578 1595 διὰ

171 1633 384 1718 Θεόν.
482 1635 708 1746 ᾤοντο
770 1635 903 1738 μὲν
959 1636 1104 1741 γὰρ
1168 1644 1298 1739 τῆς
1363 1635 1482 1719 διὰ
1542 1639 1920 1725 Μωυσέως
1985 1636 2580 1742 ὖπεραοπίζοντες

76 1784 145 1823 10
168 1762 467 1860 ἐντολῆς
539 1759 669 1841 τὸν
740 1768 870 1842 τοῦ
945 1760 1167 1862 νόμου
1240 1767 1509 1865 δοτῆρα
1577 1765 2113 1872 κατευφραίνειν
2180 1760 2390 1859 Θεὸν,
2460 1766 2578 1842 καὶ

167 1882 561 1989 μαχόμενοι
640 1893 791 1970 τοῖς
871 1883 991 1966 διὰ
1061 1891 1395 1990 Χριστοῦ
1475 1888 1981 1986 θεσπίσμασιν
2052 1888 2440 1985 εὐδοκιμεῖν
2509 1891 2575 1966 οἱ
2601 1923 2637 1965 e

165 2008 473 2094 τάλανες
531 2010 615 2090 οὐ
671 2016 941 2114 μικρῶς
999 2010 1537 2109 ὑπελάμβανον.
1637 2010 1756 2091 διὰ
1812 2010 1957 2114 γάρ
2017 2046 2127 2092 τοι
2179 2019 2394 2091 τοῦτο
2459 2016 2579 2091 καὶ

163 2142 315 2217 τοῖς
366 2132 497 2214 τὸν
551 2132 1020 2236 εὐαγγελικὸν
1076 2135 1624 2238 διακηρύττουσι
1684 2135 1910 2238 λόγον
1963 2134 2315 2216 ἐπέκειντο
2370 2141 2571 2242 σφο-

164 2261 373 2361 δρῶς,
424 2259 596 2338 ἀλλ’
635 2256 943 2361 ἠγνόουν
988 2257 1282 2360 ἀπάσης
1332 2259 1506 2340 εἵσω
1551 2258 1898 2343 πεσόντες
1947 2261 2238 2363 μωρίας,
2286 2260 2404 2339 καὶ
2460 2257 2575 2339 διά

68 2398 138 2460 15
163 2385 295 2481 τῆς
330 2386 425 2466 εἶς
462 2380 589 2463 τὸν
624 2381 806 2463 Υὶὸν
842 2382 1123 2481 ἀτιμίας
1175 2387 1272 2468 εἶς
1322 2381 1537 2463 αὐτὸν
1572 2392 2168 2484 πλημμελοῦντες
2215 2380 2344 2465 τὸν
2384 2383 2576 2464 Θεὸν
2627 2391 2634 2396 ’

165 2506 285 2586 καὶ
329 2504 645 2609 Πατέρα,
683 2514 975 2607 μᾶλλον
1017 2505 1095 2588 δὲ
1146 2509 1274 2588 οὐκ
1323 2504 1582 2592 εἰδότες
1631 2507 2025 2608 ἡλίσκοντο
2073 2514 2468 2608 παντελῶς,
2505 2509 2583 2590 τί

163 2629 297 2730 μέν
350 2632 510 2710 ἐστι
569 2630 848 2734 Πατὴρ,
902 2633 981 2712 τί
1031 2631 1109 2715 δὲ
1166 2629 1395 2712 πάλιν
1450 2631 1492 2710 5
1548 2630 1640 2739 ἐξ
1695 2632 1912 2711 αὑτοῦ
1969 2631 2308 2738 πεφηνὼς
2365 2631 2565 2717 Υἱός.

164 2756 284 2832 καὶ
326 2754 411 2833 τό
459 2788 544 2858 γε
590 2753 1029 2863 παράδοξον,
1070 2754 1398 2836 Μωυσέα
1433 2753 1565 2856 μὲν
1601 2753 1746 2858 γάρ
1782 2752 1911 2836 τᾶν
1946 2755 2382 2863 σοφώτατον
2415 2762 2573 2841 ταῖς

161 2875 505 2959 ἀνωτάτω
577 2887 813 2977 τιμαῖς
886 2886 1481 2985 καταστεφανοῦν
1543 2877 1945 2982 ἠπείγοντο,
2004 2880 2225 2979 νόμου
2289 2888 2418 2961 τοῦ
2480 2878 2569 2961 δι’
2661 2883 2873 3016 gfisgssl·

61 3026 138 3068 20
161 3002 503 3104 ἀγγέλων
556 3002 909 3107 γεγονότα
963 3000 1314 3084 διάκονον·
1384 3001 1511 3084 τὸν
1565 3003 1641 3084 δὲ
1702 3001 1972 3108 Κύρων
2025 3005 2230 3103 ἡμῶν
2278 3006 2571 3104 Ἰησοῦν
2594 3030 2638 3094 d
2661 3016 2798 3130 {10¹³-
2819 3018 2875 3068 fi·

159 3124 290 3205 τὸν
326 3126 675 3230 Χριστὸν,
713 3127 846 3229 τὴν
882 3128 1290 3232 ἀπόῤῥητον
1331 3136 1462 3208 τοῦ
1511 3126 1804 3230 Πατρὸς
1858 3126 2336 3234 ἐξηγούμενον
2383 3128 2563 3226 βού-
2695 3117 2710 3132 ’

158 3260 405 3350 λησιν,
441 3249 754 3354 λέγοντά
787 3286 864 3332 τε
900 3257 1164 3357 σαφῶς
1200 3260 1246 3299 “
1271 3249 1438 3333 Ἀπ’
1478 3253 1787 3350 ἐμαυτοῦ
1821 3257 2005 3332 ποιῶ
2054 3249 2274 3349 οὐδὲν,
2313 3253 2484 3332 ἀλλ’
2527 3254 2567 3332 5
2658 3282 2825 3363 sgpra

158 3382 205 3421 ‘⁶
241 3375 543 3482 πέμψας
591 3411 680 3477 με
721 3374 979 3478 Πατὴρ
1023 3373 1237 3461 αὐτός
1284 3410 1406 3476 μοι
1455 3373 1758 3475 ἐντολὴν
1794 3375 2054 3455 δέδωκε
2104 3374 2182 3453 τί
2226 3375 2399 3456 ε’ίπω
2449 3378 2570 3456 καὶ
2657 3365 2763 3466 12¹
2772 3350 2866 3483 {¹98}

157 3507 205 3545 ‘⁶
241 3499 319 3578 τί
367 3498 742 3600 λαλήσω,”
792 3507 949 3583 ταῖς
1004 3498 1345 3606 ἐσχάταις
1398 3500 1707 3599 ἀτιμίαις
1760 3506 2178 3602 περιβαλεῖν
2233 3500 2362 3579 οὐκ
2416 3496 2560 3579 ὦκ-

51 3642 127 3703 25
156 3655 417 3721 νησαν,
492 3624 720 3704 καίτοι
794 3629 1649 3727 συνθαυματουργοῦντος
1720 3623 1912 3731 αὐτῷ
1978 3629 2109 3703 τοῦ
2183 3627 2375 3702 Θεοῦ
2451 3626 2568 3704 καὶ

156 3744 473 3848 Πατρὸς,
545 3751 662 3828 καὶ
738 3750 824 3829 δι’
901 3752 1251 3849 αἰσθητῆς
1338 3747 1613 3828 ἄνωθεν
1688 3754 2217 3851 μαρτυροῦντος
2289 3751 2561 3852 φωνῆς,

152 3869 724 3973 ἀνακεκραγότος
779 3871 853 3952 δὲ
908 3870 1296 3976 διαῤῥήδην
1350 3875 1467 3951 καὶ
1522 3871 1865 3974 λέγοντος
1904 3881 1947 3919 “
1975 3869 2211 3954 Οὗτός
2265 3872 2468 3952 ε’στιν
2524 3875 2564 3952 5
2657 3898 2905 3978 §Mamm

153 4000 202 4039 ‘⁶
240 3992 417 4078 Υἱός
469 4029 610 4091 μου
665 3997 705 4075 5
763 3993 1133 4097 ἀγαπητὸς
1188 3998 1262 4076 ἐν
1312 3992 1371 4104 ᾧ
1427 3994 1868 4096 ηὑδόκησα.”
1936 3993 2093 4073 ἔστι
2149 3997 2386 4075 τοίνυν
2437 3998 2565 4077 οὐκ
2657 3981 2734 4015 m.
2769 3980 2846 4030 '⁷‘

150 4117 598 4221 ἀμφίβολον,
623 4121 719 4202 ὡς
756 4118 947 4223 εἴπερ
982 4152 1090 4202 τις
1126 4117 1364 4198 ἕλοιτο
1399 4127 1547 4203 τοῖς
1586 4117 1717 4198 τὸν
1748 4123 1934 4198 θεῖον
1963 4117 2563 4220 διαπορθμεύουσι
2588 4162 2624 4206 e

43 4278 125 4335 30
152 4238 386 4341 λόγον
440 4243 871 4349 ἐπιφύεσθαι
932 4248 1223 4344 πικρῶς,
1280 4243 1357 4321 ἐν
1410 4241 1666 4348 ἀγνοίᾳ
1720 4241 2028 4321 κείσεται
2082 4239 2328 4341 πάσης
2384 4243 2565 4342 ὁμοῦ

150 4367 284 4464 τῆς
345 4366 550 4466 ἁγίας
618 4400 697 4446 τε
763 4368 877 4447 καὶ
939 4364 1328 4464 ὁμοουσίου
1389 4364 1722 4467 Τριάδος.
1819 4363 1981 4445 οὐδὲ
2041 4362 2186 4469 γὰρ
2251 4361 2395 4447 οἶδε
2460 4366 2564 4447 τὶν

1170 4590 1255 4630 22.
1292 4578 1457 4629 ποιῶν
1482 4574 1547 4629 Ε.
