3238 5158
218 354 468 443 vifi.54.
778 359 894 424 IN
953 359 1023 425 s,
1070 359 1582 427 JOANNEM.
1673 360 2019 427 L113.v1.
2475 359 2600 426 123

218 519 360 627 ἥξω
389 519 751 626 ῥημάτων.
826 525 925 608 ὡς
959 522 1245 628 ἄμαχον
1280 524 1559 628 ζήτημα
1606 526 1724 606 καὶ
1772 524 2132 629 πρότασιν
2168 525 2296 605 οὐκ
2339 522 2594 604 εὖανά·

218 675 507 747 τρεπτον
538 645 1056 749 προτεινόντων
1089 653 1237 729 τῶν
1268 649 1636 729 Ἰουδαίων
1671 650 1776 729 ἀεὶ
1824 650 1940 728 καὶ
1982 646 2350 751 λεγόντων
2388 658 2433 695 “
2462 645 2597 747 Μὴ
2691 643 2900 774 ξξξῗὸ.

218 776 259 814 “
291 765 387 847 σὺ
433 769 687 873 μείζων
729 768 797 851 εἶ
844 778 975 852 τοῦ
1023 769 1298 876 πατρὸς
1348 772 1550 870 ἡμῶν
1584 770 1950 874 Ἀβραὰμ,
1989 771 2193 856 ὅστις
2242 772 2597 866 ἀπέθανες

220 898 261 937 “
293 895 405 971 καὶ
441 898 508 974 οἱ
542 899 914 1001 προφῆται
949 893 1327 976 ἀπέθανον·
1366 895 1527 976 τίνα
1563 894 1874 976 σεαυτὸν
1906 903 2128 981 ποιεῖς
2152 894 2221 993 ;”
2262 896 2603 995 οἰομένων

159 1035 193 1098 5
219 1010 291 1092 δὲ
338 1013 521 1095 κατὰ
569 1017 916 1118 ἀλήθειαν
970 1020 1081 1098 ὅτι
1136 1020 1256 1098 καὶ
1307 1018 1742 1126 τεθνήξεται,
1799 1023 1918 1100 καὶ
1977 1021 2427 1101 ὑποκείσεται
2485 1022 2603 1100 καὶ

217 1136 418 1224 αὐτὸς
469 1139 757 1251 θανάτῳ
807 1144 926 1222 καὶ
980 1147 1246 1249 φθορᾷ,
1284 1145 1403 1222 καὶ
1454 1143 1584 1223 οὐκ
1637 1143 1844 1223 ἔσται
1879 1143 2134 1247 μείζων
2171 1143 2353 1224 κατὰ
2389 1152 2604 1223 τοῦτο

214 1269 337 1340 τοῦ
368 1295 448 1342 τε
480 1263 827 1368 Ἀβραὰμ
859 1269 977 1346 καὶ
1013 1272 1159 1346 τῶν
1194 1266 1422 1368 ἁγίων
1455 1273 1872 1372 προφητῶν,
1910 1268 2371 1372 φρονούντων
2406 1301 2482 1346 τε
2517 1263 2605 1347 τὸ

213 1385 552 1489 παράπαν
586 1389 811 1479 οὐδὲν,
839 1388 1032 1473 ὅλως
1076 1388 1266 1492 μέγα
1298 1391 1464 1492 περὶ
1499 1391 1740 1469 αὐτοῦ·
1803 1389 2062 1470 λοιπὸν
2107 1391 2508 1492 ἀναγκαίως
2563 1391 2603 1469 5
2628 1402 2674 1469 b

219 1508 479 1612 Κύριος
525 1512 730 1613 ἡμῶν
764 1512 1056 1613 Ἰησοῦς
1107 1513 1148 1591 5
1184 1509 1540 1615 Χριστὸς,
1584 1512 1627 1592 5
1675 1513 1755 1591 ἐκ
1796 1516 1923 1612 τῆς
1958 1522 2088 1594 τοῦ
2123 1512 2606 1617 γεννήσαντος

119 1663 189 1709 10
213 1631 622 1735 ἀῖδιότητος,
684 1634 914 1715 ἀΐδιον
979 1635 1199 1716 αὐτὸν
1262 1634 1438 1715 ὅντα
1502 1632 1827 1717 δεικνύει·
1916 1635 2033 1716 διὰ
2094 1635 2308 1717 τοῦτό
2373 1644 2606 1741 φησιν

198 1749 426 1838 Ἔστιν
470 1766 502 1840 o‘
548 1761 777 1866 Πατήρ
824 1794 956 1864 μου
1006 1767 1038 1840 o‘
1089 1754 1380 1868 δοξάζων
1425 1793 1543 1864 με.
1625 1757 1711 1839 τό
1750 1757 1987 1841 Ἔστιν
2030 1762 2106 1839 ἐν
2149 1759 2423 1843 τούτοις
2473 1759 2608 1863 οὐχ

211 1877 465 1965 ἁπλῶς
512 1878 677 1961 οὐδὲ
724 1879 1234 1977 ἀβασάνιστον
1284 1886 1604 1961 νοεῖσθαι
1653 1880 2118 1982 βουλόμενος,
2156 1882 2479 1967 τεθεικὼς
2530 1881 2607 1962 δὲ
2705 1919 2720 1931 ·

209 2006 500 2098 μᾶλλον
536 2001 710 2084 αὐτὸ
747 2005 846 2090 ὡς
876 2012 1006 2085 τοῦ
1041 2002 1218 2084 εἶναι
1255 2003 1382 2085 τὸν
1422 2003 1719 2108 Πατέρα
1755 2005 2229 2105 σημαντικόν.
2310 2009 2352 2086 5
2406 2004 2485 2085 δὲ
2529 2007 2609 2085 ἐκ

208 2132 334 2204 τοῦ
374 2125 586 2211 ὄντος
624 2126 915 2230 Πατρὸς
966 2125 1294 2232 ἀρῥήτως
1342 2129 1860 2230 γεγεννημένος
1894 2127 2092 2227 Υἱὸς,
2128 2126 2610 2228 συνεπάγεται

114 2268 183 2332 ¹5
210 2247 439 2349 δήπου
490 2251 780 2335 πάντως
828 2250 915 2330 τὸ
965 2259 1094 2332 τοῦ
1142 2243 1630 2354 γεννήσαντος
1679 2253 1880 2351 ἴδιον,
1919 2253 2249 2333 τουτέστι
2283 2251 2368 2331 τὸ
2404 2247 2602 2330 εἶναι.

208 2373 548 2475 κρείττων
589 2376 716 2455 οὖν
765 2374 908 2479 ἄρα
961 2377 1080 2454 καὶ
1114 2373 1462 2477 Ἀβραὰμ
1517 2378 1636 2455 καὶ
1690 2382 1838 2456 τῶν
1872 2381 2294 2482 προφητῶν·
2357 2380 2424 2454 οἶ
2477 2371 2610 2474 μὲν
2633 2411 2670 2456 ο

206 2495 349 2601 γὰρ
382 2495 774 2579 τεθνάασιν
810 2501 908 2584 ὡς
954 2505 1275 2602 γηγενεῖς
1325 2503 1606 2598 θνητῶν
1644 2497 1842 2585 ὄντες
1890 2499 2246 2604 πατέρων·
2312 2501 2352 2579 5
2405 2497 2480 2581 δὲ
2532 2500 2610 2578 ἐκ

204 2629 329 2701 τοῦ
364 2620 574 2708 ὄντος
606 2620 1090 2726 ἀπερινοήτως
1121 2621 1527 2725 προελθὼν,
1565 2624 1770 2702 ἐστὶν
1805 2625 1909 2703 ἀεὶ
1957 2621 2425 2731 δοξαζόμενος
2472 2622 2611 2703 ὑπὸ

202 2751 329 2823 τοῦ
365 2746 551 2826 ἰδίου
591 2744 906 2850 Πατρὸς,
946 2747 1081 2851 οὐχ
1117 2749 1213 2829 ὡς
1257 2743 1478 2852 δόξης
1521 2743 1824 2844 ἐπιδεής·
1883 2744 2241 2839 βασιλεὺς
2288 2744 2434 2849 γὰρ
2483 2749 2611 2846 τῆς
2701 2757 2787 2875 fg·
2809 2758 2949 2809 uffi-

110 2889 182 2933 20
204 2864 419 2974 δόξης
475 2869 703 2949 ἐστίν·
781 2871 951 2949 ἀλλ’
1002 2872 1101 2953 ὡς
1154 2867 1340 2973 ἔχων
1395 2866 1752 2973 καύχημα,
1801 2866 1888 2947 τὸ
1941 2868 2031 2975 ἐξ
2080 2869 2306 2949 ἀϊδίου
2361 2902 2612 2969 γεννη-
2771 2859 2785 2875 ⁰

204 2995 411 3091 θῆναι
483 2990 800 3098 Πατρὸς,
867 2989 1092 3077 ἀίδιός
1152 3024 1232 3072 τε
1297 2988 1414 3070 διὰ
1480 2997 1694 3071 τοῦτο
1773 2989 2116 3096 ὑπάρχων
2178 2992 2297 3071 καὶ
2363 2987 2607 3088 αὐτὸς,

201 3113 546 3215 ἐπάγεται
585 3114 730 3219 γὰρ
776 3116 1145 3200 οὐσιωδῶς
1196 3112 1282 3195 τὸ
1335 3121 1465 3194 τοῦ
1516 3110 1849 3198 τεκόντος
1898 3114 2208 3222 ἀξίωμα.
2286 3100 2613 3213 ἀδικήσει

199 3246 586 3343 τοιγαροῦν
639 3237 843 3320 οὐδὲν
898 3245 996 3324 εἶς
1055 3235 1435 3346 ὑπόληψιν
1487 3236 1623 3338 τὴν
1676 3242 2040 3341 θεοπρεπῆ
2095 3235 2225 3318 τὸν
2270 3236 2471 3336 Υἱὸν,
2525 3234 2610 3317 τὸ

202 3360 426 3468 δόξαν
464 3363 685 3443 αὐτοῦ
722 3360 1073 3464 λέγεσθαι
1107 3359 1237 3441 τὸν
1276 3361 1598 3466 Πατέρα,
1635 3363 1786 3443 ἐπεὶ
1839 3366 1957 3443 καὶ
2006 3360 2221 3446 αὐτὸς
2269 3362 2310 3441 5
2350 3358 2610 3464 Πατὴρ

107 3503 178 3568 ²5
200 3485 575 3592 δοξάζεται
625 3482 710 3566 τὸ
763 3483 1011 3586 ὅμοιον
1041 3482 1242 3588 παρὰ
1293 3493 1421 3565 τοῦ
1455 3489 1660 3583 Υὶοῦ,
1697 3485 1833 3590 οὐχ
1879 3489 1977 3571 ὡς
2028 3485 2249 3594 δόξης
2295 3484 2601 3585 ἐπιδεὴς,
2635 3498 2680 3563 d

197 3609 371 3690 ἀλλ’·
408 3610 693 3713 ἐπείπερ
742 3608 1016 3712 ἡγεῖται
1066 3612 1183 3688 καὶ
1237 3605 1382 3713 ἔχει
1432 3602 1657 3714 δόξαν
1690 3606 1775 3689 τὸ
1809 3608 2132 3690 τοιούτου
2166 3607 2609 3712 γεννήματος

198 3736 622 3832 γνωσθῆναι
684 3729 995 3836 Πατέρα,
1060 3731 1240 3812 ἰδίου
1300 3729 1635 3833 δηλονότι
1701 3733 1855 3813 κατ’
1914 3730 2131 3812 αὐτὸν
2192 3740 2321 3812 τοῦ
2384 3737 2601 3812 Θεοῦ.

195 3851 312 3934 διὰ
366 3854 519 3959 γάρ
572 3887 685 3934 τοι
738 3862 952 3934 τοῦτο
1007 3858 1127 3935 καὶ
1182 3853 1393 3940 αὐτὸς
1448 3856 1489 3934 5
1538 3852 1717 3939 Υἱὸς
1765 3858 1865 3940 ὡς
1910 3853 2095 3958 πρὸς
2141 3852 2270 3936 τὸν
2308 3853 2604 3958 Πατέρα

197 3981 400 4086 φησί
460 3988 508 4026 “
545 3974 812 4081 Πάτερ,
876 3976 1201 4084 δόξασόν
1263 4010 1405 4058 σου
1478 3976 1609 4057 τὸν
1673 3975 1874 4076 Yam,
1942 3978 2061 4057 ἵνα
2131 3981 2248 4058 καὶ
2322 3980 2363 4058 5
2426 3976 2603 4062 Υἱὸς
2693 3986 2883 4105 {22⁸¹

272 4178 322 4219 1.
360 4162 745 4232 εὖανότρεπτον
767 4161 1017 4218 emendat
1042 4161 1241 4235 Heyse.
1267 4162 1624 4234 εὐανατρεπῶν
1649 4162 1714 4218 Β.
1739 4160 1798 4217 εὖ
1824 4160 2005 4216 Holst.
2033 4160 2141 4218 Ed.
2360 4180 2413 4230 4.
2449 4162 2607 4216 xal'bl

194 4236 474 4317 προφῆται
498 4231 779 4316 ἀπέθανον]
799 4233 883 4287 καὶ
905 4234 957 4287 οἷ
978 4233 1198 4303 πατέρες
1221 4231 1476 4317 ότι-ἔθανον
1499 4233 1583 4287 καὶ
1600 4233 1650 4287 οἷ
1667 4234 1937 4304 προφῆται
1954 4231 2211 4289 ἀπέθανον
2226 4231 2292 4287 Β.
2310 4233 2411 4287 Ht.
2425 4250 2606 4287 emen-

197 4302 346 4359 dant
371 4313 521 4359 recte
543 4314 609 4358 ut
630 4302 742 4359 vad.
766 4303 913 4358 Aub.
1074 4306 1209 4429 3:8⁶
1272 4320 1383 4358 nus
1407 4321 1590 4358 assum
1632 4311 1751 4358 tum
1776 4320 1843 4356 ex
1869 4303 1938 4357 Β.
2116 4319 2200 4358 12.
2237 4302 2609 4367 ἀβασανίστως

197 4390 246 4428 a.
273 4373 398 4431 Q
428 4373 587 4429 Harl.
778 4391 862 4441 14.
900 4372 1049 4430 ὄντος
1250 4394 1378 4430 vves·
1404 4374 1502 4429 Ht.
1533 4374 1580 4427 E
1624 4412 1639 4428 .
1749 4374 1859 4431 υἱὸς
1882 4390 1991 4429 om.
2016 4391 2067 4429 8.
2166 4373 2358 4428 Statim
2383 4375 2609 4428 συνεπά·

194 4465 347 4515 γεται
373 4462 427 4500 a.
455 4443 705 4515 δπᾶγεται
729 4443 834 4499 Ed.
1125 4443 1208 4499 16.
1246 4444 1330 4499 καὶ
1352 4444 1503 4516 prius
1563 4449 1625 4507 -Ι-
1653 4445 1747 4497 τοῦ
1770 4460 1820 4498 a.
2127 4456 2211 4514 17.
2244 4443 2520 4499 τεθνάασιν
2544 4443 2610 4497 Β.

195 4515 449 4570 τεθνᾶσιν
474 4530 523 4568 a.
547 4514 857 4583 τεθνήκασιν
883 4512 982 4567 Ht.
1010 4513 1115 4570 Ed.
1458 4530 1481 4569 1
1528 4552 1543 4568 .
1578 4514 1895 4587 προσελθὼν
1920 4512 1985 4569 Β.
2014 4514 2114 4569 Ht.
2139 4512 2439 4569 emendavit
2462 4511 2609 4567 Aub.

199 4599 285 4657 29.
321 4585 519 4654 πάτερ,
543 4583 777 4653 δόξασόν
799 4581 927 4655 σου]
953 4584 1118 4655 πάτερ
1142 4583 1376 4654 δόξασόν
1396 4605 1480 4653 με,
1497 4585 1665 4657 πάτερ
1689 4583 1920 4653 δόξασόν
1943 4606 2046 4640 σου
2072 4583 2137 4640 Β.
2156 4582 2460 4639 emendavit
2487 4582 2587 4636 Ht-

1360 4686 1473 4733 122
