3238 5158
216 319 377 386 xvii.
406 321 504 403 18,
533 341 633 410 19.
702 321 818 387 IN
879 322 946 388 S.
994 322 1510 389 JOANNEM.
1600 323 1795 390 LIB.
1843 323 1964 390 XI.
2055 324 2269 390 CAP.
2306 324 2388 389 X.
2501 324 2625 389 ⁷25

215 494 352 567 τοῦ
394 485 644 591 γε’νους
677 487 724 588 ἡ
762 487 988 594 φύσις
1035 487 1324 598 θανάτῳ
1360 487 1879 594 κατεδικάζετο,
1921 490 2007 571 δι’
2048 487 2206 574 ἑνὸς
2259 486 2628 569 ἀκούουσα
2651 511 2688 557 θ

216 619 351 692 τοῦ
386 610 677 716 πρώτου
720 622 763 660 “
790 617 900 713 Γῆ
936 610 1003 695 εἷ
1033 619 1149 694 καὶ
1186 618 1284 699 εἷς
1318 619 1458 768 γῆν
1495 613 1936 721 άπελεύσῃμ
2015 612 2145 695 τὸν
2178 613 2397 695 αὑτὸν
2432 609 2628 713 οἶμαι
2716 604 2846 736 εἴη·
2873 604 2945 655 ¹¹¹·

216 734 515 840 τρόπον,
551 737 670 819 διὰ
706 741 835 839 τῆς
872 740 1186 840 ὑπακοῆς
1233 742 1350 820 καὶ
1389 739 1844 841 δικαιοσύνης
1889 748 2018 820 τοῦ
2055 744 2409 843 Χριστοῦ,
2448 735 2627 818 καθὸ

217 858 521 963 γέγονεν
569 859 709 943 ὑπὸ
759 859 1004 961 νόμον,
1040 863 1269 943 καίτοι
1319 861 1704 966 νομοθέτης·
1754 862 2099 970 ὑπάρχων
2150 865 2248 948 ὡς
2284 861 2494 960 Θεὸς,
2531 866 2631 946 εἰς

146 1013 188 1073 5
219 984 409 1086 ὅλην
436 983 525 1066 ἂν
567 985 795 1087 διήκοι
830 985 962 1087 τὴν
990 986 1219 1094 φύσιν
1254 986 1301 1087 ἡ
1338 988 1656 1091 εὐλογία,
1679 991 1796 1068 καὶ
1830 987 1877 1088 ἡ
1907 986 2024 1069 διὰ
2050 996 2180 1068 τοῦ
2207 988 2634 1086 Πνεύματος

220 1109 674 1214 ζωοποίησις.
777 1114 1193 1218 ἀναμορφοΐ
1245 1111 1390 1216 γὰρ
1465 1110 1549 1193 τὸ
1611 1116 1914 1209 Πνεῦμα
1971 1112 2153 1216 πρὸς
2208 1113 2636 1216 ἀφθαρσίαν

218 1231 311 1314 τὸ
377 1236 468 1342 ἐξ
525 1237 877 1340 ἁμαρτίας
939 1235 1544 1344 κατεφθαρμένον,
1613 1238 1732 1316 καὶ
1796 1242 1894 1321 εἷς
1957 1234 2341 1336 καινότητα
2402 1271 2629 1337 μετα·

216 1354 530 1439 πλάττει
583 1358 763 1463 ζωῆς
816 1358 902 1443 τὸ
945 1363 1025 1442 ἐκ
1064 1361 1413 1470 ῥᾳθυμίας
1466 1360 2063 1461 πεπαλαιωμένον
2113 1363 2230 1441 καὶ
2285 1365 2636 1466 χωρῆσαν

220 1488 326 1567 εἶς
363 1484 805 1592 ἀφανισμόν.

111 1646 194 1687 ιο
337 1609 553 1690 Ἀλλ’
606 1609 786 1695 ἴσως
840 1612 1016 1715 ἐρεῖς
1066 1615 1241 1695 Πῶς
1277 1610 1405 1690 οὖν
1440 1610 1481 1691 5
1520 1606 1724 1713 ἅγιος
1767 1607 1949 1691 κατὰ
2002 1609 2235 1718 φύσιν
2285 1606 2634 1713 ἡγιάζετο,
2661 1645 2697 1686 a
2733 1630 2971 1688 oozA.

220 1735 347 1813 καὶ
390 1741 600 1814 τοῦτο
652 1740 1051 1832 μεθεκτῶς;
1119 1733 1305 1816 κατὰ
1352 1736 1514 1815 τίνα
1571 1734 1648 1816 δὲ
1699 1734 1970 1839 τρόπον
2005 1736 2047 1814 5
2085 1736 2202 1815 καὶ
2248 1740 2438 1815 πᾶσι
2486 1742 2637 1819 τοῖς

222 1859 419 1939 ἑλεῖν
472 1855 719 1963 ἀξίοις,
776 1868 925 1945 τοῖς
978 1895 1056 1941 τε
1114 1855 1263 1940 ἄνω
1318 1861 1507 1967 φημὶ
1565 1862 1685 1939 καὶ
1743 1865 1891 1944 τοῖς
1944 1860 2060 1940 ἐπὶ
2127 1863 2260 1962 γῆς
2305 1857 2391 1941 τὸ
2455 1858 2638 1940 ἰ’διον

226 1988 535 2081 Πνεῦμα
587 1982 838 2081 διδοὺς,
877 1985 1104 2091 ἑαυτῷ
1158 1990 1371 2065 τοῦτο
1420 1980 1829 2089 χαρίζει-αις,
1891 1981 2294 2092 δυσέφικτα
2341 1982 2474 2083 μὲν
2510 1984 2638 2064 οὖν

224 2109 349 2187 καὶ
403 2107 886 2208 δυσδιανόητα
941 2113 1198 2214 κομιδῇ
1253 2111 1370 2189 καὶ
1427 2110 1555 2188 οὐκ
1610 2108 2123 2214 ἀταλαίπωρον
2178 2108 2439 2214 ἔχοντα
2505 2107 2640 2209 τὴν

117 2259 196 2315 ¹5
227 2231 581 2338 ἐξήγησιν
634 2230 727 2313 τὰ
786 2232 1077 2313 τοιαῦτά
1132 2235 1355 2331 ἐστιν,
1412 2232 1588 2313 ὅταν
1640 2232 1987 2339 ἐννοήσῃς
2039 2230 2318 2337 γυμνὸν
2362 2232 2465 2313 ἔτι
2520 2235 2639 2313 καὶ

222 2354 481 2459 ὥσπερ
545 2354 684 2436 ἀνὰ
745 2353 955 2461 μέρος
1018 2357 1304 2436 ἑστῶτα
1365 2360 1497 2455 τῆς
1561 2353 2027 2458 ἆγιαζομένης
2089 2355 2641 2459 ἀνθρωπότητος

226 2478 360 2561 τὸν
413 2482 492 2560 ἐκ
547 2484 740 2561 Θεοῦ
793 2480 1169 2590 πεφηνότα
1213 2477 1481 2584 Λόγον·
1556 2479 1737 2560 ἐπὰν
1791 2477 2028 2579 μέντοι
2072 2476 2453 2586 θαυμάσῃς
2506 2476 2641 2579 τὴν

229 2604 698 2709 ἀπερινόητον
732 2641 992 2687 ενωσιν
1029 2641 1145 2687 και
1183 2605 1317 2706 τὴν
1352 2612 1448 2691 εἷς
1500 2602 1746 2709 σάρκα
1780 2604 2111 2704 σύνοδον,
2149 2608 2267 2685 καὶ
2304 2605 2639 2712 ὑποπέσῃ

226 2734 338 2838 τῷ
394 2736 494 2839 νῶ
549 2731 714 2812 καθ’
760 2731 945 2831 ἡμᾶς
999 2729 1376 2834 γενόμενος
1430 2731 1811 2834 ανθρωπος
1855 2731 1896 2811 5
1935 2729 2157 2838 φυσει
2195 2727 2402 2830 Θεδς,
2440 2731 2708 2839 gem-b

114 2891 201 2933 20
227 2852 488 3005 σθήσῃ
542 2853 676 2951 μὲν
729 2854 978 2954 οὐκέτι,
1020 2854 1262 2938 πάντα
1297 2855 1372 2936 δε
1409 2853 1725 2959 θόρυβον
1768 2859 1895 2954 τῆς
1944 2858 2085 2956 σῆς
2119 2857 2431 2940 διανοίας
2476 2854 2634 2963 ἐξε-

228 2975 408 3078 λων,
438 2980 718 3066 ὑποθείς
754 3014 831 3060 τε
866 2987 1015 3065 τοῖς
1052 2980 1488 3082 θεωρήμασι,
1517 2979 1773 3060 Θεὸν’
1736 3014 1814 3060 εν
1844 2979 2079 3086 ταύτῷ
2103 3013 2221 3059 και
2259 2979 2643 3084 ανθρωπον

227 3100 409 3182 ὄντα
465 3102 594 3185 τὸν
649 3101 850 3202 Υἱὸν,
912 3105 1041 3185 οὐκ
1100 3104 1494 3206 ἀπόβλητα
1552 3109 1773 3210 λογιῇ
1836 3102 1930 3191 τὰ
1992 3106 2083 3208 τῇ
2142 3102 2642 3207 ἀνθρωπότητι

227 3227 619 3327 πρέποντα,
670 3228 805 3309 κᾶν
860 3232 955 3313 εἶς
1011 3228 1096 3310 τὸ
1151 3227 1307 3315 ἐνὸς
1366 3237 1495 3310 τοῦ
1563 3228 1750 3309 κατὰ
1813 3226 2045 3336 φύσιν
2098 3232 2280 3308 Υἱοῦ
2339 3226 2642 3335 φέρηται

229 3351 654 3455 πρόσωπον,
692 3355 880 3459 φημὶ
936 3353 1024 3454 δὴ
1062 3359 1420 3458 Χριστοῦ.
1496 3350 1544 3454 ἢ
1584 3351 1730 3455 γὰρ
1767 3353 1895 3433 οὑκ
1950 3351 2345 3456 ἀλλότριον
2380 3352 2637 3453 οἰησό-

115 3505 201 3568 25
229 3483 422 3579 μεθα
476 3485 850 3563 παντελῶς
905 3488 1034 3559 τοῦ
1080 3475 1173 3560 τὰ
1204 3474 1444 3559 πάντα
1475 3477 1998 3581 ζωογονοῦντος
2040 3473 2290 3580 Λόγου
2324 3476 2409 3558 τὸ
2447 3479 2635 3558 ἀπο·

231 3607 527 3700 θανεΐν;

344 3727 564 3808 Ἀλλ’
606 3730 802 3832 ἐρεῖς,
841 3728 952 3810 ὅτι
986 3729 1299 3809 πέπονθε
1354 3733 1569 3807 τοῦτο
1625 3723 1811 3807 κατὰ
1856 3724 1990 3828 τὴν
2024 3724 2289 3831 σάρκα,
2328 3725 2645 3808 θανάτου

230 3886 381 3955 γαρ
416 3852 736 3934 δεκτικὸν
787 3850 874 3933 τὸ
929 3859 1170 3952 σῶμα,
1205 3850 1537 3933 τεθνάναι
1592 3849 1672 3933 δὲ
1725 3848 1846 3931 διὰ
1897 3858 2113 3932 τοῦτο
2168 3850 2482 3955 λέγεται·
2555 3850 2643 3933 τὸ
2668 3889 2705 3935 ο

232 4012 383 4080 γαρ
418 3977 598 4058 ἴδιον
633 3978 851 4058 αὑτοῦ
886 3976 1180 4075 τεθνηκε
1217 3983 1461 4076 σῶμα.

122 4140 207 4200 30
353 4102 770 4204 Παγκάλως
824 4136 968 4208 εχει
1021 4134 1147 4181 σοι
1188 4098 1274 4181 τὸ
1330 4099 1688 4203 θεωρημα,
1724 4099 1958 4204 λέγεις
2008 4133 2154 4204 γαρ
2190 4100 2445 4203 ὀρθῶς·
2526 4102 2646 4180 καὶ

234 4223 382 4330 γάρ
412 4260 525 4307 τοι
558 4225 743 4307 κατὰ
777 4225 1125 4328 ἀλήθειαν
1178 4224 1268 4305 δι’
1318 4223 1505 4325 ἡμᾶς
1558 4230 2018 4325 οἰκονομικῶς
2072 4220 2157 4304 τὸ
2215 4222 2397 4303 ἴδιον
2445 4225 2642 4331 ἐφεις

318 4524 365 4561 1.
402 4502 663 4561 ἀκούουσα
688 4504 753 4560 Ε.
777 4502 1050 4562 ἀκούσασα
1075 4503 1178 4561 Ed.
1506 4520 1588 4575 13.
1625 4505 1762 4593 αὐτῷ
1791 4503 1855 4559 E.
2195 4521 2277 4569 14.
2313 4501 2408 4555 οὐκ
2432 4499 2646 4556 dvalai·

238 4598 418 4648 πωρον
442 4577 505 4633 Ε.
529 4576 592 4633 οὗ
614 4575 942 4648 ταλαίπωρον
964 4574 1068 4632 Ed.
1359 4592 1441 4648 19.
1478 4574 1779 4646 ξενισθῆσει
1805 4574 1870 4630 E.
2155 4590 2243 4645 3ο.
2280 4572 2384 4647 γὰρ
2407 4589 2517 4629 om.
2546 4571 2610 4628 Ε.
