3238 5158
186 340 293 382 xv.
326 339 382 382 1.
558 320 673 384 IN
733 322 801 385 S.
850 321 1363 386 JOANNEM.
1456 321 1645 387 LIB.
1695 322 1779 388 X.
1868 321 2073 388 CAP.
2121 321 2217 388 H.
2460 323 2587 386 545

188 480 515 588 καθάπερ
561 488 678 564 καὶ
715 485 804 593 ἐξ
842 485 1244 587 ἀνθρώπων
1290 485 1383 566 τὰ
1426 485 1514 593 ἐξ
1558 486 1796 567 αὐτῶν
1831 485 2261 589 γεννήματα,
2297 492 2453 569 πῶς
2497 482 2587 564 ἀν
2612 520 2650 564 e

187 605 295 706 εἴη
351 606 536 688 κατὰ
591 608 936 710 ἀλήθειαν
972 608 1192 707 §fids-3
1275 607 1426 690 εἶτα
1479 618 1636 695 πῶς
1694 611 1821 692 τὸν
1864 608 2213 712 μακάρων
2245 608 2589 707 Ἰωάννην

187 732 596 834 ἀποστήσει
678 735 988 837 λέγοντα
1065 745 1107 782 “
1141 736 1240 814 Ὁ
1315 734 1743 836 ἀρνούμενος
1814 733 1941 817 τὸν
2015 734 2195 815 Υὶὸν
2265 736 2384 814 καὶ
2463 731 2591 814 τὸν
2681 727 2924 857 sssassm.

188 864 235 902 ‘⁶
277 857 574 960 Πατέρα
630 858 1043 961 ἀρνήσεται·
1125 860 1164 938 ὃ
1220 861 1606 962 ὁμολογῶν
1659 857 1789 939 τὸν
1833 856 2015 941 Υὶὸν
2075 862 2424 962 ὁμολογεῖ
2471 861 2590 938 καὶ

116 1002 155 1063 5
187 989 238 1028 “
271 978 401 1060 τὸν
460 982 757 1086 Πατέρα
782 981 844 1080 ;”
907 987 1024 1064 καὶ
1082 983 1360 1084 ἀληθὴς
1421 985 1460 1064 ὁ
1520 981 1765 1085 λόγος·
1855 988 1931 1064 ἐν
1987 983 2132 1089 γὰρ
2194 991 2299 1091 τῷ
2373 983 2590 1092 ἑτέρῳ

189 1114 723 1210 συναναιρεῖται
769 1106 1058 1193 πάντως
1108 1111 1223 1187 καὶ
1274 1110 1814 1216 συνυφίσταται
1853 1107 1940 1188 τὸ
1981 1108 2240 1211 ἕτερον.
2322 1109 2406 1187 οὐ
2446 1105 2591 1211 γὰρ

190 1227 282 1308 ἂν
326 1230 432 1329 εἴη
487 1230 727 1336 πατὴρ
783 1234 911 1313 οὐκ
967 1232 1171 1316 ὄντος
1225 1236 1398 1330 υἱοῦ,
1443 1232 1597 1312 οὐδ’
1638 1230 1728 1312 ἀν
1774 1230 1919 1317 υἱὸς
1975 1230 2206 1314 νοοῖτό
2259 1266 2437 1313 ποτε
2490 1232 2592 1332 μὴ

192 1353 353 1458 οὐχὶ
389 1352 677 1440 πάντως
715 1358 908 1464 αὐτῷ
944 1356 1584 1456 συνεπινοουμένου
1628 1365 1756 1437 τοῦ
1795 1357 2192 1461 φύσαντος.
2259 1363 2318 1437 εἱ
2353 1357 2593 1437 τοίνυν

38 1550 45 1585 τ
195 1479 508 1578 ἀρνεῖται
567 1478 695 1560 τὸν
747 1478 954 1562 Υιόν·
1040 1483 1412 1584 ετερογενῆ
1443 1480 1640 1641 ’,γὰρ
1687 1477 1867 1560 εἷναί
1924 1488 2134 1591 φησι·
2200 1487 2316 1561 καὶ
2375 1481 2594 1561 αὐτὸν

82 1632 167 1674 10
198 1599 566 1756 ἠρνήσατο
639 1602 766 1686 τὸν
832 1606 1151 1707 Πατέρα.
1249 1606 1325 1685 τί
1392 1606 1518 1686 οὖν
1582 1601 1643 1684 ὦ
1704 1603 2052 1702 βέλτιστε
2126 1640 2309 1707 προς
2368 1614 2594 1686 ταῦτα
2620 1644 2656 1684 a
2698 1628 2936 1689 ΒΘΒΔ.

199 1725 420 1828 ἐρεῖς·
398 1787 421 1824 ,
492 1761 587 1810 εις
641 1728 801 1809 τίνα
856 1729 1117 1811 λοιπὸν
1171 1730 1218 1829 ἡ
1273 1730 1567 1814 πίστις·
1547 1790 1569 1826 ,
1640 1738 1782 1810 ποῦ
1840 1734 1967 1828 τῆς
2024 1731 2233 1831 ἁγίας
2279 1729 2596 1832 Τριάδος

38 1924 47 1967 Γ
197 1849 244 1947 ἡ
317 1847 552 1957 δόξα·
531 1911 554 1949 ,
645 1852 944 1934 λελυται
1008 1853 1154 1956 γὰρ
1220 1858 1338 1934 καὶ
1403 1852 1685 1957 φρούδη
1748 1852 2007 1934 λοιπὸν
2069 1854 2117 1953 ἡ
2188 1859 2337 1933 τῶν
2401 1853 2599 1935 ολων

195 1983 571 2078 κρατοῦσα
624 1978 870 2081 φύσις,
920 1983 995 2058 ἐν
1044 1984 1305 2084 ψιλαῖς
1358 1979 1525 2078 ἡμῖν
1574 1984 2038 2079 σημανθεῖσα
2092 1977 2342 2085 λέξεσι
2397 1978 2598 2082 παρὰ

193 2104 324 2199 τῆς
361 2100 571 2202 ἁγίας
619 2107 935 2208 γραφῆς·
997 2102 1374 2207 ἀναγκάζει
1425 2100 1568 2205 γὰρ
1623 2103 1807 2201 ἡμᾶς
1858 2106 1976 2183 καὶ
2026 2099 2142 2182 διὰ
2194 2110 2338 2183 τῶν
2372 2104 2598 2187 οὕτως

38 2304 45 2341 2
84 2240 164 2302 15
196 2224 726 2329 ἀπηχεστάτων
763 2229 936 2306 ἱέναι
989 2226 1236 2329 λόγων
1272 2228 1317 2326 ἡ
1367 2226 1645 2307 ἐκείνων
1682 2227 2104 2334 ἀποπληξία
2153 2227 2271 2307 καὶ
2321 2231 2590 2331 ψευδο-

195 2348 442 2446 μυθία.
522 2352 693 2429 ἀλλ’
744 2350 925 2436 ἴσως
980 2350 1064 2432 τὸ
1119 2356 1248 2451 τῆς
1306 2352 1725 2458 δυσφημίας
1783 2352 2207 2436 καταδείσας
2264 2351 2591 2454 μέγεθος,

195 2476 567 2574 ἀλλογενῆ
603 2472 738 2574 μὲν
774 2471 958 2555 εἷναί
989 2483 1201 2584 φησι,
1227 2479 1706 2578 γεγεννῆσθαι
1742 2473 1972 2577 γεμὴν
2006 2474 2206 2577 παρὰ
2242 2483 2369 2554 τοῦ
2408 2481 2600 2556 Θεοῦ

195 2600 318 2678 καὶ
376 2597 690 2703 Πατρός.
787 2602 987 2700 ἡμεῖς
1045 2600 1123 2680 δὲ
1179 2602 1271 2680 αὖ
1324 2600 1551 2681 πάλιν
1606 2606 1825 2680 εἰπεῖν
1879 2601 2375 2700 ἀπαιτήσομεν
2425 2606 2603 2685 Πῶς

40 2805 45 2842 r
198 2720 344 2823 ἄρα
379 2729 858 2826 γεγεννῆσθαι
897 2726 1158 2805 δίδωσί
1186 2758 1265 2804 τε
1318 2728 1436 2804 καὶ
1486 2725 1840 2825 ὁμολογεῖ
1862 2757 1883 2821 3
1949 2729 2009 2802 εἰ
2041 2722 2174 2822 μὲν
2210 2723 2354 2826 γὰρ
2391 2728 2488 2809 ὡς
2524 2722 2601 2805 ἓν
2621 2741 2665 2807 b

42 2929 47 2966 s
82 2877 171 2919 20
199 2853 349 2926 τῶν
403 2847 838 2947 κτισμάτων,
893 2848 1080 2928 κατὰ
1132 2848 1399 2953 σχέσιν
1424 2847 1429 2858 ’
1453 2849 1583 2947 τὴν
1637 2852 1732 2931 ὡς
1797 2850 1872 2928 ἐν
1926 2845 2177 2953 ἀγάπῃ
2236 2852 2356 2928 καὶ
2419 2848 2604 2929 κατὰ

200 2965 537 3070 θέλησιν·
595 2970 835 3053 πάντα
880 2974 1024 3076 γὰρ
1069 2975 1147 3052 ἐκ
1182 2978 1375 3053 Θεοῦ
1426 2972 1736 3074 λέγεται·
1799 2970 1916 3051 διὰ
1949 2979 2096 3053 τῶν
2131 2973 2366 3053 αὐτῶν
2402 2975 2605 3054 οὐδὲν

196 3094 419 3195 ἧττον
469 3094 626 3202 ἥξει
682 3104 1206 3204 βλασφημιῶν.
1306 3101 1546 3197 ἀληθῆ
1603 3095 1679 3176 δὲ
1734 3094 1862 3176 τὸν
1914 3093 2127 3177 τόκον
2183 3096 2420 3189 εἰπὼν,
2478 3099 2599 3177 ἕκ-

196 3218 446 3327 φυλόν
482 3253 558 3299 τε
595 3216 772 3300 εἶναι
810 3221 1456 3322 διαβεβαιούμενος,
1495 3223 1611 3300 καὶ
1660 3222 2025 3323 ἀλλογενῆ
2076 3221 2314 3324 λέγων
2351 3221 2455 3301 ἔτι
2487 3225 2606 3302 καὶ

193 3341 385 3446 μετὰ
440 3352 671 3442 τοῦτο,
712 3345 1161 3446 δυσσεβήσει
1214 3345 1503 3430 πάντως
1548 3351 1648 3429 εἶς
1697 3342 1915 3425 αὐτὸν
1956 3342 2085 3426 τὸν
2119 3345 2602 3447 γεννήσαντα·

82 3503 168 3562 25
197 3468 240 3550 ὃ
293 3466 441 3571 γάρ
488 3472 607 3549 καὶ
657 3467 837 3570 αὐτὴ
886 3467 1366 3575 παρῃτήσατο
1415 3474 1672 3550 παθεῖν
1709 3475 1855 3549 τῶν
1892 3475 2209 3571 γενητῶν
2249 3470 2295 3570 ἡ
2345 3468 2601 3578 φύσις,

195 3601 417 3674 τοῦτο
462 3591 550 3693 δὴ
599 3592 889 3677 πάντως
938 3592 1366 3700 ὑποδείξειεν
1405 3594 1882 3693 ὑπομείναντα
1914 3592 2043 3674 τὸν
2080 3594 2296 3675 Θεόν.
2379 3591 2425 3695 ἢ
2462 3592 2606 3697 γὰρ

198 3719 365 3822 οὐχὶ
418 3715 503 3797 τὸ
560 3717 637 3797 ἔκ
693 3753 881 3801 τινος
936 3716 1120 3796 κατὰ
1175 3717 1407 3824 φύσιν
1452 3716 1966 3820 γεγεννημένον
2001 3721 2311 3818 ἀληθῶς,
2350 3716 2602 3817 ὃμοού-
2627 3754 2665 3796 ο

197 3877 372 3923 σιον
421 3848 523 3949 τῷ
566 3842 841 3922 τεκόντι
888 3842 1264 3948 φαίνεται;
1326 3843 1443 3920 καὶ
1483 3846 1640 3925 πῶς
1696 3843 1831 3947 οὐχ
1887 3840 2121 3923 ἅπασι
2176 3841 2599 3949 συμφανές;

198 3969 460 4048 οὐκοῦν
524 3968 569 4114 ή
633 3967 765 4065 μὲν
828 3965 1059 4048 κτίσις
1123 3964 1307 4045 κατὰ
1376 3963 1603 4068 λόγον
1667 3963 1955 4068 πρόεισι
2017 3964 2147 4046 τὸν
2209 3965 2600 4069 πρέποντα·

81 4136 171 4194 30
197 4093 418 4174 τίκτει
474 4090 618 4195 γὰρ
674 4092 802 4170 οὐκ
859 4093 1242 4192 ἀλλογενῆ·
1313 4087 1536 4191 μόνον
1591 4087 1669 4170 δὲ
1724 4087 2053 4170 παθόντα
2105 4124 2233 4170 τον
2279 4087 2469 4170 Θεον
2521 4123 2609 4169 το

195 4218 520 4298 ἐναντίον
575 4213 997 4319 εὑρήσομεν,
1047 4212 1240 4318 εἴπερ
1296 4217 1667 4317 ἀλλογενῆ
1721 4213 2104 4364 γεγέννηκε
2169 4216 2286 4294 καὶ
2342 4215 2470 4294 οὐκ
2525 4212 2616 4320 ἐξ

199 4341 385 4425 ἰδίας
428 4337 719 4447 φύσεως
767 4335 895 4418 τὸν
930 4335 1136 4419 Υὶόν.

1186 4583 1240 4632 4.
1275 4562 1538 4634 ἦρνήσατο
1563 4563 1632 4619 Ε.

296 4668 439 4714 von.
472 4667 550 4711 11.
1374 4668 1422 4727 4
1450 4668 1493 4710 A
