3238 5158
204 347 275 414 ix.
297 373 396 440 33.
552 357 664 422 IN
723 358 791 423 s,
839 359 1355 425 JOANNEM.
1445 359 1791 426 LIB.V1.
1881 361 2089 426 CAP.
2135 361 2193 424 1.
2445 361 2566 424 195

203 521 598 669 Αἰγυπτίων
632 528 697 602 οἱ
737 521 1005 627 μάγοι;
1065 523 1184 605 διὰ
1237 527 1317 606 τί
1360 523 1463 625 μὴ
1519 524 1640 606 διὰ
1691 530 1839 606 τῶν
1880 523 2066 605 ἴσων
2110 521 2334 609 ἰόντες
2385 529 2561 604 θαυ-

199 673 426 736 ματ-ων
461 642 596 743 τὴν
629 645 851 748 αὐτὴν
884 648 1124 757 ἐκείνῳ
1174 648 1476 756 δόξαν’
1432 648 1972 753 απηνέγκαντο·
1952 709 1973 745 ,
2036 649 2206 728 ἀλλ’
2247 650 2424 751 ἐρεῖς
2460 646 2572 727 ὅτι

199 762 426 867 γέγονε
479 767 612 867 μὲν
665 769 830 877 ὄφις
883 780 1223 853 πεσοῦσα
1276 807 1457 876 προς
1512 776 1653 875 γῆν
1705 771 1974 877 ῥάβδος
2028 773 2073 872 ἦ
2132 769 2568 871 Μωυσαῖκῆ,

198 887 525 990 γεγόνασι
561 891 636 973 δὲ
670 892 878 975 οὐδὲν
911 895 1130 997 ἧττον
1165 898 1285 977 καὶ
1320 901 1395 975 αἱ
1431 903 1577 977 τῶν
1610 895 1890 998 μάγων.
1953 895 2366 1002 α’ντακούσῃ
2400 895 2568 997 παρ’

144 1026 174 1086 5
198 1010 381 1109 ἡμῶν
426 1017 527 1098 ὦς
579 1020 649 1097 αἱ
706 1017 839 1118 μὲν
885 1021 1170 1101 ἐκείνων
1218 1021 1350 1101 οὐκ
1403 1025 1502 1105 εἰς
1556 1020 1729 1128 ὄφιν
1770 1021 2360 1121 μεταπεποίηντο,
2396 1020 2568 1099 ἀλλ’

194 1132 274 1235 ἦν
331 1138 573 1242 ἀπάτη
647 1147 766 1223 καὶ
843 1142 1247 1251 φάντασμα
1318 1149 1447 1246 τῆς
1510 1146 1961 1248 ἀνθρωπίνης
2024 1144 2265 1251 ὄψεως
2325 1178 2562 1245 παρα·

194 1262 493 1346 κλέπτον
529 1265 663 1366 τὴν
698 1270 1088 1371 ἀκρίβειαν,
1126 1272 1245 1349 καὶ
1280 1268 1500 1374 τέχνη
1545 1304 1653 1354 τις
1701 1267 1792 1369 ἦν
1825 1267 2095 1372 μαγικὴ
2132 1266 2264 1369 τὴν
2297 1266 2569 1371 ῥάβδον
2594 1278 2638 1345 b

192 1387 279 1469 ὧς
328 1386 502 1494 ὄφιν
556 1391 1118 1473 ἐπιδεικνύουσα·
1204 1395 1250 1495 ἡ
1316 1392 1393 1474 δὲ
1454 1394 1833 1478 Μωυσέως
1889 1395 2178 1493 ἀληθῶς
2242 1397 2338 1475 εἷς
2402 1389 2574 1497 ὅφιν

191 1511 748 1616 μετεσκευάζετο,
782 1518 901 1596 καὶ
942 1521 1039 1601 εἶς
1083 1515 1217 1616 τὴν
1250 1526 1380 1598 τοῦ
1403 1518 1669 1625 ’θηρίου
1704 1514 2066 1616 μετεπήδα
2102 1515 2354 1623 φύσιν.
2429 1513 2574 1594 ἀπὸ

110 1654 168 1696 ¹0
191 1630 259 1712 δὲ
327 1640 456 1735 τῆς
531 1640 885 1745 διαφορᾶς
955 1645 1085 1741 τῆς
1150 1648 1298 1726 τοῖς
1364 1646 1574 1745 ἱεροῖς
1647 1641 2046 1741 ἐντεθείσης
2117 1637 2571 1742 γράμμασιν,

188 1757 439 1858 ἀληθὲς
496 1758 804 1870 κατόψει
857 1763 943 1845 τὸ
998 1765 1386 1869 εἰρημένον.
1477 1765 1843 1873 κατέφαγε
1897 1761 2046 1866 γὰρ
2097 1762 2143 1863 ἡ
2204 1760 2580 1847 Μωυσέως

188 1879 308 1966 τὰς
340 1886 629 1966 ἐκείνων
663 1884 1000 1991 ῥάβδους·
1061 1888 1303 1989 ἐπειδὴ
1347 1887 1492 1992 γὰρ
1527 1893 1599 1969 αἱ
1635 1885 1764 1989 μὲν
1803 1890 1879 1968 ἐν
1916 1894 2169 1995 ψιλοῖς
2203 1880 2408 1988 ἦσαν
2432 1891 2579 1965 τῶν

190 2005 414 2110 ὄφεων
468 2009 876 2114 σχήμασιν,
928 2011 975 2111 ἦ
1034 2010 1111 2093 δε
1165 2015 1454 2112 ἀληθῶς
1512 2047 1591 2092 τε
1658 2014 1775 2090 καὶ
1838 2018 2166 2167 φυσικῶς
2222 2019 2434 2091 τοῦτο
2488 2006 2580 2108 ἦν

191 2127 356 2235 ὅπερ
407 2133 765 2240 ἐφαίνετο,
815 2136 1315 2240 παρεκομίσθη
1371 2139 1488 2216 καὶ
1544 2172 1641 2221 εις
1696 2134 1942 2241 ὀργὴν,
1992 2137 2109 2216 ἵνα
2163 2133 2342 2244 ζῴον
2396 2133 2574 2241 φαί-

107 2270 167 2331 ¹5
191 2287 404 2356 νηται,
458 2292 580 2337 και
633 2255 903 2363 ῥάβδος
957 2261 1209 2358 οὐκέτι,
1264 2259 1688 2342 καταδάκνει
1742 2260 1819 2341 δὲ
1874 2263 1994 2340 καὶ
2050 2258 2226 2363 ὑπερ
2280 2258 2581 2358 δύναμιν

190 2376 407 2484 ὄφεως
443 2380 711 2491 αφάτῳ
756 2381 1069 2484 δυνάμει,
1105 2418 1223 2464 και
1272 2419 1356 2464 το
1406 2386 1592 2466 οὕτω
1645 2381 1972 2490 χαλεπον
2008 2382 2582 2491 ἐξευμαρίζοντος

190 2511 308 2584 τοῦ
343 2510 568 2589 Θεοῦ.
644 2506 919 2609 λεγέτω
952 2507 1041 2589 δέ
1063 2541 1187 2609 μοι
1220 2506 1448 2589 πάλιν
1482 2509 1523 2589 ὁ
1560 2514 1982 2613 Φαρισαῖος,
2019 2514 2085 2588 οἱ
2121 2514 2274 2593 ταῖς
2312 2509 2580 2587 ἑαυτῶν
2605 2545 2642 2591 ο

187 2627 471 2730 ῥάβδοις
535 2665 629 2711 τα
690 2637 838 2711 τῶν
902 2630 1143 2739 ὄφεων
1202 2632 1555 2719 ἐπιθέντες
1622 2630 1991 2738 σχήματα,
2056 2667 2172 2712 και
2244 2639 2399 2716 πῶς
2465 2665 2581 2711 και

189 2758 381 2856 χεῖρα
416 2760 818 2859 λεπρῶσαν
854 2757 983 2836 οὐκ
1026 2756 1305 2863 ἔδειξαν
1343 2754 1686 2858 καθαρὰν,
1724 2754 2205 2856 ἁτονήσαντες
2255 2753 2332 2835 δε
2380 2757 2580 2857 διαῤ-

109 2910 171 2951 20
189 2873 400 2979 ῥήδην
435 2879 771 2987 εφασκον
806 2890 850 2928 “
872 2879 1255 2965 Δάκτυλος
1294 2885 1487 2960 Θεοῦ
1537 2882 1699 2960 ἐστι
1749 2879 2005 2959 τοῦτο.’
2094 2883 2249 2962 πῶς
2299 2875 2398 2975 δε,
2435 2877 2594 2957 εἶπέ

189 3035 324 3099 μοι,
362 3013 515 3108 πῦρ
565 3002 656 3110 ἐξ
697 3005 1019 3108 οὐρανῶν
1052 3004 1138 3084 οὐ
1186 3007 1503 3106 κατῆγον
1547 3008 1615 3084 οὶ
1663 3011 1794 3083 τοῦ
1832 2999 2119 3082 Βαὰλ
2098 3008 2318 3105 ιερεῖς,
2359 3001 2585 3081 καίτοι

192 3125 733 3232 κατενεγκόντος
756 3127 1068 3227 Ἤλίους
1111 3130 1189 3209 ἐν
1223 3129 1891 3234 προσωποληψίαις
1928 3127 2054 3206 οὖν
2080 3125 2223 3229 ἄρα
2259 3122 2352 3205 τὰ
2384 3124 2586 3229 παρὰ

194 3253 420 3351 Θεοῦ,
482 3249 591 3353 μὴ
628 3250 931 3354 γένοιτο·
994 3252 1263 3336 δίκαιος
1299 3249 1445 3356 γὰρ
1482 3249 1583 3331 ὧν
1619 3253 1737 3332 καὶ
1775 3251 2064 3330 δικαίων
2100 3248 2431 3352 ἐραστὴς,
2471 3251 2588 3329 καὶ

196 3373 302 3455 διὰ
347 3375 480 3475 μὲν
520 3382 667 3456 τῶν
703 3376 930 3480 ἁγίων
964 3378 1238 3478 ἐνεργεῖ
1277 3375 1371 3456 τὰ
1421 3375 1846 3480 χαρίσματα
1892 3372 1987 3454 τὰ
2032 3371 2432 3481 παράδοξα,
2472 3373 2589 3454 διὰ

119 3521 175 3579 25
197 3497 264 3578 δέ
296 3507 442 3582 τῶν
477 3499 1108 3600 πλημμελούντων
1144 3501 1495 3598 οὐδαμῶς.
1566 3498 2029 3602 εὐλογώτατα
2062 3498 2300 3579 τοίνυν
2336 3501 2377 3577 ὁ
2412 3496 2586 3578 ποτὲ
2612 3510 2659 3577 d

197 3625 465 3732 τυφλὸς
530 3632 687 3709 ταῖς
749 3630 896 3705 τῶν
945 3623 1369 3728 Φαρισαίων
1424 3625 2031 3727 ἀθυρογλωττίαις
2091 3624 2410 3729 ἐπιτιμᾷ,
2471 3623 2590 3702 καὶ

197 3754 640 3850 πλημμελῶς
692 3746 975 3853 ἐλέγχει
1028 3747 1595 3855 πεφρονηκότας,
1645 3749 1929 3850 ἐπείπερ
1985 3747 2115 3827 οὐκ
2168 3742 2349 3825 εἶναι
2398 3751 2592 3853 φασι

199 3871 384 3982 παραὶ
440 3873 614 3955 Θεοῧ
660 3906 790 3952 τον
838 3873 916 3951 ἐκ
964 3879 1094 3952 τοῦ
1143 3871 1498 3952 δύνασθαι
1550 3876 1730 3976 δρᾶν
1771 3906 1864 3951 τα
1911 3868 2294 3976 παράδοξα
2348 3868 2593 3950 θεόθεν

201 3993 361 4076 ὄντα
396 3993 585 4078 κατὰ
620 3994 851 4102 φύσιν
883 3993 1488 4099 μαρτυρούμενον.

263 4268 313 4316 4.
348 4251 508 4305 οὐδὲν
526 4249 996 4305 ΒΔ.Ηο18ῒ.οὐδε
1021 4248 1168 4304 Aub.
1381 4260 1435 4319 5.
1381 4248 1547 4319 5εῖς
1570 4246 1723 4338 ὄφεις
1744 4246 2160 4317 μετεποιῆθησαν
2183 4265 2231 4302 a.
2443 4244 2595 4319 7.ἦν

200 4332 531 4412 assumptum
555 4339 622 4375 ex
649 4320 716 4374 Β.
960 4337 1041 4375 12.
1077 4318 1254 4388 ἐπειδὴ
1276 4319 1379 4390 γὰρ
1402 4321 1455 4373 αἱ
1478 4341 1573 4389 μεν
1596 4321 1654 4373 ἐν
1674 4320 1862 4390 ψιλοῖς
1884 4316 2020 4386 ἦσαν
2043 4337 2092 4372 a.
2118 4327 2171 4372 et
2194 4318 2268 4372 ita
2291 4262 2595 4372 emendavit

204 4387 394 4461 Heyse.
419 4392 537 4447 ἐπει
566 4391 624 4445 δι’
655 4412 695 4445 π
695 4412 962 4461 αραιμενεν
985 4392 1171 4474 ψιλοῖς
1201 4388 1338 4458 ἦσαν
1365 4389 1430 4443 Β.
1457 4390 1540 4443 καὶ
1575 4390 1679 4461 γὰρ
1715 4387 1850 4457 ἦσαν
1881 4390 1936 4443 ἐν
1968 4391 2155 4459 ψιλοῖς
2190 4390 2290 4443 Ht.
2319 4389 2464 4443 unde
2489 4388 2594 4443 Ed.

199 4412 1165 4589 ὖῖὴῖἕῖὡᾶἶᾶἒῖτῗῖἕῖῃὲᾱῌι
1195 4460 1303 4586 «aas
1302 4461 1456 4602 {at-‘13¹
1478 4482 1605 4586 <⁷12⁸
1606 4458 1723 4586 ‘22⁶⁹
1746 4478 1793 4514 ⁸
1820 4458 2055 4586 ζ”ι”θόιΒ
2075 4459 2184 4584 223,
2189 4547 2238 4584 a.
2359 4459 2595 4585 ¹⁸22f”‡‹{

197 4601 902 4673 πορὰε.τὸπαρὰτοῦΕά.
1117 4617 1202 4673 23.
1240 4602 1514 4656 &rom-a.
1736 4618 1824 4674 29.
1861 4601 1985 4658 ὄντα
2038 4596 2240 4656 εἶναι.

1302 4703 1474 4752 002
