3238 5158
632 321 763 386 524
1238 324 1315 388 Β.
1363 323 1791 389 CYRILLI
1851 322 2432 389 ALEXANDR.
2773 316 2914 381 xiv.
2941 311 3045 376 28.

632 518 711 564 τε
760 484 1051 588 Πατρος
1086 493 1200 568 καὶ
1238 494 1419 569 ’Υἱοῦ
1452 494 1580 590 τῆς
1619 487 2034 590 θεότητος”’
1994 524 2186 593 ορου,
2223 487 2270 591 ἢ
2308 488 2502 571 ὅπως
2535 485 2626 566 ἄν
2660 518 2772 568 τις
2819 480 3050 562 εἰπὼν

300 630 437 686 850
459 630 535 685 A.
574 645 610 684 a
634 611 761 689 οὐκ
836 609 925 689 ἂν
998 620 1126 692 τοῦ
1201 613 1599 763 πρέποντος
1671 614 2048 720 ἐξοίχοιτο·
2139 612 2643 715 συγκρίνονται
2717 606 2870 710 γὰρ
2949 609 3053 690 ὦς

296 707 401 768 Sup
403 721 461 754 ra

297 769 395 833 846
409 786 453 819 e.

300 3354 321 3389 1
342 3340 454 3390 Cor.

293 3406 395 3456 viii.
411 3419 458 3470 5.

632 732 1013 835 ὁμογενεῖς,
1059 734 1505 840 κεχρήσομαι
1554 736 1629 818 δε
1686 737 1802 816 διὰ
1862 736 1994 838 τὴν
2036 734 2358 840 ἀνάγκην
2398 741 2527 815 τοῦ
2576 730 3054 835 θεωρήματος

631 857 750 934 καὶ
819 863 967 941 τοῖς
1040 859 1258 939 αὐτοῦ
1332 857 1605 961 λόγοις·
1696 857 2188 941 διδασκόντων
2251 864 2318 938 οἱ
2382 856 2685 940 τάλανες
2745 854 2827 934 τί
2897 854 3054 954 ἄρα

634 976 999 1081 νομίζουσι
1063 990 1619 1085 παρασκευᾶσαι
1677 982 1805 1063 τὸν
1854 982 2036 1064 Υἱὸν
2089 986 2165 1063 ἐν
2223 980 2608 1063 ἐλάττοσιν
2664 975 2844 1058 εἶναι
2912 985 3052 1057 τοῦ
3077 989 3113 1049 5

633 1107 826 1182 Θεοῦ
880 1106 996 1183 καὶ
1057 1104 1393 1208 Πατρός;
1469 1103 1611 1209 ἆρα
1670 1104 1924 1205 πάθος,
1978 1105 2025 1209 ἢ
2086 1107 2401 1214 ῥᾳθυμία
2455 1108 2573 1185 καὶ
2636 1103 2784 1183 ὅσα
2844 1136 3050 1200 συμ-

630 1228 905 1319 βαίνειν
941 1224 1082 1307 οἷδε
1132 1237 1280 1312 τοῖς
1328 1230 1635 1333 γενητὴν
1671 1231 1923 1336 ἔχουσι
1966 1229 2101 1330 τὴν
2138 1230 2414 1383 φύσιν;
2475 1224 2629 1307 εἶτα
2678 1225 2788 1310 τίς
2847 1228 3050 1305 οὕτω

631 1349 980 1507 ληρήσειε,Α
990 1353 1108 1432 καὶ
1152 1355 1581 1434 διακείσεται
1628 1353 2094 1459 παραλόγως,
2136 1358 2232 1439 ὡς
2280 1358 2398 1433 καὶ
2445 1353 2667 1451 μόνον
2712 1348 3040 1454 ἀνασχέ-

629 1480 807 1555 σθαι
890 1474 1025 1557 κᾶν
1095 1487 1276 1580 γοῦν
1346 1511 1445 1562 εις
1518 1481 1643 1562 ους
1712 1481 2011 1560 ἑλέσθω
2086 1475 2218 1578 τὴν
2286 1477 2825 1583 βλασφημίαν·
2801 1534 2829 1571 ,
2925 1473 3042 1553 ὅτε

628 1600 889 1699 τοίνυν,
944 1603 1041 1687 ὡς
1106 1600 1452 1703 ὁμογενὴς
1518 1601 1862 1707 ὑπαρχων
1917 1608 2021 1711 τῷ
2075 1600 2261 1683 κατὰ
2313 1598 2542 1708 φύσιν
2597 1604 2790 1706 Θεῷ,
2851 1596 3042 1682 Θεὸς
3068 1619 3128 1660 ¹0
3215 1630 3216 1681 1

562 1735 605 1800 b
630 1724 789 1805 ἐστι
844 1724 1176 1825 δηλονότι
1232 1722 1416 1807 κατὰ
1473 1725 1704 1833 φύσιν
1756 1730 1871 1806 καὶ
1928 1724 2159 1808 αὐτός·
2215 1725 2672 1828 συγκρίνεται
2728 1719 2885 1823 γὰρ
2941 1729 3042 1828 τῷ
3215 1760 3216 1817 1

634 1849 897 1952 Πατρί·
959 1848 1392 1929 διακωλύσει
1442 1846 1520 1928 δὲ
1571 1850 1775 1931 οὐδὲν
1808 1849 1891 1930 τὸ
1941 1848 2287 1933 ὡσαύτως
2321 1848 2505 1954 ἔχειν
2540 1853 2644 1954 τῷ
2676 1845 3034 1953 φύσαντι·

626 1977 783 2054 πῶς
819 1970 1139 2052 ἐλάττων
1173 1973 1422 2070 ε’στίν;

741 2093 1036 2194 Ἐπειδὴ
1102 2094 1178 2176 δὲ
1243 2101 1358 2176 καὶ
1419 2096 1885 2196 ἀμαθέστατα
1938 2130 2016 2177 τε
2079 2100 2195 2177 καὶ
2259 2094 2695 2197 ἀλογώτατα
2755 2094 2837 2173 ἐν
2895 2099 3040 2176 τοῖς

628 2218 1110 2320 προκειμένοις
1167 2219 1465 2326 διεξιὼν,
1525 2221 1607 2300 οὐ
1671 2221 2073 2301 κατέδεισεν
2126 2226 2342 2301 εἰπεῖν
2397 2221 2437 2298 ὃ
2498 2221 2627 2316 τῆς
2690 2219 3039 2317 ἀληθείας
3065 2236 3117 2295 ¹5

631 2339 911 2447 ἐχθρὸς,
950 2402 995 2439 ,,
1019 2341 1129 2422 ὅτι
1164 2341 1418 2446 μείζων
1455 2345 1495 2422 ὃ
1536 2338 1794 2447 Πατὴρ
1839 2349 1969 2444 τῆς
2010 2341 2343 2443 θεότητος
2376 2349 2504 2423 τοῦ
2538 2340 2799 2421 Υὶοῦ·”
2863 2344 3036 2446 φέρε

628 2470 757 2564 τῆς
809 2464 991 2564 μετὰ
1040 2466 1315 2569 σαρκὸς
1362 2468 1766 2566 οἰκονομίας
1813 2466 1944 2549 τὸν
1987 2466 2214 2571 λόγον
2248 2466 2492 2571 βραχύ
2542 2500 2614 2547 τι
2669 2469 3040 2569 περιστεί·

627 2600 904 2690 λαντες,
949 2593 1068 2672 καὶ
1120 2596 1248 2692 τῆς
1302 2598 1449 2672 τῶν
1499 2592 1981 2697 προκειμένων
2035 2593 2304 2677 ε’ννοίας
2356 2588 2868 2675 ἀποδιελόντες
2924 2588 3035 2672 διὰ

627 2712 754 2795 τὸν
790 2711 1119 2820 ἔλεγχον,
1156 2714 1290 2815 τὴν
1326 2713 1633 2816 θεότητα
1675 2725 1804 2797 τοῦ
1840 2721 2020 2796 Υἱοῦ
2070 2721 2161 2820 τῇ
2212 2723 2340 2795 τοῦ
2379 2711 2669 2818 Πατρὸς
2717 2715 3027 2819 συγκρί·

572 2879 607 2921 c
629 2872 860 2939 νωμεν
908 2838 1090 2918 κατά
1142 2874 1228 2940 γε
1276 2837 1405 2920 τὸν
1448 2841 1731 2921 ἐκείνων
1768 2838 2026 2942 λόγον,
2069 2842 2288 2919 ἐκεῖνο
2340 2838 2427 2939 δὴ
2475 2842 2768 2940 πρῶτον
2812 2844 3036 2919 εἰπεῖν
3061 2864 3121 2902 ²0

627 2961 1156 3061 ἀπαιτήσαντες
1210 2961 1338 3043 τὸν
1390 2971 1604 3044 τοῦτο
1660 2959 1886 3069 φάναι
1940 2962 2444 3062 τολμήσαντα,
2493 2959 2804 3065 πότερόν
2856 2998 3036 3044 ποτε

627 3082 821 3166 Θεὸν
869 3084 1044 3167 ὅντα
1099 3085 1283 3167 κατὰ
1336 3085 1565 3194 φύσιν
1611 3086 1955 3192 ὑπάρχειν
2004 3085 2219 3167 οἴεται
2274 3084 2402 3167 τὸν
2438 3083 2651 3184 Θεὸν,
2689 3082 2736 3186 ἢ
2792 3086 3036 3190 ἕτερον

2386 3216 2417 3232 Α

624 3210 757 3308 μέν
817 3244 887 3290 τι
958 3208 1158 3315 παρὰ
1229 3220 1463 3309 τοῦτο,
1533 3214 1959 3310 τετιμῆσθαι
2030 3208 2258 3313 γεμὴν
2327 3244 2418 3316 τῃ
2491 3212 2636 3314 ϊῆςἡ
2694 3208 3036 3309 θεότητος

625 3333 907 3435 κλήσει,
972 3333 1297 3437 καθάπερ
1371 3335 1498 3415 οὖν
1553 3333 1801 3434 ἀμέλει
1862 3337 2130 3415 πολλοὶ
2202 3330 2335 3432 μὲν
2391 3336 2468 3414 ἐν
2531 3334 2812 3440 οὐρανῷ
2885 3336 3034 3414 θεοὶ

626 3460 743 3537 καὶ
788 3458 1033 3563 κύριοι,
1068 3461 1340 3540 πολλοὶ
1391 3457 1467 3540 δὲ
1514 3460 1633 3539 καὶ
1683 3461 1799 3539 ἐπὶ
1845 3463 1976 3559 τῆς
2022 3462 2158 3559 γῆς
2206 3454 2382 3538 εἶναι
2430 3455 2794 3561 λέγονται.
2877 3462 3034 3537 δια-
3058 3476 3114 3535 ²5

625 3581 1144 3680 βεβαιουμένου
1179 3581 1309 3680 μὲν
1346 3581 1490 3686 γὰρ
1527 3588 1722 3689 ψιλῇ
1760 3581 2197 3689 δεδοξάσθαι
2244 3580 2705 3687 προσηγορίᾳ
2751 3588 2848 3686 τῇ
2902 3586 3030 3680 τῆς

625 3701 958 3805 θεότητός
1011 3714 1201 3810 φημι
1253 3704 1384 3786 τὸν
1413 3705 1614 3803 Υὶὸν,
1651 3705 1753 3806 μὴ
1807 3704 1954 3807 μὴν
1996 3708 2114 3787 καὶ
2168 3703 2513 3810 ὑπάρχειν
2554 3701 2739 3783 κατὰ
2795 3705 3033 3811 φύσιν

559 3851 603 3915 d
627 3827 843 3909 αὑτὸν
879 3832 1169 3930 ἀληθῶς
1217 3828 1421 3909 τοῦθ’
1460 3827 1636 3933 ὅπερ
1684 3826 1861 3911 εἶναι
1910 3832 2027 3911 καὶ
2077 3828 2376 3932 λέγεται,
2413 3826 2508 3909 τὰ
2553 3824 2792 3908 εἰκότα
2844 3834 3033 3933 φρο-

625 3959 908 4037 νοῦντες
944 3952 1470 4053 ὑπαντήσομεν,
1508 3950 1894 4058 διαῤῥήδην
1929 3950 2486 4056 ἀνακεκραγότες
2507 3947 2612 4032 Ὠ
2646 3956 2802 4048 τᾶν,
2834 3955 2940 4038 ὦς
2975 3958 3032 4034 εὶ

621 4072 725 4175 μὴ
780 4077 1001 4184 φύσει
1046 4074 1233 4161 Θεός
1286 4078 1465 4174 ἐστι,
1503 4079 1844 4176 κτίσματι
1897 4085 2442 4181 προσκυνοῦμεν
2485 4073 2588 4155 ἔτι
2639 4074 2845 4177 παρὰ
2902 4075 3034 4158 τὸν
3056 4096 3114 4155 30
3215 4113 3216 4180 χ

623 4199 995 4299 κτίσαντα,
1070 4202 1187 4281 καὶ
1258 4201 1417 4306 οὐχὶ
1487 4200 1711 4301 μόνον
1780 4201 1979 4301 ἡμεῖς
2051 4206 2118 4281 οὶ
2190 4197 2394 4280 τόνδε
2466 4197 2593 4281 τὸν
2660 4199 3033 4302 περίγειον

694 4487 746 4544 6.
781 4487 1034 4559 ρᾳθυμιαν
1058 4488 1123 4546 Ε.
1326 4506 1407 4558 1⁴·
1447 4491 1532 4545 καὶ
1555 4490 1705 4562 prius
1729 4496 2070 4571 assumptum
2093 4505 2160 4543 ex
2185 4488 2251 4544 E.
2449 4504 2535 4544 21.
2570 4482 2935 4557 τολμήσαντες
2959 4486 3028 4544 Β.

622 4558 710 4614 26.
746 4563 809 4628 τῇ
834 4568 1175 4632 assumptum
1199 4579 1265 4617 ex
1292 4561 1357 4617 E.
1573 4577 1661 4632 31.
1699 4562 1791 4615 τὸν
1814 4577 1922 4616 om.
1952 4558 2156 4630 Migne.
