3238 5158
235 348 435 418 2215.
613 337 728 401 IN
788 337 1421 404 S.J0ANN1·:M·.
1503 322 1858 405 'L113.v1.
1947 336 2155 402 CAP.
2201 335 2260 399 1.
2506 329 2634 394 235

235 498 646 600 ἀναγκαίως
722 501 934 587 αὐτὸς
1017 505 1203 604 ἡμᾶς
1282 505 1805 607 προεγνωκέναι
1881 503 2132 608 φησὶν,
2203 494 2337 580 Εἶθ’
2413 498 2669 589 Οὕτως-
2716 598 2727 605 ,

235 619 425 718 ἡμᾶς
480 623 722 705 αὐτόν.

525 882 642 950 Καὶ
693 887 813 954 τὴν
863 889 1079 976 ψυχήν
1130 911 1254 966 μου
1308 887 1525 965 τίθημι
1579 887 1742 977 ὑπὲρ
1792 887 1928 953 τῶν
1981 887 2350 975 προβάτων.

353 1074 489 1158 Ὠς
545 1076 723 1182 ὑπὲρ
779 1077 1050 1160 οἰκείων
1093 1077 1230 1179 ἤδη
1281 1080 1397 1158 καὶ
1447 1083 1831 1180 συγγενῶν
1864 1074 2328 1178 ηὐτρέπισται
2376 1072 2507 1170 μὲν
2539 1078 2638 1156 εἷς

168 1220 207 1281 5
237 1197 326 1277 τὸ
365 1203 585 1280 παντὶ
632 1200 765 1299 μὲν
802 1202 1304 1308 ὑπερασπίζειν
1338 1201 1603 1309 τρόπῳ,
1642 1204 1760 1282 καὶ
1806 1196 2472 1302 κατεπαγγέλλεται
2521 1201 2639 1277 καὶ

242 1326 815 1425 προκινδυνεύειν
877 1326 1006 1427 μὲν
1066 1328 1381 1424 ἑτοίμως,
1445 1323 1800 1409 συνιστὰς
1875 1326 1949 1403 ἐν
2012 1324 2246 1428 ταύτῷ
2322 1319 2439 1402 διὰ
2509 1326 2638 1420 τῆς

237 1447 772 1556 ἐπαναλήψεως
811 1450 921 1532 ὅτι
954 1487 1091 1555 περ
1128 1449 1339 1535 αὐτὸς
1376 1448 1600 1534 ὅντως
1645 1451 1846 1528 ἐστὶν
1890 1449 1931 1527 6
1980 1444 2247 1546 ποιμὴν
2290 1448 2331 1526 6
2381 1443 2626 1530 καλός.
2659 1473 2696 1516 0

238 1576 311 1650 οὶ
364 1568 498 1671 μὲν
531 1571 678 1677 γὰρ
726 1582 874 1659 τοῖς
925 1576 1167 1659 λύκοις
1197 1575 1494 1659 ἀνέντες
1546 1572 1639 1655 τὰ
1687 1571 2047 1677 πρόβατα,
2083 1572 2201 1651 καὶ
2252 1572 2471 1650 δειλοὶ
2518 1571 2637 1650 καὶ

241 1698 604 1795 μισθωτοὶ
645 1695 765 1776 δια
809 1707 1022 1780 τοῦτο
1065 1733 1182 1778 και
1232 1697 1435 1797 μάλα
1486 1695 2257 1797 κατωνομάσθησαν,
2225 1731 2266 1775 ο
2318 1692 2392 1774 δὲ
2443 1694 2633 1774 ἐπεί-

137 1855 216 1896 ιο
239 1853 384 1922 περ
433 1820 620 1923 ἔγνω
668 1832 1021 1903 τοσοῦτον
1069 1824 1306 1903 αὐτῶν
1355 1820 2038 1925 ὖπεραγωνίσασθαι
2095 1823 2262 1915 δεῖν,
2312 1821 2408 1903 ὡς
2460 1817 2639 1919 μηδε

243 1942 469 2023 αὐτὸν
532 1952 1070 2051 καταναρκῆσαι
1134 1946 1262 2028 τὸν
1324 1948 1661 2044 θάνατον,
1720 1945 2036 2048 εὐλόγως
2100 1940 2190 2025 ἂν
2254 1941 2341 2042 δὴ
2406 1950 2641 2024 νοοῖτο

241 2066 518 2169 ποιμὴν
555 2071 596 2149 6
634 2071 876 2157 καλός.
951 2071 1190 2174 λε’γων
1226 2070 1380 2152 δε“’
1339 2106 1449 2151 οτι
1484 2069 1701 2177 τίθημι
1739 2107 1845 2164 την
1880 2063 2119 2177 ψυχήν
2154 2106 2287 2175 μου
2322 2066 2483 2175 ὑπὲρ
2517 2105 2642 2149 των

241 2190 708 2301 προβατων,’
673 2197 957 2302 επείπερ
1014 2232 1152 2296 ειμι
1211 2198 1251 2275 6
1305 2194 1573 2299 ποιμὴν
1629 2197 1668 2274 6
1725 2192 1968 2292 καλὸς,
2019 2191 2458 2294 ὑποπλήττει
2514 2189 2641 2272 τὸν

244 2324 676 2423 Φαρισαῖον,
725 2324 842 2400 καὶ
897 2320 1160 2401 δίδωσί
1204 2355 1360 2406 πως
1417 2324 1675 2400 ἐννοεῖν
1731 2319 1839 2399 ὅτι
1894 2327 2246 2399 τοσοῦτον
2289 2320 2631 2422 ἐμπαροι-

141 2462 218 2524 15
244 2441 454 2543 νήσει
488 2443 685 2541 ποτὲ,
723 2448 840 2525 καὶ
889 2451 986 2531 εἰς
1030 2430 1246 2526 τοῦτο
1293 2446 1547 2544 μανίας
1598 2448 1726 2543 τῆς
1771 2444 1878 2523 ἐπ’
1919 2443 2113 2551 αὐτῷ
2159 2440 2631 2543 κληθήσεται,

243 2570 343 2653 ὡς
395 2567 680 2678 θανάτῳ
727 2576 1142 2674 περιβαλεῖν
1180 2567 1263 2650 ὃν
1299 2571 1562 2671 ἥκιστα
1610 2567 1743 2668 μὲν
1778 2576 1990 2650 τοῦτο
2036 2564 2351 2672 πάσχειν
2384 2569 2630 2672 ἐχρῆν,
2660 2577 2707 2644 d

242 2693 538 2773 ἐπαίνου
574 2690 648 2773 δὲ
683 2700 975 2794 μᾶλλον
1008 2694 1274 2778 παντὸς
1311 2693 1694 2801 ἀξιοῦσθαι
1732 2695 1847 2773 καὶ
1886 2691 2248 2790 θαύματος
2290 2692 2524 2771 αὐτῶν
2561 2725 2639 2771 τε

243 2814 347 2897 ὧν
416 2815 776 2921 εἰργάζετο
837 2817 1070 2924 χάριν,
1136 2821 1253 2898 καὶ
1315 2823 1443 2916 τῆς
1507 2820 1583 2897 ἐν
1646 2823 1750 2924 τῷ
1813 2813 2209 2916 ποιμαίνειν
2270 2814 2641 2919 εὖτεχνοῦς

149 3042 158 3048 ⁹
240 2941 664 3043 ἐπιστήμης.

141 3097 219 3137 20
364 3066 810 3163 Σημειωτέον
853 3065 1110 3170 ’γεμὴν
1185 3066 1294 3146 ὅτι
1367 3066 1495 3147 τὸν
1572 3063 1751 3170 ὑπὲρ
1824 3066 2027 3163 ἡμῶν
2100 3064 2215 3144 καὶ
2290 3062 2377 3142 δι’
2455 3060 2640 3161 ἡμᾶς

245 3187 563 3270 θάνατον
621 3192 749 3271 οὐκ
808 3193 1152 3272 ἀκούσιον
1210 3190 1573 3290 ὑπέμεινεν
1630 3192 1670 3269 ὁ
1726 3185 2071 3294 Χριστὸς,
2128 3184 2505 3286 ἐθελοντὴς
2564 3183 2639 3265 δὲ

240 3313 428 3416 πρὸς
479 3323 691 3394 τοῦτο
739 3315 1049 3418 βαδίζων
1097 3318 1368 3419 ὁρᾶται,
1401 3313 1627 3394 καίτοι
1679 3316 1923 3421 ῥᾷστα
1977 3312 2061 3393 τὸ
2114 3312 2432 3416 πάσχειν
2475 3314 2633 3390 δια-

242 3436 502 3539 δράναι
541 3439 946 3537 δυνάμενος,
984 3444 1040 3518 εἰ
1076 3437 1178 3540 μὴ
1214 3438 1557 3534 βούλοιτο
1593 3444 1870 3520 παθεῖν.
1947 3438 2200 3517 οὐκοῦν
2235 3432 2321 3517 τὸ
2369 3439 2497 3535 τῆς
2542 3441 2640 3520 εἰς

239 3562 432 3662 ἡμᾶς
480 3563 916 3664 ἀγαπήσεως
964 3563 1241 3648 κάλλος
1295 3566 1411 3643 καὶ
1464 3561 1548 3641 τὸ
1601 3565 1730 3661 τῆς
1777 3559 2208 3666 ἡμερότητος
2256 3560 2633 3667 ὑπερφυὲς,

139 3713 213 3774 25
240 3689 318 3768 ἐν
356 3691 462 3795 τῷ
496 3690 613 3767 καὶ
644 3687 896 3768 ε’κόντα
929 3693 1185 3768 παθεῖν
1222 3685 1398 3790 ὑπὲρ
1434 3686 1637 3785 ἡμῶν
1672 3685 2022 3792 ὀψόμεθα.
2656 3718 2698 3763 ο

310 3923 365 3970 4.
403 3898 749 3972 ηυτρεπίσθαι
773 3901 840 3957 Β.
860 3901 1164 3957 emendavit
1184 3900 1364 3956 Holst.
1440 3901 1634 3956 Statim
1656 3923 1751 3970 μεν
1773 3911 1834 3955 ut
1857 3899 1967 3956 vid.
1985 3900 2359 3955 omittendum.
2383 3898 2642 3969 μὲν-μὲν

239 3992 350 4029 om.
376 3973 693 4028 abbrevians
720 3990 769 4026 a.
946 3987 997 4043 5.
1035 3970 1554 4062 κατεπαγγέλλεται]
1565 3979 1624 4036 -Ι-
1655 3993 1711 4025 τε
1736 3970 1802 4024 Β.
1829 3970 2129 4025 emendavit
2156 3970 2254 4024 Ht.
2376 4013 2393 4030 .
2434 3982 2517 4040 17.
2556 3970 2641 4023 καὶ

239 4062 426 4099 assum
466 4044 537 4098 sit
560 4061 589 4097 e
616 4042 736 4097 Cat.
760 4052 823 4097 ut
845 4041 1832 4114 νὶᾶ.Αιι1).24.ἆγαπήσεως
1856 4043 2050 4098 κάλλος
2076 4040 2142 4096 Β.
2168 4041 2366 4112 ἀγάπης
2390 4041 2459 4096 ὡς
2482 4041 2641 4096 καλὸς

241 4114 341 4170 Ht.
371 4115 476 4170 E.
549 4113 846 4169 Abbreviat
867 4121 931 4168 ut
955 4114 1090 4168 solet
1113 4114 1245 4170 Nik.

1353 4671 1546 4741 uh2
