3238 5158
185 363 388 414 ητα.
556 346 672 412 ΙΝ
733 347 800 414 8.
849 346 1365 414 JOANNEM.
1456 348 1649 413 LIB.
1696 348 1780 412 X.
1870 348 2083 414 CAP.
2130 347 2226 413 ΙΙ.
2467 347 2597 410 553

185 518 233 556 “
270 510 719 612 γνωσθέντες
795 510 937 593 ὑπὸ
1003 516 1221 611 Θεοῦ,
1281 518 1437 596 πῶς
1500 511 1728 593 πάλιν
1794 512 2260 618 ἐπιστρέφετε
2324 514 2440 592 ἐπὶ
2505 510 2599 592 τὰ

185 643 234 680 “
269 637 540 735 ἀσθενῆ
578 638 695 717 καὶ
730 633 992 741 πτωχὰ
1028 643 1353 741 στοιχεῖα
1389 644 1517 716 τοῦ
1554 633 1866 734 κόσμου,
1907 635 2012 721 οἷς
2062 636 2288 717 πάλιν
2326 636 2599 717 ἀνωθεν

187 766 237 805 “
272 758 637 839 δουλεύειν
674 760 923 840 θέλετε
950 761 1016 858 ;”
1077 759 1194 841 ὅτε
1232 762 1470 840 τοίνυν
1507 765 1572 840 οἱ
1626 768 1772 845 τοῖς
1823 761 2168 841 ἀσθενέσι
2217 760 2601 865 στοιχείοις

184 882 552 963 δουλεύειν
596 884 930 968 θέλοντες
976 887 1532 987 ἀλλοτριοῦνται
1568 888 1922 986 Χριστοῦ,
1959 893 2419 965 συνενοῦνται
2469 917 2593 986 γε·

10 1104 27 1116 ..
117 1032 156 1092 5
182 1002 332 1106 μὴν
381 1012 447 1087 οὶ
501 1007 865 1089 δουλεύειν
919 1009 1048 1088 οὐκ
1104 1008 1520 1113 ἀνεχόμενοι
1575 1014 1667 1113 τῇ
1724 1009 1955 1092 κτίσει
2009 1006 2210 1112 παρὰ
2260 1006 2391 1089 τὸν
2438 1007 2594 1088 κτί-

10 1133 31 1154 ’“
182 1164 447 1228 σαντα,
486 1137 640 1215 πῶς
691 1134 820 1212 οὐκ
871 1131 1078 1213 ἔσται
1126 1138 1271 1212 τῶν
1315 1131 1915 1235 ὁμολογουμένων
1962 1131 2073 1212 ὅτι
2126 1132 2394 1282 τρόπος
2449 1138 2599 1216 τοῖς

201 1255 220 1280 2
323 1257 341 1280 Ι
448 1261 480 1279 Α
580 1256 598 1281 t

10 1364 37 1406 ¹,-

182 1386 317 1458 τοῦ
352 1377 776 1479 Πνεύματος
821 1379 1394 1486 ἐπωφελεστάτη
1440 1377 1629 1480 τομὴ
1676 1386 1824 1460 πᾶν
1862 1375 2042 1463 εἶδος
2096 1380 2265 1479 ἡμῖν
2301 1382 2595 1482 ἀγαθῶν
2620 1410 2656 1453 e

34 1611 43 1620 α
182 1500 663 1604 πολυτρόπως
698 1504 1362 1607 ἀντεισκομίζουσα.
1442 1506 1519 1584 ἐν
1556 1503 1702 1605 γὰρ
1737 1508 1829 1609 τῇ
1874 1510 2021 1583 τῶν
2057 1503 2366 1611 φαύλων
2401 1505 2588 1583 ἀπο-

10 1617 49 1742 ²2.
83 1663 161 1704 10
188 1625 385 1704 θέσει
441 1629 559 1706 καὶ
616 1629 956 1732 ἀποβολῇ
1011 1628 1097 1707 τὸ
1152 1632 1280 1727 τῆς
1337 1631 1591 1733 ἀρετῆς
1657 1628 2216 1729 ἀντεισκρίνεται
2287 1624 2589 1710 κάλλος.

14 1747 20 1756 ’
189 1748 376 1828 ὅπου
428 1748 572 1853 γὰρ
626 1750 1020 1858 αἰσχρότης
1077 1750 1418 1850 ἐκποδὼν,
1473 1755 1622 1832 ε’κεῖ
1666 1750 1753 1832 τὸ
1808 1747 2082 1852 σεμνὸν
2136 1753 2418 1856 ἀνίσχει
2477 1752 2598 1831 καὶ

10 1865 43 1914 '³'
188 1872 539 1978 φαίνεται.

10 1991 45 2040 ³⁷³
302 1998 748 2098 Σημειωτέον
798 2001 894 2098 δὲ,
945 1999 1056 2081 ὅτι
1111 1998 1229 2081 διὰ
1282 1996 1416 2100 μὲν
1469 2008 1599 2081 τοῦ
1647 1998 2070 2098 Πνεύματος
2127 1999 2171 2099 ἦ
2226 1995 2595 2104 περιτομὴ,

180 2119 322 2221 τὴν
365 2127 492 2220 τῆς
547 2123 1083 2227 διακαθάρσεως
1134 2127 1675 2228 ἀποπληροῦσα
1729 2125 1976 2229 χρείαν
2013 2126 2088 2203 ἐν
2125 2125 2316 2224 ἡμῖν,
2364 2157 2588 2228 χορη-

10 2123 35 2166 ΓΞ

80 2276 155 2333 ¹5
182 2245 318 2349 γὸς
370 2247 445 2327 δὲ
494 2256 624 2328 τοῦ
666 2247 1087 2347 Πνεύματος
1131 2250 1172 2327 5
1210 2247 1384 2332 Υἱός
1419 2259 1465 2296 “
1491 2247 1688 2328 Ἀπὸ
1738 2247 1885 2351 γὰρ
1931 2256 2059 2328 τοῦ
2106 2247 2595 2349 πληρώματος
2681 2234 2851 2352 ἓῖῗξ

12 2383 33 2448 ⁸3
180 2372 486 2451 “αὐτοῦ
521 2368 785 2456 πάντες
820 2372 1019 2472 ἡμεῖς
1054 2370 1475 2471 ἐλάβομεν,”
1517 2369 1702 2452 κατὰ
1749 2369 1882 2471 τὴν
1918 2370 2257 2451 Ἰωάννου
2306 2368 2588 2478 φωνὴν,

10 2509 25 2554 5
181 2529 304 2574 και
379 2493 593 2582 αὑτός
665 2497 868 2577 ε’στιν
941 2499 982 2576 5
1052 2494 1236 2600 πρὸς
1306 2497 1492 2597 ἡμᾶς
1565 2495 1785 2576 εἰπών
1850 2505 1894 2544 “
1932 2495 2217 2592 Λάβετε
2294 2499 2591 2594 Πνεῦμα
2618 2527 2654 2567 a
2708 2513 2828 2570 871
2845 2512 2931 2567 A·

183 2633 231 2670 ‘⁴
256 2619 592 2722 ”Ἀγιον.”
655 2624 927 2725 ἐνεργεῖ
954 2629 1334 2724 τοιγαροῦν
1369 2620 1504 2721 τὴν
1541 2626 1641 2706 εἶς
1690 2621 1876 2720 ἡμᾶς
1924 2618 2451 2722 ἀνακάθαρσιν,
2494 2623 2593 2703 ὡς
2685 2589 2824 2705 ἔξω
2840 2605 2928 2641 ¹¹⁶

12 2760 33 2803 f*
184 2745 266 2825 ἐν
319 2743 567 2854 τρόπῳ
622 2750 751 2846 τῆς
812 2745 930 2826 διὰ
984 2755 1113 2828 τοῦ
1174 2743 1599 2845 Πνεύματος
1655 2743 2033 2845 νοουμένης
2085 2748 2496 2848 περιτομῆς,
2552 2745 2593 2823 5

12 2858 37 2932 3²
77 2897 159 2939 ²0
191 2870 452 2973 Πατὴρ
508 2872 592 2950 δι’
652 2875 855 2952 Υἱοῦ.
937 2869 1312 2951 κεκένωται
1367 2870 1607 2950 τοίνυν
1661 2865 1747 2950 τὸ
1804 2866 2064 2972 πικρὸν
2121 2871 2240 2948 καὶ
2297 2866 2595 2948 ἀνόσιον

19 2984 23 2989 ’
184 3001 337 3075 τῶν
399 2996 485 3075 δι’
551 2996 869 3082 ἐναντίας
935 2995 1299 3094 τόλμημα,
1363 2992 1465 3093 μὴ
1541 2990 2126 3073 καταδεισάντων
2188 2998 2428 3091 εἰπεῖν,
2496 2995 2594 3077 ὡς

181 3119 475 3222 ε’πείπερ
526 3120 854 3221 ἄμπελον
894 3117 1026 3219 μὲν
1067 3116 1321 3200 ἑαυτὸν
1357 3118 1632 3221 εἴρηκεν
1669 3119 1711 3197 5
1749 3115 1945 3213 Υἱὸς,
1984 3113 2309 3266 γεωργὸν
2344 3114 2421 3195 δὲ
2466 3111 2595 3194 τὸν

186 3245 487 3347 Πατέρα
541 3278 657 3325 και
714 3241 927 3342 Θεὸν,
985 3243 1026 3322 5
1060 3241 1303 3326 αὐτὸς
1367 3242 1496 3322 οὐκ
1564 3240 1772 3321 ἔσται
1836 3238 2021 3320 κατὰ
2085 3238 2315 3347 φύσιν
2369 3239 2586 3346 αυτῷ.

181 3367 410 3471 λόγος
449 3365 593 3470 γάρ
630 3369 853 3454 οὐδεις
889 3366 1281 3472 ἐπιτρέψει,
1310 3369 1520 3473 φησι,
1547 3363 1810 3445 ταύτὸν
1845 3370 1941 3450 εἰς
1978 3365 2235 3444 οὐσίαν
2269 3359 2594 3465 γεωργόν
2682 3372 2849 3491 233¹:

14 3524 21 3557 -’
77 3517 153 3578 25
182 3528 264 3575 τε
302 3499 420 3574 καὶ
457 3491 791 3591 αμπελον
828 3492 1155 3572 νοεῖσθαί
1181 3524 1379 3572 ποτε.
1455 3523 1631 3570 οταν
1667 3491 1794 3569 οὖν
1824 3490 2237 3592 εὑρίσκηται
2271 3482 2593 3590 γεωργὸς

16 3620 17 3629 '
182 3618 224 3697 5
269 3615 446 3702 Υἱὸς
502 3614 621 3696 διὰ
672 3619 802 3715 τῆς
856 3618 931 3696 ἐν
984 3613 1353 3713 Πνεύματι
1407 3617 1815 3718 περιτομῆς,
1870 3612 2400 3692 διακείσθωσαν
2454 3609 2592 3710 ἤδη
2616 3622 2660 3688 b

182 3739 473 3837 λοιπὸν,
533 3744 631 3825 ὡς
702 3741 992 3843 ἐπείπερ
1053 3737 1412 3837 ἀλλήλοις
1474 3739 1813 3835 ὁμοειδεῖς
1887 3739 1953 3815 οἱ
2020 3737 2345 3837 γεωργοὶ,
2409 3732 2593 3814 καθὸ

183 3862 603 3969 πεφύκασιν
658 3865 1043 3967 ἅνθρωποι,
1097 3860 1472 3965 πρόδηλον
1528 3861 1638 3940 ὅτι
1692 3864 1821 3959 τῆς
1878 3857 2061 3961 πρὸς
2116 3858 2245 3938 τὸν
2294 3857 2594 3962 Πατέρα

184 3988 308 4067 καὶ
343 3985 536 4066 Θεὸν
572 3984 1126 4087 ὀμοουσιότητος
1163 3987 1293 4066 οὐκ
1331 3985 1719 4090 ἀλλότριος
1756 3985 1797 4064 5
1832 3982 2029 4067 Υἱός.

21 2622 47 2669 'i‘

12 3130 45 3185 2‘

265 4233 314 4274 1.
352 4215 797 4342 ἰπιστρέὲσταιΕ
1082 4215 1135 4269 8.
1174 4214 1303 4284 τομὴ
1328 4213 1489 4269 edidi.
1512 4214 1572 4269 τὸ
1594 4213 1666 4285 μὴ
1692 4212 1756 4267 Ε.
1762 4211 1821 4267 F.
1849 4211 1952 4266 Ed.
1974 4233 2061 4283 γρ.
2088 4209 2351 4284 ἀποτομὴ
2346 4207 2449 4264 Ed.
2476 4226 2591 4277 mg.

225 4288 529 4346 ,ἀποθέσει
627 4287 804 4358 1²ng
831 4284 932 4341 Ed.
951 4303 1071 4356 mg.
1097 4286 1344 4341 ὑποθέσει
1370 4285 1474 4339 Ed.
1766 4301 1849 4350 14.
1887 4283 2273 4354 διακαθάρσεως
2295 4270 2592 4335 emendavi.

297 4360 602 4431 καθάρσεως
628 4357 731 4413 Ed.
947 4372 1032 4429 25.
1070 4357 1339 4428 εὑρίσκητε
1368 4355 1432 4411 E.

271 4692 417 4739 von.
450 4692 526 4738 11.
1338 4691 1384 4750 4
1413 4690 1452 4733 n
