3238 5158
251 340 377 406 xii.
404 361 509 428 35.
644 345 751 409 IN
797 346 864 410 s,
894 346 1155 412 JOAN.
1246 347 1644 413 LIB.V111.
1737 346 2322 414 FRAGMENTA.
2530 347 2657 410 325

259 505 421 595 πὸς
455 509 585 588 οὖν
619 507 705 590 αὖ
739 510 971 614 >si-yses
1011 511 1118 592 ὅτι
1157 514 1198 592 ὁ
1234 510 1562 615 Χριστός
1598 518 1742 613 εἶμι
1776 511 2016 615 λε’γων
2051 510 2364 593 σεαυτὸν
2397 514 2657 609 τεθνη-

260 630 620 738 ξόμενονς
676 633 879 715 ἀλλὰ
912 633 1058 738 γὰρ
1091 634 1194 737 μὴ
1232 644 1554 723 νοοῦντες·
1577 638 1906 718 Ἰουδαῖοι
1942 636 2246 740 λέγουσι
2278 634 2411 735 μὲν
2445 631 2665 714 αὑτὸν

262 754 387 835 διὰ
421 756 506 837 τὸ
546 755 781 844 πάθος
826 757 937 859 μὴ.
977 756 1153 839 εἶναι
1189 759 1546 863 Χριστόν·
1608 762 1695 841 οὖ
1741 760 2046 864 λέγουσι
2095 759 2171 839 δὲ
2219 759 2329 841 ὅτι
2377 755 2664 864 ἐγράφη

262 877 381 959 ὅτι
417 884 528 961 δεῖ
556 880 682 962 τὸν
718 882 1050 986 Χριστὸν
1085 890 1338 965 παθεῖν
1375 888 1492 966 καὶ
1528 887 1938 986 ἀναστῆναι·
1966 886 2081 965 καὶ
2121 887 2445 965 ἀνελθεῖν
2478 879 2665 987 πρὸς

193 1027 235 1088 5
263 1001 398 1084 τὸν
436 1004 748 1108 Πατέρα,
783 1005 1207 1110 λειτουργὸν
1259 1006 1601 1108 ἐσόμενον
1649 1015 1794 1090 τῶν
1843 1009 2070 1111 ἁγίων
2119 1013 2237 1089 καὶ
2290 1013 2437 1088 τῶν
2484 1006 2655 1106 ἡμε-

263 1126 494 1225 τέρων
556 1134 822 1235 ψυχῶν
885 1130 1244 1237 ἀρχιερέα,
1325 1131 1443 1212 ὅτε
1517 1135 1654 1212 καὶ·
1709 1132 2044 1236 κρείττων
2108 1134 2225 1212 καὶ
2293 1130 2666 1239 ἄφθαρτος

265 1251 559 1348 ἀνεβίω.
640 1254 866 1334 καίτοι
902 1259 1032 1354 τῆς
1075 1258 1368 1362 γραφῆς
1415 1256 1551 1362 οὐχ
1600 1255 1711 1336 ὅτι
1752 1254 1975 1355 μόνον
2012 1254 2239 1363 ἥξει’
2203 1289 2278 1335 εν
2311 1259 2417 1364 τῷ
2453 1259 2667 1362 κοινῷ

267 1372 361 1474 δὴ
397 1374 629 1455 τούτω
665 1381 783 1457 καὶ
824 1379 1249 1487 ἀνθρωπίνῳ
1296 1377 1624 1486 σχήματι
1670 1368 2455 1483 προαπαγγελλούσης,
2491 1378 2663 1458 ἀλλ’

266 1533 383 1578 οτι
432 1532 549 1578 και
599 1503 727 1600 τῆς
782 1500 1123 1583 ἁπάντων
1167 1502 1347 1606 ζωῆς
1398 1501 1959 1611 προτεθνήξεται
2015 1503 2132 1581 καὶ
2184 1500 2669 1596 ἀναβιώσεται

158 1656 240 1698 ιο
266 1621 497 1703 πάλιν
539 1621 631 1703 τὰ
684 1632 813 1704 τοῦ
867 1626 1179 1706 θανάτου
1227 1627 1613 1734 διαῤῥήξας
1662 1624 1921 1726 δεσμὰ,
1965 1625 2055 1732 ἐξ
2105 1624 2191 1705 οὗ
2242 1623 2530 1710 πάντως
2581 1623 2668 1705 τὸ

266 1780 492 1855 μενειν
571 1756 663 1835 εἷς
746 1747 959 1830 aleam
1043 1767 1103 1830 Χ
1107 1785 1337 1857 μισ-τον
1415 1756 1885 1853 κατορθοῦται
1969 1755 2236 1835 καλῶς
2332 1751 2669 1853 κρείττων

267 1901 490 2076 ΊῘκ-ἑκρ
482 1873 1057 1975 ἀναδεδειγμένος
1121 1873 1431 1955 θανάτου
1487 1876 1606 1955 καὶ
1664 1880 1964 1984 φθορᾶς,
2021 1873 2243 1974 ἀνέβη
2300 1907 2482 1978 προς
2540 1907 2670 1954 τον

354 1995 594 2099 ατέρα.

2751 1005 3003 1124 2Ηοῑ).νὶ1ἰ.

276 2233 480 2307 Εἶπεν
550 2236 664 2306 οὖν
735 2238 957 2309 αὐτοῖο
1024 2244 1062 2309 ὁ
1125 2243 1378 2311 Ἰησοῦς
1428 2243 1573 2311 Ἔτι
1634 2243 1865 2333 μικρὸν
1929 2244 2159 2333 χρόνον
2231 2242 2304 2312 τὸ
2378 2242 2525 2329 φῶο
2593 2242 2665 2307 ὲν
2693 2255 2771 2317 35

165 2375 242 2437 15
378 2361 524 2443 ὑμῖν
572 2365 732 2432 ἐστι.
812 2364 1231 2458 περιπατεῖτε
1282 2371 1414 2435 ἕως
1463 2369 1539 2435 τὸ
1594 2371 1743 2456 φῶο
1794 2369 1996 2456 ἔχετε,
2041 2370 2148 2434 ἵνα
2201 2368 2289 2446 μὴ
2346 2369 2385 2435 ἡ
2442 2367 2666 2436 σκοτία

378 2493 548 2569 ὑμᾶς
606 2492 963 2585 καταλάβῃ·
1044 2494 1152 2561 καὶ
1212 2495 1250 2561 ὁ
1310 2495 1692 2584 περιπατῶν
1749 2494 1821 2560 ὲν
1877 2499 1957 2586 τῇ
2022 2493 2247 2588 σκοτία
2310 2493 2430 2560 οὐκ
2490 2487 2668 2560 οἶδεν

379 2622 506 2684 ποῦ
560 2619 808 2695 finds-et.

385 2793 521 2879 Ὠς
569 2794 940 2879 ἀσυνέτως
997 2798 1113 2874 καὶ
1168 2796 1501 2879 ἀπίστοις
1550 2802 1699 2879 τοῖς
1735 2794 2123 2892 Ἰουδαίοις,
2159 2793 2244 2873 οὗ
2291 2791 2674 2893 καταλέγει

272 2925 544 3025 σαφῶς
598 2921 641 2998 ὁ
698 2916 1025 3022 Χριστὸς
1080 2916 1167 2999 τὸ
1220 2917 1415 3015 βαθῦ
1468 2926 1597 2998 τοῦ
1657 2918 1886 3019 λόγου
1947 2915 2370 3019 μυστήριον.
2471 2913 2674 2994 ἀλλὰ

163 3077 247 3120 20
271 3040 461 3146 πρὸς
519 3042 756 3145 ἕτερον
808 3046 1027 3148 πηδᾷ,
1083 3042 1263 3141 ὁμοῦ
1321 3045 1439 3121 καὶ
1491 3038 1576 3121 τὸ
1631 3038 1999 3146 ἐπωφελὲς
2062 3041 2298 3123 αὐτοῖς
2361 3036 2669 3144 ἐξηγού-

271 3200 489 3267 μενος
544 3169 662 3247 καὶ
717 3164 987 3251 δεικνῦς
1034 3165 1167 3265 τὴν
1222 3166 1454 3246 αἰτίαν
1510 3167 1594 3246 δι’
1653 3162 1745 3264 ἢν
1798 3164 1885 3243 οὐ
1940 3171 2189 3244 νοοῦσι
2241 3160 2336 3243 τὰ
2388 3164 2465 3242 ἐν
2517 3169 2674 3246 ταῖς

271 3297 616 3399 γραφαῖς,
692 3293 809 3370 καὶ
894 3290 1004 3371 ὅτι
1089 3296 1148 3370 εἰ
1223 3287 1323 3390 μὴ
1397 3287 1867 3371 πιστεύσειαν
1940 3289 2133 3395 αὐτῷ
2210 3290 2397 3395 φωτὶ
2485 3286 2666 3386 ὄντι,
2695 3320 2732 3364 e

273 3416 642 3500 ὃλοτελῶς
676 3410 929 3499 αὐτοὺς
974 3411 1058 3495 τὸ
1104 3417 1234 3513 τῆς
1283 3414 1646 3516 ἀγνωσίας
1694 3410 2196 3519 καταλήψεται
2233 3410 2517 3509 σκότος,
2557 3417 2673 3492 καὶ

272 3545 425 3619 τῶν
473 3540 550 3619 ἐκ
604 3546 734 3619 τοῦ
790 3536 1032 3645 φωτὸς
1085 3540 1380 3642 ἀγαθῶν
1424 3534 2025 3640 στερηθήσονται·
2093 3533 2273 3616 ὅσον
2325 3533 2470 3638 γὰρ
2526 3532 2673 3616 ἀπὸ

169 3691 247 3752 25
275 3667 407 3764 τῆς·
459 3667 771 3771 γραφῆς,
828 3666 924 3747 ὡς
992 3668 1149 3768 φῶς
1205 3658 1672 3765 προσεδόκων
1723 3657 1852 3741 τὸν
1902 3660 2217 3742 Μεσίαν.
2302 3657 2540 3758 ἐπειδὴ
2600 3658 2675 3739 δὲ

273 3785 527 3888 ἦλθεν,
563 3792 660 3871 εἰς
695 3786 1105 3867 τούναντίον
1144 3787 1383 3871 αὐτοῖς
1427 3783 1664 3886 ἀπέβη
1704 3782 1797 3865 τὰ
1847 3788 1973 3885 τῆς
2023 3785 2335 3868 ἐλπίδος·
2412 3779 2676 3866 σκότος

271 3910 422 4016 γὰρ
478 3909 734 3996 αὐτοὺς
789 3907 1148 4006 κατελαβε
1204 3908 1321 3990 διὰ
1384 3906 1518 4008 τὴν
1571 3908 1938 3989 ἀπιστίαν.
2040 3905 2459 4014 ἀνανήψατε
2519 3906 2672 4004 οὖν,

273 4037 489 4145 φησὶ,
554 4034 851 4141 ταχέως,
917 4034 1046 4118 ἕως
1115 4034 1279 4134 ὑμῖν
1342 4032 1585 4140 εξεστι
1648 4029 1904 4137 μικρόν
1966 4063 2037 4111 τι
2100 4033 2228 4131 τῆς
2292 4037 2420 4111 τοῦ
2486 4029 2679 4110 θείου

350 4309 509 4369 7-13.
550 4295 700 4352 Haec
724 4304 856 4352 sunt
879 4303 934 4351 et
954 4296 1013 4350 in
1038 4313 1084 4350 c.
1113 4294 1278 4351 Cord.
1585 4307 1637 4364 7.
1675 4293 1776 4432 αὔχ
1798 4291 1906 4365 ὅτι]
1934 4292 2013 4347 ὅτι
2038 4292 2100 4347 οὗ
2124 4309 2173 4347 c.
2200 4289 2367 4347 Cord.
2508 4290 2677 4363 τούτῳ

274 4368 341 4438 δὴ
366 4372 440 4440 τῷ
465 4371 615 4441 κοινῷ
639 4368 851 4422 inverso
875 4365 1063 4422 ordine
1088 4366 1208 4422 Cat.
1237 4366 1391 4422 Harl.
1561 4380 1647 4420 10.
1682 4364 1711 4418 ε’
1709 4363 1854 4435 ξοῦ]
1881 4365 1944 4419 οὔ
1967 4381 2014 4419 c.
2041 4362 2206 4417 Cord.
2372 4378 2456 4418 11.
2493 4382 2678 4452 κατορ-

275 4438 488 4497 θοῦνται
512 4455 561 4493 e.
666 4440 897 4509 κρεῖττον
922 4454 970 4491 c.
997 4437 1162 4493 Cord.
1397 4453 1480 4506 14.
1518 4431 1760 4490 Εἶπεν-’
1763 4438 1950 4504 Ιησοῦς
1973 4432 2156 4490 addidi
2178 4450 2243 4487 ex
2267 4433 2375 4488 a.k.
2480 4432 2584 4486 ἐν’
2559 4434 2679 4500 υμῖν

276 4527 327 4565 a.
354 4508 426 4564 cf.
452 4525 617 4579 supra
641 4520 707 4580 72
724 4526 772 4564 c.
794 4506 956 4578 μεθ’
931 4512 1072 4578 υμῶν
1093 4508 1151 4564 k.
1178 4506 1281 4564 Ed.
1528 4517 1720 4578 15-17.
1755 4504 2337 4577 περιπατεῖτε-ὑπάγει
2359 4500 2542 4559 addidi
2565 4516 2596 4557 ο
2617 4501 2676 4556 k.

276 4580 490 4636 favente
513 4596 564 4633 a.
777 4591 866 4648 27.
899 4581 1028 4650 γοῦν
1048 4577 1106 4635 k.
