3238 5158
353 390 499 437 ..20
812 357 927 436 IN
987 374 1053 438 s,
1103 372 1616 439 JOANNEM
1709 374 1901 439 ΜΒ.
1950 350 2070 440 lx
2505 375 2631 439 361

232 533 680 638 προκομίζων
734 534 888 615 τὸν
919 533 1247 642 ἔλεγχον,
1303 541 1419 617 καὶ
1484 537 1617 637 τὴν
1674 542 1803 638 τῆς
1864 539 2265 648 προδοσίας
2330 539 2637 633 ἔκβασιν

232 661 333 742 εἶς
369 666 671 759 σημεῖον
706 656 1015 740 ἔσεσθαί
1047 665 1238 767 φησι
1276 663 1393 740 καὶ
1442 666 1540 745 εἰς
1586 660 2070 770 σαφεστάτην
2107 659 2483 767 ἀπόδειξιν
2510 669 2640 741 τοῦ

233 780 455 861 αὐτὸν
491 779 668 863 εἶναι
703 782 1059 889 Χριστόν.
1143 787 1240 869 ὡς
1277 782 1419 888 γὰρ
1469 785 1606 886 ἤδη
1657 783 2077 892 φθάσαντες
2113 783 2432 882 εἴπομεν,
2472 785 2512 864 5
2549 782 2642 864 τὰ

237 903 353 984 διὰ
408 912 555 985 τῶν
609 912 815 1010 ἱερῶν
870 906 1317 1012 γραμμάτων
1369 909 2007 1015 προκεκηρυγμένα
2064 917 2211 994 τοῖς
2268 917 2398 989 τοῦ
2451 942 2634 1013 προ-

169 1055 206 1114 5
236 1026 450 1110 δότου
503 1030 915 1129 συμβαλὼν
963 1031 1452 1133 τολμήμασιν,
1488 1031 2113 1132 εὐσυνοπτοτάτην
2158 1029 2247 1112 ἂν
2283 1029 2480 1132 οἶμαι
2524 1035 2642 1113 καὶ

235 1153 747 1258 ἀταλαίπωρον
802 1160 1060 1263 κομιδῇ
1113 1154 1248 1257 τὴν
1302 1159 1410 1238 ἐπ’
1470 1158 1664 1265 αὐτῷ
1724 1156 2149 1264 κατάληψιν
2205 1159 2466 1257 ἀληθῆ,
2522 1159 2642 1236 καὶ

235 1275 444 1374 μάλα
479 1279 761 1385 ῥᾳδίως,
799 1279 1039 1361 ἕλοιτο
1075 1280 1187 1361 ἄν.
2567 1321 2572 1326 ·

2665 1391 2701 1436 e

232 1517 443 1597 Ἀμήν
480 1520 653 1598 ἀμὴν
681 1522 854 1597 λὲΓω
889 1519 1057 1606 ὑμῖν,
1083 1524 1121 1591 5
1160 1526 1514 1604 Λαμβάνων
1553 1524 1634 1591 ἄν
1671 1548 1815 1591 τινα
1855 1525 2120 1605 πέμψω,
2147 1525 2265 1601 ἐμὲ
2303 1525 2639 1602 Λαμβάνειτ
2672 1546 2748 1584 20

520 1645 558 1715 5
597 1644 670 1713 δὲ
705 1648 822 1725 ἐμὲ
858 1650 1212 1729 Λαμβάνων
1250 1653 1567 1730 Λαμβάνει
1604 1652 1717 1718 τὸν
1754 1650 2236 1717 ἀποστείλαντά
2274 1672 2376 1727 με.

130 1843 213 1885 10
360 1818 907 1928 Προαποδείξας
955 1822 1336 1927 χρησίμως
1379 1819 1633 1903 ἑαυτὸν
1669 1819 1844 1902 ὄντα
1878 1818 2211 1926 Χριστὸν
2248 1821 2366 1900 καὶ
2417 1818 2504 1900 δι’
2545 1816 2647 1899 ὧν

240 1939 544 2039 ἔμελλεν
600 1944 641 2023 5
705 1944 1062 2049 προδότης·
1124 1944 1677 2049 ἐμπαροινήσειν
1741 1947 1817 2026 ἐν
1878 1946 2093 2053 αὐτῷ,
2150 1941 2518 2049 χρήσιμόν
2580 1976 2650 2022 τι

239 2062 467 2146 πάλιν
502 2068 769 2147 ἐπινοεῖ
802 2068 986 2171 πρὸς
1033 2069 1446 2173 ἀνατροπὴν
1481 2073 1610 2169 τῆς
1660 2070 1923 2150 ἐκείνου
1971 2069 2476 2162 κακοβουλίας.
2551 2068 2651 2150 ὡς

241 2188 720 2294 ἀμυδρότερός
769 2227 927 2279 πως
975 2196 1170 2302 αὐτῷ
1216 2192 1504 2298 πρόεισι
1554 2197 1672 2274 καὶ
1725 2201 1852 2275 νῦν
1890 2194 1930 2273 5
1981 2189 2229 2296 λόγος·
2312 2188 2641 2295 συγκρύ-

241 2347 448 2394 πτειν
502 2312 647 2417 γάρ
702 2316 805 2395 ἔτι
860 2324 1189 2420 πειρᾶται
1243 2317 1328 2398 τὸ
1382 2315 1750 2419 τόλμημα,
1803 2319 1923 2398 καὶ
1976 2315 2393 2424 ἀναφανδὸν
2447 2316 2649 2396 οὔπω

141 2467 220 2529 15
246 2440 438 2546 φησὶ
506 2436 611 2524 τίς
687 2442 728 2520 5
802 2440 1210 2546 προδώσων
1272 2440 1513 2523 αὐτόν.
1612 2440 1997 2548 ἀπελέγχει
2061 2447 2466 2544 τοιγαροῦν,
2531 2441 2647 2519 καὶ
2669 2476 2707 2516 a
2760 2459 2965 2518 ’133Δ

247 2560 452 2662 μάλα
513 2565 891 2669 χρησίμως
952 2564 1136 2664 μετὰ
1195 2572 1485 2673 σαφοῦς
1546 2563 2149 2670 παραδείγματος,
2210 2568 2305 2649 ὡς
2368 2560 2649 2667 ἀνάγκη

248 2692 462 2767 πᾶσα
519 2690 636 2767 καὶ
683 2692 781 2773 εἶς
829 2687 915 2768 τὸ
960 2696 1090 2769 τοῦ
1134 2694 1327 2770 Θεοῦ
1382 2690 1499 2769 καὶ
1538 2687 1833 2793 Πατρὸς
1887 2691 2175 2769 ἀναθεῖν
2217 2683 2646 2789 πρόσωπον,

249 2812 379 2910 τῆς
415 2815 514 2896 εἶς
550 2808 769 2892 αὐτὸν
803 2812 1181 2916 γενομένης
1219 2811 1505 2917 ἀγάπης
1540 2847 1618 2894 τε
1663 2816 1781 2892 καὶ
1828 2815 2040 2914 τιμῆς
2087 2810 2173 2892 τὸ
2223 2811 2471 2914 πέρας·
2533 2809 2652 2890 καὶ

251 2934 413 3040 οὐχὶ
467 2933 696 3034 δήπου
750 2944 965 3016 τοῦτο
1019 2936 1275 3041 κυρίως
1331 2936 1524 3044 αὐτῷ
1579 2937 1916 3016 δεικνύειν
1969 2932 2269 3033 σκοπὸς,
2323 2930 2514 3038 τάχα
2576 2930 2653 3011 δὲ

144 3094 226 3137 20
253 3064 548 3159 μᾶλλον
596 3057 679 3140 τὸ
734 3059 1070 3145 ἐναντίως
1124 3060 1290 3164 ἕχον
1338 3058 1524 3140 κατὰ
1577 3058 1712 3160 τὴν
1762 3056 2009 3167 δόξαν.
2089 3058 2293 3165 ἀφεὶς
2348 3055 2518 3161 γὰρ,
2556 3058 2654 3140 ὥς

250 3180 449 3280 ἔοικε,
501 3181 586 3263 τὸ
642 3182 867 3292 φάναι
922 3181 1381 3287 γυμνότερον,
1429 3218 1607 3287 οπερ
1663 3182 1935 3286 εἴρηκεν
1985 3183 2062 3263 ἐν
2109 3179 2389 3284 ἑτέροις,
2433 3213 2645 3260 τουτ-

252 3304 457 3387 ἔστιν
516 3316 562 3354 “
585 3308 684 3386 ‘O
748 3304 849 3408 μὴ
912 3312 1143 3405 τιμῶν
1200 3305 1330 3387 τὸν
1383 3304 1565 3388 Υὶὸν
1631 3304 1793 3387 οὐδε
1859 3306 1988 3387 τὸν
2052 3305 2349 3410 Πατέρα
2406 3308 2607 3410 τιμᾷ*
2610 3302 2651 3330 ”
2743 3302 2909 3430 {³23}

253 3429 612 3536 κεχώρηκε
646 3432 1011 3529 μὶὶλλον’
975 3434 1089 3511 επὶ
1133 3428 1219 3512 τὸ
1268 3430 1849 3538 εὐφημότερον,’
1811 3429 2208 3534 επιτρέπων
2241 3435 2391 3513 τοῖς
2426 3430 2644 3530 ἀκρο·
2679 3439 2724 3506 b

255 3553 551 3654 ωμένοις
585 3550 671 3635 τὸ
707 3560 892 3634 νοεῖν
927 3555 1006 3633 ἐκ
1043 3553 1299 3635 τούτου
1334 3554 1420 3634 τὸ
1455 3555 1795 3646 ἐναντίον,
1836 3553 1993 3634 ἐπεί
2028 3587 2138 3633 τοι
2186 3555 2305 3633 καὶ
2354 3553 2654 3650 ἀπειλῆς

149 3711 227 3771 ²5
255 3683 550 3777 μᾶλλον
612 3673 660 3778 ἢ
721 3680 1139 3780 προτροπῆς
1195 3674 1286 3777 ἦν
1342 3679 1383 3757 5
1447 3673 1713 3782 καιρὸς,
1770 3678 1886 3757 ἐπὶ
1950 3674 2197 3779 θύραις
2256 3673 2463 3759 ὄντος
2526 3682 2656 3754 τοῦ

255 3798 741 3900 τολμήματος,
786 3802 906 3880 καὶ
951 3802 1089 3901 ἤδη
1134 3798 1628 3901 μελετωμένης
1675 3804 1804 3900 τῆς
1851 3801 1959 3881 ἐπ’
2007 3802 2201 3907 αὐτῷ
2254 3797 2650 3901 παροινίας

254 3921 603 4024 βεβλήκει
652 3922 798 4028 γὰρ
846 3923 984 4025 ἤδη
1031 3923 1164 4024 τὴν
1198 3923 1538 4031 σκέψιν
1506 3959 1547 4004 ο
1592 3929 1923 4008 Σατανᾶς
1970 3958 2069 4008 εις
2116 3921 2250 4023 τὴν
2285 3930 2415 4003 τοῦ
2463 3956 2648 4025 προ-

257 4043 476 4128 δότου
510 4048 834 4151 καρδίαν.
910 4046 1161 4149 ὥσπερ
1207 4047 1466 4146 τοίνυν,
1504 4050 1834 4195 φησὶν,’
1797 4046 1918 4147 εμὲ
1967 4044 2054 4148 δὴ
2105 4045 2397 4131 πάντως
2443 4045 2661 4126 αὐτὸν

257 4172 378 4250 καὶ
426 4171 562 4276 οὐχ
609 4170 851 4274 ἕτερον
889 4169 1315 4278 ὑποδέξαιτό
1357 4204 1486 4268 τις,
1522 4169 1652 4251 τὸν
1685 4171 1855 4273 παρ’
1896 4173 2070 4271 ἐμοῦ
2106 4170 2661 4270 ἀπεσταλμένον

90 4310 100 4321 ’
152 4330 233 4389 30
259 4297 320 4374 εἰ
355 4292 600 4390 λάβοι·
664 4296 891 4380 οὕτως
939 4296 981 4374 5
1024 4293 1153 4375 τὸν
1187 4294 1388 4400 παρὰ
1425 4300 1619 4376 Θεοῦ
1656 4296 1775 4374 καὶ
1815 4292 2109 4399 Πατρὸς
2144 4293 2661 4375 ἀποσταλέντα

258 4415 666 4525 δεξάμενος,
715 4416 935 4499 αὐτὸν
987 4415 1080 4499 ἀν
1133 4416 1422 4504 εἰκότως
1477 4419 1756 4525 δέχοιτο
1808 4417 1938 4500 τὸν
1975 4418 2295 4522 Πατέρα.
2372 4418 2544 4496 ἀλλ’
2571 4417 2659 4495 ’ἐν
2683 4450 2721 4495 ο

1203 4625 1284 4664 12.
1321 4609 1391 4666 ὥς
1415 4608 1481 4663 Ε.
1507 4609 1591 4663 καὶ
1617 4607 1720 4663 Ed.

345 4708 492 4756 von.
525 4709 601 4755 11.
1414 4711 1453 4776 3
1484 4711 1527 4754 A
