3238 5158
581 341 714 407 216
1178 340 1256 406 B.
1305 337 1726 405 cYRILm
1784 336 2372 404 ALEXANDR.
2829 353 2895 400 x.
2921 353 2988 420 9.

582 501 862 586 ἅπασιν
933 505 1274 613 ἐξουσίαν
1336 512 1818 611 παραχωρεῖν,
1883 507 2002 584 καὶ
2075 502 2194 583 διὰ
2266 506 2393 602 τῆς
2465 500 2692 584 ὅντως
2763 497 2984 601 θύρας

586 627 977 735 εἰστρέχειν
1010 630 1427 734 ἐπείγεσθαι
1462 636 1780 729 μᾶλλον,
1816 625 1863 729 ἢ
1912 634 2062 712 τοῖς
2109 633 2405 707 συλῶσι
2451 622 2984 727 παραπλησίως

585 751 1002 858 ἀλλαχόθεν
1074 755 1482 850 ἀναβαίνειν
1552 756 1929 860 ἐπιχειρεῖν
2001 757 2100 836 εἰς
2171 747 2307 850 τὴν
2376 756 2523 831 τῶν
2591 743 2985 850 προβάτων

587 875 840 978 αὐλήν.

526 1101 565 1159 9
613 1094 797 1172 ἘΙ-ὠ
847 1093 978 1174 εἰμι
1033 1096 1070 1161 ἡ
1130 1096 1311 1187 θύρα·
1389 1095 1461 1163 δι’
1522 1096 1686 1175 ἐμοῦ
1740 1097 1860 1163 ὲάν
1912 1120 2012 1164 τις
2064 1093 2346 1186 εἰσέλθῃ,
2399 1094 2791 1171 σωθήσεται,
2847 1088 2952 1154 καί
3011 1104 3053 1165 5

862 1219 1302 1290 εἰσελεύσεται
1357 1223 1464 1289 καὶ
1515 1224 1950 1305 ἐξελεύσεται,
2005 1223 2112 1290 καὶ
2165 1220 2371 1301 νομὴν
2425 1221 2708 1311 εὑρήσει.

700 1393 894 1488 Ἀπὸ
947 1404 1077 1477 τοῦ
1132 1397 1562 1497 συμβαίνειν
1613 1398 1942 1483 εἰωθότος
2000 1402 2096 1481 εἰς
2155 1396 2455 1498 θεωρίαν
2507 1389 2988 1490 πνευματικὴν

522 1533 567 1598 d
591 1517 914 1624 καθάπερ
968 1521 1057 1628 ἐξ
1109 1523 1432 1624 ἱστορίας
1486 1520 1907 1602 διαπλάττει
1961 1530 2094 1602 τοῦ
2140 1521 2365 1623 λόγου
2415 1518 2499 1599 τὸ
2548 1522 2822 1623 σχῆμα,
2869 1518 2988 1595 καὶ

590 1648 971 1751 μονονουχὶ
1035 1644 1128 1725 τὰ
1190 1646 1266 1725 ἐν
1327 1647 1739 1751 ὀφθαλμοῖς
1806 1647 2220 1747 ἡπλωμένα,
2285 1647 2403 1725 καὶ
2466 1642 2669 1724 οὐδὲν
2731 1640 2989 1746 ἔχοντα
3079 1657 3094 1692 ¹

589 1766 916 1873 χαλεπον
967 1776 1065 1853 εἰς
1121 1768 1562 1876 κατάληψιν,
1612 1768 1848 1851 εἰκόνα
1901 1778 2204 1851 ποιεῖται
2256 1776 2402 1849 τῶν
2445 1766 2980 1874 ἀφανεστέρων.
3021 1801 3108 1844 10

590 1898 659 1971 οἱ
706 1892 837 1993 μὲν
884 1928 1030 1996 γαρ
1082 1893 1408 1991 κλέπται,
1448 1897 1661 2001 φησί,
1699 1899 1816 1975 καὶ
1871 1898 2145 2001 λῃσταὶ
2200 1900 2347 1978 τοῖς
2403 1899 2550 1973 τῶν
2597 1887 2989 1994 προβάτων

591 2024 843 2116 σηκοῖς
915 2016 1172 2118 ἀνέδην
1245 2015 1875 2121 προσβάλλοντες,
1949 2017 2066 2099 διὰ
2151 2052 2283 2116 μεν
2350 2021 2477 2117 τῆς
2556 2016 2778 2119 θύρας
2861 2017 2991 2095 οὐκ

589 2141 1114 2240 εἰσελαύνουσι,
1171 2146 1721 2242 καταπηδῶντες
1783 2143 1859 2224 δε
1915 2144 2351 2248 ἀλλαχόθεν,
2408 2143 2525 2221 καί
2581 2145 2711 2241 τῆς
2765 2141 2991 2240 αὐλῆς

590 2261 674 2344 τὸ
704 2266 1026 2367 θριγκίον
1053 2267 1645 2370 ὑπεραλλόμενοι,
1667 2267 2216 2349 κινδυνεύουσιν.
2275 2268 2550 2346 ἁλῶναι
2585 2265 2729 2369 γὰρ
2763 2264 2993 2365 δήπου

592 2393 710 2467 καὶ
765 2388 1060 2493 σφόδρα
1115 2390 1299 2474 εἰκὸς
1352 2389 1480 2472 τὸν
1529 2393 1717 2473 οὕτω
1772 2392 2247 2500 λῃστεύοντα,
2286 2394 2402 2470 καὶ
2451 2388 2991 2494 ἀπερισκέπτως
3028 2422 3113 2481 15

532 2545 570 2591 e
592 2523 1016 2621 κακουργεῖν
1050 2515 1424 2623 ᾑρημένον,
1461 2523 1527 2598 οἰ
1565 2515 1645 2598 δὲ
1683 2518 1769 2598 δι’
1808 2518 2026 2618 αὐτῆς
2060 2520 2190 2617 τῆς
2222 2513 2444 2619 θύρας
2479 2515 2988 2613 εἰσβαίνοντες,

594 2638 1150 2742 ἀκινδυνοτάτην
1183 2650 1552 2722 ποιοῦνται
1586 2642 1720 2742 τὴν
1747 2641 2156 2746 εἰσδρομὴν,
2185 2643 2313 2723 οὐκ
2349 2674 2622 2740 ασημοι
2658 2638 2997 2739 δηλονότι

592 2762 1089 2870 τυγχάνοντες,
1151 2767 1320 2845 ἀλλ
1384 2765 1544 2846 οὐδὲ
1610 2766 1977 2869 ἄγνωστοι
2042 2770 2145 2874 τῷ
2213 2771 2359 2845 τῶν
2420 2761 2812 2868 προβάτων
2867 2766 2990 2841 δε-

593 2887 864 2996 σπότῃ.
945 2887 1397 2995 εἰστρέχουσι
1436 2888 1580 2993 γὰρ
1617 2890 2075 2993 ἀνοιγνύντος
2110 2891 2350 2974 αὐτοῖς
2385 2896 2514 2968 τοῦ
2548 2894 2704 2972 ταῖς
2748 2887 3044 2991 θύραις

593 3013 1102 3120 ἐφεστηκότος·
1163 3016 1333 3094 ἀλλ’
1376 3019 1441 3094 οἱ
1496 3022 1824 3111 τοιοῦτοι,
1871 3019 2083 3119 φησί,
2123 3012 2558 3094 συνέσονται
2606 3019 2755 3094 τοῖς
2800 3044 2987 3114 προ-
3028 3045 3121 3087 20

594 3137 841 3235 βάτοις
897 3139 975 3218 ἐν
1027 3145 1280 3245 πολλῇ
1334 3140 1712 3247 παῤῥησίᾳ
1768 3136 2269 3239 νομιμωτάτην
2325 3134 2579 3236 ὥσπερ
2635 3137 2751 3214 καὶ
2807 3133 2991 3214 ἀκά-

597 3295 923 3365 κουργον,
962 3267 1081 3342 καὶ
1130 3268 1259 3363 τῆς
1303 3265 1419 3344 ἐπὶ
1469 3262 1554 3343 τὸ
1605 3261 1987 3363 ληστεύειν
2031 3262 2351 3366 ὑποψίας
2401 3259 2999 3362 ἀπηλλαγμένην,

597 3383 729 3485 τὴν
765 3386 1116 3486 εἰσβολὴν
1148 3384 1646 3488 ποιησάμενοι.

712 3507 950 3594 Οὗτος
1000 3545 1134 3610 μεν
1172 3512 1298 3591 οὖν
1334 3516 1463 3610 τῆς
1513 3512 1832 3616 ἱστορίας
1887 3513 1926 3591 ὁ
1977 3509 2225 3594 τύπος·
2286 3509 2884 3614 μεταβιβάζοντες
2920 3508 3001 3590 δὲ

266 3660 399 3719 843
416 3662 498 3719 A.
539 3676 576 3717 a
597 3667 683 3714 το
727 3634 817 3741 ἐξ
863 3636 1080 3734 αὐτῆς
1118 3633 1700 3735 ύποδηλούμενον
1733 3641 1828 3721 εἰς
1867 3634 2227 3740 ὠφελειαν
2259 3633 2743 3735 πνευματικὴν
2776 3633 3003 3715 ἐκεῖνό
3033 3666 3129 3728 25

598 3763 861 3867 φαμεν,
899 3758 1008 3839 ὅτι
1044 3763 1112 3840 οἱ
1146 3757 1248 3859 μὴ
1294 3757 1413 3838 διὰ
1459 3758 1652 3845 θείας
1698 3762 2085 3864 ἐπιτροπῆς
2134 3794 2211 3840 τε
2263 3761 2378 3839 καί
2423 3759 2715 3862 γνώμης
2767 3765 2864 3844 εἰς
2912 3756 3003 3840 τὸ

598 3883 981 3989 κατάρχειν
1053 3890 1255 3964 λαῶν
1325 3886 1855 3982 ἀναβαίνοντες,
1928 3883 2180 3988 ὥσπερ
2253 3889 2352 3968 εἰς
2426 3881 2512 3965 τὸ
2587 3882 2705 3963 διὰ
2777 3881 3006 3988 θύρας

599 4013 954 4089 εἰσελθεῖν
1026 4006 1578 4113 παραιτούμενοι
1649 4005 1941 4092 πάντως
2012 4006 2245 4108 δήπου
2327 4010 2446 4087 καί
2524 4010 3000 4107 ἀπολοῦνται,

670 4225 725 4280 5·
762 4208 1058 4282 σωθήσεται
1082 4211 1387 4268 emendavit
1412 4212 1595 4267 Holst.
1621 4209 1896 4266 ἐλεύσεται
1922 4209 1990 4266 Β.
2322 4227 2407 4265 12.
2442 4208 2627 4280 ἀνέδην
2649 4209 2697 4264 Β
2703 4228 2769 4266 ,8.
2792 4209 3010 4280 ἀναίδην

608 4298 707 4354 Ht.
732 4298 837 4354 Ed.
992 4311 1078 4390 ιι.
1113 4299 1507 4371 ἀκινδυνοτάτην
1527 4300 1733 4355 correxi
1758 4318 1824 4355 ex
1847 4318 1896 4355 8.
1922 4297 2296 4369 ἀκινδυνωτιίτη
2299 4320 2329 4353 ν
2352 4297 2458 4355 Ed.
2618 4298 2702 4355 18.
2738 4298 3010 4370 ἄγνωστοι

603 4368 749 4425 Aub.
731 4379 828 4494 met
850 4369 925 4425 ita
947 4387 996 4425 8.
1021 4374 1448 4454 αγνωτοστοτοῦν
1472 4370 1539 4428 Β.
1565 4370 1807 4441 ἀγνώτως
1828 4374 1902 4455 τῷ
1926 4376 2030 4425 τῶν
2053 4370 2148 4425 Ht.
2293 4385 2381 4425 22.
2405 4367 2493 4441 τὸ]
2517 4372 2589 4442 τῷ
2612 4386 2661 4423 8.
2807 4369 2894 4423 26.
2920 4368 3009 4422 ὅτι

854 4439 897 4495 it
918 4458 949 4495 e
975 4440 1094 4497 Cat.
1120 4451 1183 4497 ut
1206 4440 1634 4499 vid.Aub.01
1657 4459 1766 4497 om.
1794 4443 2003 4526 Migne.
2208 4455 2294 4513 27.
2331 4440 2405 4498 εἰς
2426 4444 2487 4496 τὸ
2512 4441 2597 4495 διὰ
2619 4439 2780 4509 θύρας
2805 4439 2872 4495 Β.
2901 4438 3010 4495 Ht.

600 4512 652 4566 οἱ
663 4457 784 4566 ram
807 4512 860 4566 ιὰ
890 4511 1023 4582 θύρα
1025 4535 1051 4570 ς
1083 4534 1148 4585 γε
1182 4531 1213 4568 ο
1249 4512 1368 4568 Cat.
1400 4512 1555 4567 Harl.
1578 4512 1723 4569 Aub.
1748 4513 1843 4587 qui
1866 4512 2029 4569 verba
2054 4509 2475 4581 λων-δήπου
2461 4530 2519 4567 m
2553 4510 2865 4583 apographo
2901 4527 3011 4566 suo

603 4582 787 4638 deesse
810 4534 1047 4640 adnotat.
1071 4606 1133 4657 γε
1158 4601 1268 4639 non
1292 4583 1454 4639 habet
1476 4602 1524 4638 a.
