3238 5158
594 334 726 400 686
1206 342 1285 407 Β.
1333 342 1759 408 CYRILLI
1818 342 2398 408 ALEXANDR.
2677 337 2838 401 xvii.
2867 335 3023 400 6-8.

827 501 942 531 tn
1039 507 1058 531 ξ
1127 511 1159 529 Α

624 502 900 587 6ἐστιν.
1025 539 1200 613 ορᾳς
1254 506 1449 592 ὅπως
1502 507 1919 612 ἠρνήσαντο
1975 507 2107 609 τὴν
2161 504 2610 604 ἀποστολὴν,
2668 505 2767 586 ὡς·
2836 500 3022 599 μηδὲ

265 640 399 694 965
418 637 497 693 A·
541 650 579 691 a
601 622 851 706 εἰδέναι
884 628 1106 709 πόθεν
1143 632 1344 712 ἐστὶν
1380 631 1879 738 ἀναισχύντως
1912 635 2361 739 ἀναφωνεῖν;
2420 629 2530 711 ὅτι
2586 626 2664 707 δὲ
2713 628 2837 706 καὶ
2883 622 3020 723 τὴν

601 748 911 853 ἅῤῥητον
971 754 1189 834 αὐτοῦ
1254 758 1372 836 καὶ
1433 756 1864 859 προαιῶνιον
1926 756 2289 859 γε’ννησιν,
2349 756 2537 862 φημὶ
2600 749 2679 832 δὲ
2741 749 2883 850 τὴν
2939 752 3020 829 ἐκ

601 878 795 954 Θεοῦ
865 876 1158 980 Πατρὸς
1219 879 1349 959 οὐκ
1410 878 1739 985 ἐδέχοντο
1799 879 2093 981 πολλὴν
2163 887 2549 962 νοσοῦντες
2612 874 3020 973 ἀθλιότητα

600 1006 1003 1099 λογισμῶν,
1039 1006 1160 1081 καὶ
1195 1036 1449 1106 ωσπερ
1485 1007 1624 1084 τινὶ
1655 1005 1843 1084 λίθω
1875 1005 2416 1107 περιπταίοντες
2452 1000 2571 1082 διὰ
2612 999 2848 1097 μόνην
2881 995 3018 1096 τὴν
3039 1025 3076 1082 5

599 1122 1163 1225 ἐνανθρῶπησιν,
1227 1127 1867 1233 πληροφορηθήσῃ
1937 1125 2328 1235 ῥαδίως,”
2287 1160 2464 1208 οταν
2527 1123 2818 1227 ἀκούσῃ
2881 1121 3007 1199 λε’-

265 1239 432 1353 {ufgf
601 1278 856 1347 γοντος
888 1256 1019 1327 τοῦ
1053 1249 1608 1353 Εὖαγγελιστοῦ
1644 1262 1689 1299 66
1717 1254 1866 1332 Καὶ
1900 1252 2021 1332 διὰ
2054 1259 2268 1332 τοῦτο
2305 1250 2433 1330 οὖν
2468 1246 2757 1352 ἐζήτουν
2794 1242 3016 1324 αὐτὸν

603 1380 645 1415 66
684 1375 751 1451 οἱ
791 1370 1122 1453 Ἰουδαῖοι
1175 1377 1603 1474 ἀποκτεῖναι,
1651 1374 1759 1456 ὅτι
1816 1377 1901 1455 οὐ
1955 1374 2177 1474 μόνον
2223 1372 2390 1455 ἔλυε
2445 1371 2530 1452 τὸ
2588 1368 3010 1464 σάββατον,

603 1503 646 1540 66
686 1493 888 1574 ἀλλὰ
924 1499 1041 1576 καὶ
1078 1498 1374 1602 Πατέρα
1408 1498 1587 1579 ἴδιον
1625 1497 1830 1603 ἐ’λεγε
1874 1497 2006 1604 τὸν
2042 1497 2254 1597 Θεὸν,
2290 1497 2458 1578 ἴσον
2493 1492 2748 1576 ἑαυτὸν
2785 1498 3020 1573 ποιῶν

605 1620 787 1726 66Τῷ
842 1618 1081 1727 3⁶5⁶„
1154 1620 1699 1726 ἀναγέγραπται
1762 1621 1840 1704 δὲ
1904 1627 2020 1704 καὶ
2074 1629 2221 1704 τῶν
2275 1622 2592 1701 ἀνοσίων
2641 1618 3020 1697 Ἰουδαίων
3045 1652 3126 1694 ιο

262 1734 426 1864 ΞῨῙΞΞ
533 1613 814 1846 ι,φωνὴ
851 1742 1038 1848 πρὸς
1072 1744 1293 1826 αὐτόν
1328 1757 1373 1793 66
1396 1749 1581 1850 Περι
1617 1748 1925 1827 καλοῦ”
1879 1781 2094 1849 εργου
2129 1749 2215 1826 οὐ
2250 1742 2633 1846 λιθάζομέν
2669 1774 2782 1838 σε,
2813 1739 3022 1820 ἀλλὰ

604 1871 848 1970 66περὶ
902 1869 1511 1977 βλασφημίας,”
1471 1905 1583 1952 οτι
1647 1906 1750 1951 συ
1810 1871 2186 1974 ἅνθρωπος
2252 1905 2355 1950 ων
2406 1875 2631 1953 ποιεῖς
2698 1897 3023 1946 σεαυτον

602 2001 646 2036 66
685 1989 946 2071 Θεόν.”
1016 2001 1283 2078 συνιεῖς
1333 1995 1552 2076 οὖν’
1496 2030 1641 2094 αρα
1691 1999 1809 2076 καὶ
1859 1993 2067 2096 μα’λα
2114 2000 2400 2101 σαφῶς,
2436 1996 2534 2077 ὦς
2582 1994 2652 2072 οἱ
2700 1988 2836 2091 μὲν
2871 1996 3023 2068 τῶν

602 2112 850 2217 λόγων
886 2123 1032 2197 τῶν
1068 2120 1237 2221 παρ’
1275 2119 1497 2199 αὐτοῦ
1533 2117 1942 2223 γεγονότων
1976 2118 2269 2222 γνήσιοι
2303 2119 2631 2226 φύλακες
2663 2149 3016 2212 συνωμο-

601 2234 941 2340 λόγησάν
975 2273 1054 2320 τε
1092 2243 1211 2321 καὶ
1245 2243 1843 2342 πεπιστεύκασιν,
1874 2246 1973 2329 ὡς
2008 2242 2392 2348 ἀνέλαμψε
2429 2239 2559 2335 μὲν
2585 2241 2664 2320 ἐκ
2696 2238 3020 2341 Πατρός·
3051 2269 3126 2326 15

601 2368 814 2441 τοῦτο
863 2361 1008 2467 γὰρ
1058 2360 1254 2463 οἶμαι
1302 2365 1389 2446 τό
1431 2364 1741 2475 Ἐξῆλθον
1779 2372 2075 2468 δηλοῦν·
2143 2368 2259 2446 καὶ
2317 2367 2774 2447 ἀπέσταλται
2830 2361 3024 2466 πρὸς

267 2480 352 2530 Pa.
382 2479 430 2529 ii.
459 2490 501 2541 7.

603 2486 788 2587 ἡμᾶς
849 2497 892 2534 66
923 2485 1386 2593 διαγγέλλων
1443 2489 1526 2571 τὸ
1601 2489 2052 2596 πρόσταγμα
2121 2490 2450 2594 Κυρίου,”
2520 2486 2706 2568 κατὰ
2777 2486 2869 2567 τὸ
2941 2490 3023 2566 ἐν

609 2617 939 2718 ψαλμοῖς
990 2616 1374 2720 εἰρημένον·
1437 2622 1503 2697 οἱ
1550 2617 1626 2696 δὲ
1676 2617 1805 2697 τὸν
1841 2620 2028 2698 οὕτω
2077 2614 2268 2697 θεῖόν
2310 2649 2386 2697 τε
2431 2617 2549 2695 καὶ
2599 2615 2680 2693 ἐκ
2721 2611 3024 2716 Harpas-

551 2767 589 2810 ο
612 2736 1171 2838 διαγελάσαντες
1208 2739 1456 2841 λόγον,
1493 2738 2046 2845 συνηρνήσαντο
2083 2739 2215 2841 τὴν
2250 2739 2523 2835 πίστιν,
2560 2740 2678 2817 καὶ
2723 2735 3016 2838 ἀπειρή-

611 2895 828 2942 κασιν
892 2865 1230 2967 ἐναργῶς,
1290 2863 1403 2944 ὅτι
1467 2863 1654 2948 Θεός
1715 2898 1794 2944 τε
1854 2864 1961 2964 εἴη
2020 2868 2136 2945 καὶ
2197 2866 2274 2944 ἐκ
2337 2861 2650 2965 Πατρὸς,
2707 2863 2826 2940 καὶ
2886 2865 3020 2960 τῆς
3049 2897 3129 2936 20

610 2986 952 3090 ἡμετέρας
1025 2986 1228 3067 ἕνεκα
1299 2990 1666 3092 σωτηρίας
1739 2993 1834 3074 ὡς
1898 2990 2085 3089 ἡμᾶς
2149 2988 2565 3094 ἀφιγμένος,
2630 2984 2816 3083 μετὰ
2885 2993 3021 3065 τοῦ

612 3107 947 3208 γενέσθαι
991 3111 1157 3191 καθ’
1195 3111 1382 3211 ἡμᾶς
1432 3115 1650 3217 χωρὶς
1703 3112 2078 3216 ἁμαρτίας.
2158 3111 2442 3194 δικαίως
2492 3110 2619 3189 οὖν
2663 3109 2806 3211 ἄρα
2851 3107 3022 3195 τοὺς

609 3230 925 3335 ἀγαθοὺς
983 3236 1102 3315 καὶ
1163 3235 1510 3338 γνησίους
1561 3240 1680 3317 καὶ
1739 3235 1874 3338 τὴν
1931 3241 2058 3337 τῆς
2112 3239 2360 3342 ψυχῆς
2414 3232 2638 3333 ἀκοὴν
2690 3235 3012 3315 εὐπειθε-

607 3356 880 3462 στέραν
935 3358 1327 3443 ὑποθέντας
1379 3360 1575 3468 αὐτῷ
1630 3361 2099 3466 παρατίθεται
2158 3366 2265 3468 τῷ
2325 3364 2494 3467 Θεῷ
2556 3359 2676 3437 καὶ
2743 3361 3014 3461 Πατρὶ,

607 3487 754 3561 τῶν
825 3482 927 3583 μὴ
1000 3483 1345 3564 τοιούτων
1374 3588 1383 3593 Π
1409 3483 1930 3586 ἀμνημονήσας
2000 3490 2396 3581 παντελῶς,
2458 3481 2546 3562 ἵν’
2622 3481 2803 3585 ὅπερ
2875 3483 3021 3589 ἔφη
3048 3514 3124 3574 ²5

612 3603 953 3707 φαίνηται
1007 3606 1265 3714 σαφὲς,
1302 3610 1382 3688 ἐκ
1428 3615 1574 3689 τῶν
1618 3610 1783 3689 καθ’
1824 3608 2008 3709 ἡμᾶς
2054 3606 2460 3715 ἀρξάμενον
2507 3603 2813 3712 χρόνων.
2901 3614 3020 3690 καὶ

271 3728 524 3859 {m}-
613 3728 691 3806 τί
744 3727 834 3827 δὴ
898 3731 1112 3811 τοῦτό
1172 3734 1384 3828 ἐστι;
1475 3742 1519 3780 66
1547 3737 1711 3817 Πᾶς
1770 3733 1898 3813 οὖν
1957 3730 2162 3815 ὅστις
2220 3729 2664 3834 ὁμολογήσει
2730 3731 2809 3809 ἐν
2865 3733 3022 3829 ἐμοὶ

543 3877 586 3941 d
613 3860 659 3898 ‘⁶
694 3850 1106 3955 ἔμπροσθεν
1178 3862 1326 3935 τῶν
1393 3855 1817 3960 ἀνθρώπων,
1891 3852 2334 3958 ὁμολογήσω
2405 3854 2605 3957 κάγὼ
2678 3854 2756 3933 ἐν
2829 3855 3026 3960 αὐτῷ

611 3973 1110 4075 66ἕμπροσθεν
1143 3986 1274 4059 τοῦ
1312 3977 1607 4083 Πατρός
1644 4015 1785 4077 μου
1817 3988 1949 4060 τοῦ
1983 3983 2059 4061 ἐν
2092 3986 2245 4063 τοῖς
2282 3980 2630 4083 οὐρανοῖς·
2691 3975 2900 4062 ὅστις
2947 3982 3019 4058 δ’

691 4095 785 4178 ἀν
838 4099 1252 4203 ἀρνήσηταί
1303 4137 1392 4201 με
1459 4102 1877 4207 ἔμπροσθεν
1928 4110 2077 4184 τῶν
2131 4101 2554 4206 ἀνθρώπων,
2612 4098 3024 4204 ἀρνήσομαι
3049 4133 3126 4192 30

612 4220 896 4327 66κάγω
970 4221 1190 4304 αὐτον
1255 4225 1669 4329 εμπροσθεν
1741 4235 1871 4308 τοῦ
1948 4222 2241 4330 Πατρός
2315 4260 2457 4326 μου
2527 4232 2655 4306 τοῦ
2726 4227 2804 4304 ἐν
2874 4233 3026 4310 τοῖς

688 4410 732 4449 1.
773 4391 1034 4484 ἠρνήσατο
1061 4393 1125 4449 Ε.
1312 4410 1393 4485 17.
1433 4395 1517 4450 δια
1589 4397 1764 4454 έλλων
1789 4397 1855 4454 Ε.
1881 4408 1935 4453 et
1959 4399 2033 4453 ita
2055 4395 2306 4452 emendat
2330 4395 2536 4466 Migne.
2562 4392 2627 4449 δι’
2652 4393 2894 4466 ἀγγέλου
2919 4394 3025 4450 Ed.

613 4482 700 4531 24.
737 4465 1073 4577 παρεξιιτίθεται
1099 4464 1164 4522 Ε.
1189 4466 1506 4537 περιτιθεται
1583 4467 1637 4523 (1.
2074 4485 2159 4540 29.
2196 4469 2304 4524 τοῖς
2329 4466 2819 4536 om.E.cs.sup1-a
2847 4466 2950 4537 263
2976 4483 3025 4521 c.

612 4602 704 4656 30.
742 4585 868 4657 ἀρνη
896 4587 983 4656 ε’με
1014 4586 1079 4641 Ε.
