3238 5158
612 316 745 387 466
1021 337 1026 342 “
1220 329 1301 395 Β.
1348 326 1767 395 CYRILLI
1828 326 2410 393 ALEXANDR.
2632 325 2771 389 xiv·
2803 321 2916 399 16,
2947 334 3053 400 17.

617 489 810 589 ὅμως·
854 490 987 593 τὴν
1025 494 1101 574 ἐν
1137 500 1283 579 τοῖς
1320 494 1491 575 καθ’
1530 493 1740 594 ἡμᾶς,
1776 498 1875 579 εἷς
1913 493 2048 592 τὴν
2084 500 2231 574 τῶν
2269 490 2446 593 ὑπὲρ
2482 497 2709 571 ταῦτα
2753 498 3061 588 πληρο-

618 617 881 720 φορίαν
919 615 1303 724 δεχόμενοι,
1341 615 1667 722 καθάπερ
1719 618 1798 697 ἐν
1840 616 2178 727 ἐσόπτρῳ
2235 619 2353 697 καὶ
2403 618 2480 696 ἐν
2523 615 2910 718 αἰνίγματι
2965 606 3065 689 τὰ

621 744 777 820 θεῖα
814 750 1111 840 νοοῦμεν
1143 740 1535 847 μυστήρια.

564 940 600 983 Θ

528 1046 598 1103 16
631 1021 821 1128 Kd'scb
847 1051 1199 1143 ἐρωτήσω
1252 1053 1365 1121 τὸν
1400 1053 1690 1142 Πατέρα,
1727 1051 1834 1118 καὶ
1889 1052 2095 1118 ἄλλον
2139 1054 2564 1141 παράκλητον
2608 1045 2823 1115 δώσει
2880 1042 3064 1128 ὑμῖν,

527 1177 596 1240 17
727 1178 835 1244 ἴνα
892 1174 930 1271 ᾗ
986 1180 1128 1256 μεθ’
1172 1179 1353 1257 ὑμῶν
1404 1174 1498 1244 εἷο
1552 1179 1667 1246 τὸν
1719 1175 1954 1259 αἰῶνα,
1998 1178 2075 1245 τὸ
2131 1182 2382 1254 πνεῦμα
2437 1183 2553 1243 τῆς
2606 1172 2975 1254 ἀληθείας,
3024 1174 3119 1238 ὃ5

726 1304 764 1372 ὁ
804 1306 1043 1383 κόσμος
1080 1305 1156 1371 οὐ
1196 1304 1464 1371 δύναται
1501 1300 1747 1387 λαβεῖν,
1783 1305 1886 1371 ὅτι
1922 1304 1998 1369 οὐ
2039 1302 2280 1393 θεωρεῖ
2319 1302 2479 1369 αὐτὸ
2526 1300 2683 1367 οὐδὲ
2731 1299 3065 1375 Γινώσκει

729 1429 909 1497 αὐτό·
969 1427 1150 1509 ὑμεῖς
1204 1429 1554 1507 Γινώσκετε
1609 1428 1795 1512 αὐτὸ,
1832 1433 1934 1499 ὅτι
1987 1429 2133 1519 παρ’
2181 1424 2326 1508 ὑμῖν
2373 1430 2555 1506 μένει
2611 1426 2719 1492 καὶ
2776 1426 2855 1492 ἒν
2903 1422 3059 1503 ὑμῖν

726 1555 929 1622 ἔσταμ

738 1726 1171 1830 Ἀναμίσγει
1220 1726 1447 1808 πάλιν
1482 1734 1584 1837 τῷ
1635 1734 2021 1832 θεοπρεπεΐ
2068 1728 2175 1809 τὸ.
2203 1727 2675 1832 ἀνθρώπινον,
2711 1727 2839 1805 καὶ
2886 1726 3061 1806 οὔτε

627 1885 811 1954 προς
847 1885 1160 1955 ακρατον
1195 1854 1554 1960 ἀναφοιτᾷ
1604 1857 1736 1954 τῆς
1785 1854 2119 2007 θεότητος
2175 1852 2424 1961 δόξαν,
2466 1852 2626 1932 οὔτε
2669 1847 2823 1949 μὴν
2861 1850 3054 1930 ὁλο-
3086 1879 3147 1920 10

631 1972 919 2076 κλήρως
953 1982 1101 2060 τοῖς
1144 1980 1272 2077 τῆς
1309 1975 1865 2079 ἀνθρωπότητος
1899 1978 2184 2080 μέτροις
2218 1980 2724 2084 ἐμφιλοχωρεΐ,
2763 1973 3059 2079 ἔρχεται

298 2115 436 2171 809
456 2114 535 2169 A·
573 2128 611 2168 a
634 2096 709 2178 δὲ
768 2098 854 2179 δι’
900 2101 1174 2206 ἀμφοῖν
1231 2099 1666 2209 παραδόξως
1721 2136 1797 2182 τε
1859 2100 2008 2200 ἅμα
2065 2105 2181 2183 καὶ
2241 2099 2711 2204 κεκραμένως,
2752 2099 3057 2202 ἐπείπερ

633 2223 836 2301 ἐστιν
870 2224 946 2302 ἐν
981 2224 1218 2330 ταύτῷ
1257 2226 1443 2310 Θεός
1481 2260 1554 2306 τε
1594 2233 1714 2306 καὶ
1752 2226 2154 2330 ἅνθρωπος.
2237 2224 2424 2311 Θεος
2460 2223 2591 2324 μὲν
2624 2221 2773 2327 γὰρ
2824 2221 2925 2325 ἦν
2962 2228 3055 2330 τῇ

635 2345 875 2454 φύσει,
897 2349 1275 2452 καθόπερ’
1237 2383 1316 2428 εκ
1345 2346 1638 2451 Πατρος
1677 2384 1952 2452 καρπος
1986 2353 2105 2429 καὶ
2141 2349 2594 2453 ἀπαύγασμα
2627 2351 2758 2447 τῆς
2789 2347 3055 2431 οὐσίας

634 2471 876 2551 αὐτοῦ·
975 2470 1354 2577 ἅνθρωπος
1425 2473 1502 2553 δὲ
1576 2474 1824 2572 πάλιν,
1901 2472 2082 2555 καθὸ
2162 2474 2413 2579 γε’γονε
2486 2471 2710 2578 σάρξ.
2834 2477 3063 2551 λαλεῖ
3079 2497 3144 2557 15

629 2604 1016 2701 τοιγαροῦν
1070 2600 1167 2682 ὡς
1223 2598 1412 2684 Θεός
1478 2633 1558 2679 τε
1626 2602 1806 2699 ὁμοῦ
1872 2602 1989 2680 καὶ
2051 2599 2451 2704 ἅνθρωπος,
2505 2600 2692 2678 οὕτω
2749 2596 2907 2701 γὰρ
2966 2595 3055 2698 ἦν

632 2725 944 2825 τηρῆσαι
1002 2729 1247 2807 καλῶς
1299 2729 1392 2829 τῇ
1447 2721 1632 2823 μετὰ
1681 2722 1958 2827 σαρκὸς
2014 2725 2375 2831 οἰκονομίᾳ
2425 2722 2588 2806 τοῦς
2636 2721 3055 2824 πρέποντας

634 2846 923 2949 λόγους.
1025 2846 1225 2948 πλὴν
1284 2846 1503 2928 ἐκεῖνό
1570 2855 1814 3005 φαμεν
1876 2846 2011 2949 τὴν
2065 2856 2193 2928 τοῦ
2249 2845 2714 2950 προκειμένου
2771 2850 3049 2949 διερευ-

639 2976 895 3054 νῶντες
950 2969 1273 3072 δύναμιν·
1328 2971 1437 3051 ὅτι
1486 2975 1600 3052 καὶ
1655 2980 1780 3053 νῦν
1819 2974 1859 3052 5
1902 2971 2168 3076 Κύριος
2222 2973 2424 3071 ἡμῶν
2458 2970 2868 3074 ἀναγκαίως
2921 2970 3057 3072 τὴν

638 3097 801 3197 περὶ
835 3103 965 3175 τοῦ
994 3099 1187 3176 Θεοῦ
1224 3130 1341 3176 και
1386 3096 1680 3200 Πατρὸς
1716 3095 2158 3196 εἶσκεκόμικε
2192 3095 2501 3198 μνήμην,
2529 3102 2627 3181 εἷς
2662 3096 3055 3198 οἰκοδομὴν
3078 3127 3143 3170 ²0

575 3237 621 3303 b
641 3222 771 3320 τῆς
803 3220 1119 3305 πίστεως
1169 3223 1285 3302 καὶ
1332 3229 1427 3305 εἰς
1464 3218 1548 3302 τὸ
1586 3220 1888 3327 σφόδρα
1922 3220 2302 3305 λυσιτελὲς
2345 3229 2494 3307 τοῖς
2536 3221 3052 3325 ἀκροωμένοις,

643 3341 964 3446 καθάπερ
1020 3345 1146 3425 οὖν
1189 3344 1547 3452 ἀποδείξει
1598 3346 1871 3447 προῖὼν
1915 3346 1958 3425 5
2008 3343 2256 3449 λόγος.
2337 3343 2575 3445 ἐπειδὴ
2630 3344 2776 3449 γὰρ
2833 3352 3059 3427 αἰτεῖν

305 3456 474 3574 ἓὲῐζῗ
469 3537 519 3589 4·
644 3467 828 3566 ἡμᾶς
864 3465 1239 3548 ἐκέλευσεν
1274 3471 1390 3551 ἐπὶ
1427 3475 1530 3577 τῷ
1580 3469 1879 3570 ὀνόματι
1929 3470 2168 3569 αὐτοῦ,
2203 3473 2320 3549 καὶ
2369 3467 2498 3549 τὸν
2531 3476 2677 3553 τοῖς
2726 3471 3060 3577 ἀρχαίας

644 3588 974 3690 ἀσυνήθη
1018 3590 1287 3695 τρόπον
1320 3599 1447 3694 τῆς
1498 3597 1912 3700 προσευχῆς
1966 3590 2148 3692 μετὰ
2196 3600 2342 3674 τῶν
2377 3595 2632 3674 ἄλλων
2668 3593 3054 3693 ἐθέσπισε,

644 3714 907 3795 δώσειν
961 3715 1710 3819 κατεπαγγειλάμενος
1785 3720 1904 3798 καὶ
1967 3716 2174 3817 μάλα
2235 3719 2644 3822 προθύμως,
2701 3717 2891 3824 ἅπερ
2968 3720 3059 3801 ἂν
3080 3748 3147 3809 ²⁵

644 3838 1001 3937 ἐθέλωμεν
1055 3848 1335 3933 λαβεῖν·
1405 3841 1522 3922 ἵνα
1575 3839 1679 3943 μὴ
1739 3840 1979 3943 δοκοίη
2036 3841 2153 3921 διὰ
2206 3842 2479 3922 τούτων
2533 3839 2619 3923 τὸ
2673 3851 2804 3923 τοῦ
2865 3849 3061 3927 Θεοῦ

646 3965 765 4043 καὶ
804 3961 1095 4067 Πατρὸς
1128 3971 1626 4068 παρωθεῖσθαι
1663 3967 2083 4071 πρόσωπον,
2120 3968 2343 4070 ἤγουν
2378 3974 2889 4072 παραιρεῖσθαι
2923 3968 3061 4070 τὴν

592 4121 630 4166 ο
649 4096 777 4168 τοῦ
820 4087 1145 4174 τεκόντος
1197 4090 1415 4172 αὐτὸν
1452 4091 1810 4199 ἐξουσίαν,
1848 4090 1981 4192 τὴν
2017 4094 2131 4173 ἐπὶ
2178 4099 2333 4177 ταῖς
2379 4098 2525 4172 τῶν
2560 4093 2788 4194 ἁγίων
2824 4100 3057 4199 φιλο·

647 4214 905 4310 τιμίαις
990 4218 1196 4322 φημὶ,
1270 4216 1639 4321 χρήσιμον
1720 4213 1939 4298 αὐτὸν
2007 4213 2476 4322 συγχορηγὸν
2548 4216 2857 4297 ἔσεσθαι
2939 4222 3063 4300 καὶ

719 4511 769 4564 7.
806 4493 972 4566 ὖμεις]
1006 4500 1063 4560 -i-
1094 4494 1151 4549 δὲ
1178 4494 1281 4549 Ed.
1306 4495 1475 4551 invito
1501 4496 1988 4554 E.12.
2022 4497 2375 4569 κεκρυμμένους
2398 4515 2446 4553 c.
2474 4495 2640 4555 Cord-
2667 4506 2729 4554 ut
2752 4497 2989 4558 adnotat
3009 4513 3063 4559 et

648 4565 794 4621 Aub.
1011 4582 1096 4621 22.
1134 4564 1225 4622 οὖν
1246 4576 1589 4639 assumptum
1615 4584 1682 4623 ex
1708 4567 1774 4623 Ε.
