<?xml version="1.0" encoding="UTF-8"?>
<!DOCTYPE html PUBLIC "-//W3C//DTD XHTML 1.0 Transitional//EN"
    "http://www.w3.org/TR/xhtml1/DTD/xhtml1-transitional.dtd">
<html xmlns="http://www.w3.org/1999/xhtml" xml:lang="en" lang="en">
 <head>
  <title>
</title>
<meta http-equiv="Content-Type" content="text/html;charset=utf-8" />
  <meta name='ocr-system' content='tesseract 3.04.00' />
  <meta name='ocr-capabilities' content='ocr_page ocr_carea ocr_par ocr_line ocrx_word'/>
</head>
<body>
  <div class='ocr_page' id='page_1' title='image "./sanctipatrisnos03pusegoog_0661.png"; bbox 0 0 3238 5158; ppageno 0'>
   <div class='ocr_carea' id='block_1_1' title="bbox 154 373 2579 455">
    <p class='ocr_par' dir='ltr' id='par_1_1' title="bbox 154 373 2579 455">
     <span class='ocr_line' id='line_1_1' title="bbox 154 373 2579 455; baseline 0.002 -20"><span class='ocrx_word' id='word_1_1' title='bbox 154 373 298 437; x_wconf 83' lang='lat' dir='ltr'><strong>xvi.</strong></span> <span class='ocrx_word' id='word_1_2' title='bbox 323 373 425 451; x_wconf 84' lang='lat'>26,</span> <span class='ocrx_word' id='word_1_3' title='bbox 448 389 550 455; x_wconf 84' lang='lat'>27.</span> <span class='ocrx_word' id='word_1_4' title='bbox 598 374 712 438; x_wconf 93' lang='lat' dir='ltr'>IN</span> <span class='ocrx_word' id='word_1_5' title='bbox 773 374 840 441; x_wconf 87' lang='lat' dir='ltr'>S.</span> <span class='ocrx_word' id='word_1_6' title='bbox 887 374 1408 441; x_wconf 85' lang='lat' dir='ltr'>JOANNEM.</span> <span class='ocrx_word' id='word_1_7' title='bbox 1498 376 1693 442; x_wconf 88' lang='lat' dir='ltr'><strong>LIB.</strong></span> <span class='ocrx_word' id='word_1_8' title='bbox 1741 378 1865 442; x_wconf 89' lang='lat' dir='ltr'>XI.</span> <span class='ocrx_word' id='word_1_9' title='bbox 1956 379 2157 443; x_wconf 91' lang='lat' dir='ltr'>CAP.</span> <span class='ocrx_word' id='word_1_10' title='bbox 2206 379 2302 444; x_wconf 92' lang='grc' dir='ltr'>ΙΙ.</span> <span class='ocrx_word' id='word_1_11' title='bbox 2451 379 2579 441; x_wconf 80' lang='grc'>649</span> 
     </span>
    </p>
   </div>
   <div class='ocr_carea' id='block_1_2' title="bbox 27 536 2642 2387">
    <p class='ocr_par' dir='ltr' id='par_1_2' title="bbox 156 536 2578 767">
     <span class='ocr_line' id='line_1_2' title="bbox 156 536 2578 645; baseline 0.001 -28"><span class='ocrx_word' id='word_1_12' title='bbox 156 536 501 637; x_wconf 79' lang='grc' dir='ltr'>οἶήσαιτο</span> <span class='ocrx_word' id='word_1_13' title='bbox 537 537 784 638; x_wconf 79' lang='grc' dir='ltr'>πάλιν,</span> <span class='ocrx_word' id='word_1_14' title='bbox 820 539 867 642; x_wconf 83' lang='grc' dir='ltr'>ἢ</span> <span class='ocrx_word' id='word_1_15' title='bbox 905 543 1023 620; x_wconf 85' lang='grc' dir='ltr'>καὶ</span> <span class='ocrx_word' id='word_1_16' title='bbox 1060 542 1476 640; x_wconf 83' lang='grc' dir='ltr'>ἀμαθαίνων</span> <span class='ocrx_word' id='word_1_17' title='bbox 1512 543 1672 643; x_wconf 86' lang='grc' dir='ltr'>ἐρεῖ,</span> <span class='ocrx_word' id='word_1_18' title='bbox 1710 546 1804 627; x_wconf 85' lang='grc' dir='ltr'>ὡς</span> <span class='ocrx_word' id='word_1_19' title='bbox 1838 545 1992 624; x_wconf 84' lang='grc' dir='ltr'>κατ’</span> <span class='ocrx_word' id='word_1_20' title='bbox 2024 543 2273 624; x_wconf 74' lang='grc' dir='ltr'>οὐδένα</span> <span class='ocrx_word' id='word_1_21' title='bbox 2309 540 2578 645; x_wconf 82' lang='grc' dir='ltr'>τρόπον</span> 
     </span>
     <span class='ocr_line' id='line_1_3' title="bbox 157 661 2576 767; baseline 0.003 -25"><span class='ocrx_word' id='word_1_22' title='bbox 157 661 554 763; x_wconf 83' lang='grc' dir='ltr'>δεήσονται</span> <span class='ocrx_word' id='word_1_23' title='bbox 609 663 741 763; x_wconf 79' lang='grc' dir='ltr'>μὲν</span> <span class='ocrx_word' id='word_1_24' title='bbox 786 667 862 745; x_wconf 85' lang='grc' dir='ltr'>ἐν</span> <span class='ocrx_word' id='word_1_25' title='bbox 896 671 1045 750; x_wconf 87' lang='grc' dir='ltr'>τοῖς</span> <span class='ocrx_word' id='word_1_26' title='bbox 1102 663 1265 746; x_wconf 87' lang='grc' dir='ltr'>καθ’</span> <span class='ocrx_word' id='word_1_27' title='bbox 1309 665 1597 749; x_wconf 79' lang='grc' dir='ltr'>ἑαυτοὺς</span> <span class='ocrx_word' id='word_1_28' title='bbox 1646 672 1773 767; x_wconf 85' lang='grc' dir='ltr'>τῆς</span> <span class='ocrx_word' id='word_1_29' title='bbox 1823 676 1952 748; x_wconf 92' lang='grc' dir='ltr'>τοῦ</span> <span class='ocrx_word' id='word_1_30' title='bbox 1987 673 2169 748; x_wconf 80' lang='grc' dir='ltr'>Υὶοῦ</span> <span class='ocrx_word' id='word_1_31' title='bbox 2216 669 2576 766; x_wconf 89' lang='grc' dir='ltr'>μεσιτείας</span> 
     </span>
    </p>

    <p class='ocr_par' dir='ltr' id='par_1_3' title="bbox 30 789 2642 1764">
     <span class='ocr_line' id='line_1_4' title="bbox 157 789 2642 899; baseline 0.001 -32"><span class='ocrx_word' id='word_1_32' title='bbox 157 792 236 867; x_wconf 79' lang='grc' dir='ltr'>οἱ</span> <span class='ocrx_word' id='word_1_33' title='bbox 296 793 628 888; x_wconf 80' lang='grc' dir='ltr'>μαθηταὶ,</span> <span class='ocrx_word' id='word_1_34' title='bbox 667 789 892 891; x_wconf 79' lang='grc' dir='ltr'>ἤγουν</span> <span class='ocrx_word' id='word_1_35' title='bbox 933 797 1080 870; x_wconf 78' lang='grc' dir='ltr'>τῶν</span> <span class='ocrx_word' id='word_1_36' title='bbox 1122 792 1348 893; x_wconf 83' lang='grc' dir='ltr'>ἁγίων</span> <span class='ocrx_word' id='word_1_37' title='bbox 1390 791 1611 894; x_wconf 81' lang='grc' dir='ltr'>ἕτεροι</span> <span class='ocrx_word' id='word_1_38' title='bbox 1668 794 1912 899; x_wconf 88' lang='grc' dir='ltr'>τυχόν.</span> <span class='ocrx_word' id='word_1_39' title='bbox 1993 791 2231 874; x_wconf 79' lang='grc' dir='ltr'>πάντα</span> <span class='ocrx_word' id='word_1_40' title='bbox 2287 791 2430 895; x_wconf 81' lang='grc' dir='ltr'>γὰρ</span> <span class='ocrx_word' id='word_1_41' title='bbox 2487 794 2572 871; x_wconf 84' lang='grc' dir='ltr'>δι’</span> <span class='ocrx_word' id='word_1_42' title='bbox 2599 799 2642 865; x_wconf 92' lang='lat' dir='ltr'>b</span> 
     </span>
     <span class='ocr_line' id='line_1_5' title="bbox 156 912 2568 1022; baseline 0.003 -30"><span class='ocrx_word' id='word_1_43' title='bbox 156 914 390 993; x_wconf 85' lang='grc' dir='ltr'>αὑτοῦ</span> <span class='ocrx_word' id='word_1_44' title='bbox 426 914 628 1016; x_wconf 81' lang='grc' dir='ltr'>παρὰ</span> <span class='ocrx_word' id='word_1_45' title='bbox 667 912 959 1017; x_wconf 72' lang='grc' dir='ltr'>Πατρός</span> <span class='ocrx_word' id='word_1_46' title='bbox 1002 917 1078 995; x_wconf 84' lang='grc' dir='ltr'>ἐν</span> <span class='ocrx_word' id='word_1_47' title='bbox 1119 914 1505 1014; x_wconf 83' lang='grc' dir='ltr'>Πνεύματι,</span> <span class='ocrx_word' id='word_1_48' title='bbox 1542 918 1826 1020; x_wconf 83' lang='grc' dir='ltr'>ἐπείπερ</span> <span class='ocrx_word' id='word_1_49' title='bbox 1869 920 2027 999; x_wconf 74' lang='grc' dir='ltr'>ἐστὶ</span> <span class='ocrx_word' id='word_1_50' title='bbox 2072 916 2568 1022; x_wconf 72' lang='grc' dir='ltr'>παράκλητος,</span> 
     </span>
     <span class='ocr_line' id='line_1_6' title="bbox 67 1034 2578 1145; baseline 0.002 -30"><span class='ocrx_word' id='word_1_51' title='bbox 67 1075 114 1138; x_wconf 87' lang='lat'>5</span> <span class='ocrx_word' id='word_1_52' title='bbox 158 1034 352 1116; x_wconf 79' lang='grc' dir='ltr'>κατὰ</span> <span class='ocrx_word' id='word_1_53' title='bbox 407 1037 540 1136; x_wconf 85' lang='grc' dir='ltr'>τὴν</span> <span class='ocrx_word' id='word_1_54' title='bbox 588 1037 925 1120; x_wconf 79' lang='grc' dir='ltr'>Ἰωάννου</span> <span class='ocrx_word' id='word_1_55' title='bbox 980 1038 1251 1145; x_wconf 85' lang='grc' dir='ltr'>φωνὴν,</span> <span class='ocrx_word' id='word_1_56' title='bbox 1299 1041 1433 1145; x_wconf 83' lang='grc' dir='ltr'>οὐχ</span> <span class='ocrx_word' id='word_1_57' title='bbox 1491 1040 1667 1142; x_wconf 76' lang='grc' dir='ltr'>ὑπὲρ</span> <span class='ocrx_word' id='word_1_58' title='bbox 1725 1040 1966 1140; x_wconf 87' lang='grc' dir='ltr'>μόνων</span> <span class='ocrx_word' id='word_1_59' title='bbox 2020 1048 2166 1122; x_wconf 82' lang='grc' dir='ltr'>τῶν</span> <span class='ocrx_word' id='word_1_60' title='bbox 2221 1039 2578 1141; x_wconf 76' lang='grc' dir='ltr'>ἡμετέρων</span> 
     </span>
     <span class='ocr_line' id='line_1_7' title="bbox 155 1161 2578 1266; baseline 0.002 -28"><span class='ocrx_word' id='word_1_61' title='bbox 155 1161 558 1264; x_wconf 81' lang='grc' dir='ltr'>ἁμαρτιῶν,</span> <span class='ocrx_word' id='word_1_62' title='bbox 604 1161 808 1242; x_wconf 79' lang='grc' dir='ltr'>ἀλλὰ</span> <span class='ocrx_word' id='word_1_63' title='bbox 861 1166 978 1244; x_wconf 82' lang='grc' dir='ltr'>καὶ</span> <span class='ocrx_word' id='word_1_64' title='bbox 1033 1168 1197 1266; x_wconf 85' lang='grc' dir='ltr'>περὶ</span> <span class='ocrx_word' id='word_1_65' title='bbox 1250 1163 1430 1244; x_wconf 80' lang='grc' dir='ltr'>ὅλου</span> <span class='ocrx_word' id='word_1_66' title='bbox 1487 1173 1615 1245; x_wconf 92' lang='grc' dir='ltr'>τοῦ</span> <span class='ocrx_word' id='word_1_67' title='bbox 1672 1164 1975 1262; x_wconf 88' lang='grc' dir='ltr'>κόσμου.</span> <span class='ocrx_word' id='word_1_68' title='bbox 2056 1162 2443 1248; x_wconf 77' lang='grc' dir='ltr'>ἐπιδεικνὺς</span> <span class='ocrx_word' id='word_1_69' title='bbox 2500 1162 2578 1244; x_wconf 80' lang='grc' dir='ltr'>δὲ</span> 
     </span>
     <span class='ocr_line' id='line_1_8' title="bbox 156 1285 2576 1396; baseline 0.002 -33"><span class='ocrx_word' id='word_1_70' title='bbox 156 1286 548 1389; x_wconf 74' lang='grc' dir='ltr'>χρησίμως</span> <span class='ocrx_word' id='word_1_71' title='bbox 594 1287 729 1366; x_wconf 79' lang='grc' dir='ltr'>κάν</span> <span class='ocrx_word' id='word_1_72' title='bbox 764 1287 996 1395; x_wconf 77' lang='grc' dir='ltr'>τούτῳ</span> <span class='ocrx_word' id='word_1_73' title='bbox 1032 1285 1120 1385; x_wconf 82' lang='grc' dir='ltr'>δὴ</span> <span class='ocrx_word' id='word_1_74' title='bbox 1156 1287 1414 1385; x_wconf 82' lang='grc' dir='ltr'>πάλιν,</span> <span class='ocrx_word' id='word_1_75' title='bbox 1457 1287 1567 1368; x_wconf 81' lang='grc' dir='ltr'>ὅτι</span> <span class='ocrx_word' id='word_1_76' title='bbox 1602 1288 2032 1390; x_wconf 87' lang='grc' dir='ltr'>τριπόθητος</span> <span class='ocrx_word' id='word_1_77' title='bbox 2068 1288 2237 1368; x_wconf 86' lang='grc' dir='ltr'>λίαν</span> <span class='ocrx_word' id='word_1_78' title='bbox 2273 1290 2434 1367; x_wconf 78' lang='grc' dir='ltr'>ἐστὶ</span> <span class='ocrx_word' id='word_1_79' title='bbox 2472 1291 2576 1396; x_wconf 74' lang='grc' dir='ltr'>τῷ</span> 
     </span>
     <span class='ocr_line' id='line_1_9' title="bbox 158 1409 2567 1516; baseline 0.001 -29"><span class='ocrx_word' id='word_1_80' title='bbox 158 1413 338 1515; x_wconf 76' lang='grc' dir='ltr'>Θεῷ</span> <span class='ocrx_word' id='word_1_81' title='bbox 377 1414 492 1488; x_wconf 85' lang='grc' dir='ltr'>καὶ</span> <span class='ocrx_word' id='word_1_82' title='bbox 534 1413 772 1512; x_wconf 83' lang='grc' dir='ltr'>Πατρὶ</span> <span class='ocrx_word' id='word_1_83' title='bbox 809 1411 853 1509; x_wconf 87' lang='grc' dir='ltr'><strong><em>ἡ</em></strong></span> <span class='ocrx_word' id='word_1_84' title='bbox 889 1417 988 1493; x_wconf 77' lang='grc' dir='ltr'>εἷς</span> <span class='ocrx_word' id='word_1_85' title='bbox 1022 1410 1151 1490; x_wconf 80' lang='grc' dir='ltr'>τὸν</span> <span class='ocrx_word' id='word_1_86' title='bbox 1186 1411 1274 1516; x_wconf 79' lang='grc' dir='ltr'>ἐξ</span> <span class='ocrx_word' id='word_1_87' title='bbox 1307 1411 1523 1491; x_wconf 85' lang='grc' dir='ltr'>αὐτοῦ</span> <span class='ocrx_word' id='word_1_88' title='bbox 1568 1409 1945 1516; x_wconf 84' lang='grc' dir='ltr'>πεφήνοτα</span> <span class='ocrx_word' id='word_1_89' title='bbox 1990 1409 2160 1510; x_wconf 89' lang='grc' dir='ltr'>τιμὴ</span> <span class='ocrx_word' id='word_1_90' title='bbox 2215 1414 2332 1492; x_wconf 86' lang='grc' dir='ltr'>καὶ</span> <span class='ocrx_word' id='word_1_91' title='bbox 2383 1412 2567 1513; x_wconf 83' lang='grc' dir='ltr'>ἀγά-</span> 
     </span>
     <span class='ocr_line' id='line_1_10' title="bbox 154 1532 2578 1653; baseline 0.002 -43"><span class='ocrx_word' id='word_1_92' title='bbox 154 1565 416 1630; x_wconf 81' lang='grc' dir='ltr'>πησις,</span> <span class='ocrx_word' id='word_1_93' title='bbox 452 1532 544 1613; x_wconf 80' lang='grc' dir='ltr'>τὰ</span> <span class='ocrx_word' id='word_1_94' title='bbox 583 1532 875 1614; x_wconf 81' lang='grc' dir='ltr'>τοιαῦτά</span> <span class='ocrx_word' id='word_1_95' title='bbox 922 1542 1174 1642; x_wconf 89' lang='grc' dir='ltr'>φησιν·</span> <span class='ocrx_word' id='word_1_96' title='bbox 1233 1534 1407 1653; x_wconf 61' lang='grc' dir='ltr'>ὅπερ</span> <span class='ocrx_word' id='word_1_97' title='bbox 1459 1537 1542 1615; x_wconf 82' lang='grc' dir='ltr'>οὐ</span> <span class='ocrx_word' id='word_1_98' title='bbox 1590 1536 1924 1619; x_wconf 79' lang='grc' dir='ltr'>συνέντες</span> <span class='ocrx_word' id='word_1_99' title='bbox 1974 1541 2041 1615; x_wconf 82' lang='grc' dir='ltr'>οἱ</span> <span class='ocrx_word' id='word_1_100' title='bbox 2088 1538 2387 1616; x_wconf 84' lang='grc' dir='ltr'>δείλαιοι</span> <span class='ocrx_word' id='word_1_101' title='bbox 2430 1543 2578 1616; x_wconf 76' lang='grc' dir='ltr'>τῶν</span> 
     </span>
     <span class='ocr_line' id='line_1_11' title="bbox 30 1657 2577 1764; baseline -0 -24"><span class='ocrx_word' id='word_1_102' title='bbox 30 1701 123 1740; x_wconf 87' lang='lat'>10</span> <span class='ocrx_word' id='word_1_103' title='bbox 156 1657 533 1736; x_wconf 88' lang='grc' dir='ltr'>Ἰουδαίων</span> <span class='ocrx_word' id='word_1_104' title='bbox 570 1661 805 1757; x_wconf 84' lang='grc' dir='ltr'>δῆμοι,</span> <span class='ocrx_word' id='word_1_105' title='bbox 841 1659 1229 1760; x_wconf 89' lang='grc' dir='ltr'>λοιδορίαις</span> <span class='ocrx_word' id='word_1_106' title='bbox 1264 1694 1341 1739; x_wconf 90' lang='grc' dir='ltr'>τε</span> <span class='ocrx_word' id='word_1_107' title='bbox 1378 1661 1463 1738; x_wconf 84' lang='grc' dir='ltr'>οῦ</span> <span class='ocrx_word' id='word_1_108' title='bbox 1504 1665 1852 1764; x_wconf 89' lang='grc' dir='ltr'>φορηταῖς</span> <span class='ocrx_word' id='word_1_109' title='bbox 1890 1659 2410 1763; x_wconf 73' lang='grc' dir='ltr'>κατακοντίζειν</span> <span class='ocrx_word' id='word_1_110' title='bbox 2448 1661 2577 1740; x_wconf 81' lang='grc' dir='ltr'>οὐκ</span> 
     </span>
    </p>

    <p class='ocr_par' dir='ltr' id='par_1_4' title="bbox 27 1780 2636 2387">
     <span class='ocr_line' id='line_1_12' title="bbox 157 1780 2636 1888; baseline 0.001 -28"><span class='ocrx_word' id='word_1_111' title='bbox 157 1780 526 1885; x_wconf 81' lang='grc' dir='ltr'>ἔφριττον,</span> <span class='ocrx_word' id='word_1_112' title='bbox 575 1785 688 1863; x_wconf 76' lang='grc' dir='ltr'>καὶ</span> <span class='ocrx_word' id='word_1_113' title='bbox 740 1793 785 1829; x_wconf 82' lang='grc'><strong>“</strong></span> <span class='ocrx_word' id='word_1_114' title='bbox 812 1781 1099 1886; x_wconf 73' lang='grc' dir='ltr'>ἐζήτουν</span> <span class='ocrx_word' id='word_1_115' title='bbox 1153 1784 1612 1863; x_wconf 79' lang='grc' dir='ltr'>ἀποκτεῖναι”</span> <span class='ocrx_word' id='word_1_116' title='bbox 1668 1781 1850 1864; x_wconf 81' lang='grc' dir='ltr'>κατὰ</span> <span class='ocrx_word' id='word_1_117' title='bbox 1905 1781 1989 1864; x_wconf 83' lang='grc' dir='ltr'>τὸ</span> <span class='ocrx_word' id='word_1_118' title='bbox 2048 1784 2571 1888; x_wconf 75' lang='grc' dir='ltr'>γεγραμμένον,</span> <span class='ocrx_word' id='word_1_119' title='bbox 2600 1819 2636 1863; x_wconf 84' lang='grc' dir='ltr'>ο</span> 
     </span>
     <span class='ocr_line' id='line_1_13' title="bbox 158 1890 2577 2012; baseline 0.004 -29"><span class='ocrx_word' id='word_1_120' title='bbox 158 1903 291 1984; x_wconf 80' lang='grc' dir='ltr'>διὰ</span> <span class='ocrx_word' id='word_1_121' title='bbox 333 1904 417 1984; x_wconf 79' lang='grc' dir='ltr'>τὸ</span> <span class='ocrx_word' id='word_1_122' title='bbox 464 1907 1047 2012; x_wconf 77' lang='grc' dir='ltr'>μεταῤῥυθμίζειν</span> <span class='ocrx_word' id='word_1_123' title='bbox 1083 1890 1229 1987; x_wconf 73' lang='grc' dir='ltr'>τῶν</span> <span class='ocrx_word' id='word_1_124' title='bbox 1263 1908 1757 1988; x_wconf 86' lang='grc' dir='ltr'>πιστευόντων</span> <span class='ocrx_word' id='word_1_125' title='bbox 1793 1907 1923 1988; x_wconf 85' lang='grc' dir='ltr'>τὸν</span> <span class='ocrx_word' id='word_1_126' title='bbox 1960 1915 2129 1988; x_wconf 86' lang='grc' dir='ltr'>νοῦν</span> <span class='ocrx_word' id='word_1_127' title='bbox 2163 1910 2242 1988; x_wconf 84' lang='grc' dir='ltr'>ἐκ</span> <span class='ocrx_word' id='word_1_128' title='bbox 2282 1913 2577 2007; x_wconf 90' lang='grc' dir='ltr'>νομικῆς</span> 
     </span>
     <span class='ocr_line' id='line_1_14' title="bbox 158 2028 2578 2136; baseline 0.005 -30"><span class='ocrx_word' id='word_1_129' title='bbox 158 2031 288 2107; x_wconf 77' lang='grc' dir='ltr'>καὶ</span> <span class='ocrx_word' id='word_1_130' title='bbox 358 2032 657 2136; x_wconf 85' lang='grc' dir='ltr'>παχείας</span> <span class='ocrx_word' id='word_1_131' title='bbox 731 2035 1027 2131; x_wconf 84' lang='grc' dir='ltr'>ἐντολῆς</span> <span class='ocrx_word' id='word_1_132' title='bbox 1100 2038 1199 2116; x_wconf 80' lang='grc' dir='ltr'>εἷς</span> <span class='ocrx_word' id='word_1_133' title='bbox 1270 2028 1403 2130; x_wconf 86' lang='grc' dir='ltr'>τὴν</span> <span class='ocrx_word' id='word_1_134' title='bbox 1466 2036 1595 2128; x_wconf 85' lang='grc' dir='ltr'>τῆς</span> <span class='ocrx_word' id='word_1_135' title='bbox 1670 2032 2140 2134; x_wconf 83' lang='grc' dir='ltr'>εὐαγγελικῆς</span> <span class='ocrx_word' id='word_1_136' title='bbox 2213 2033 2578 2117; x_wconf 86' lang='grc' dir='ltr'>πολιτείας</span> 
     </span>
     <span class='ocr_line' id='line_1_15' title="bbox 161 2153 2578 2261; baseline 0.002 -31"><span class='ocrx_word' id='word_1_137' title='bbox 161 2153 592 2257; x_wconf 78' lang='grc' dir='ltr'>ἰσχνότητα.</span> <span class='ocrx_word' id='word_1_138' title='bbox 670 2156 997 2261; x_wconf 78' lang='grc' dir='ltr'>ἔφασκον</span> <span class='ocrx_word' id='word_1_139' title='bbox 1042 2153 1185 2257; x_wconf 81' lang='grc' dir='ltr'>γὰρ</span> <span class='ocrx_word' id='word_1_140' title='bbox 1234 2155 1437 2236; x_wconf 75' lang='grc' dir='ltr'>οὐδὲν</span> <span class='ocrx_word' id='word_1_141' title='bbox 1480 2154 1742 2240; x_wconf 75' lang='grc' dir='ltr'>εἰδότες</span> <span class='ocrx_word' id='word_1_142' title='bbox 1797 2162 1862 2235; x_wconf 83' lang='grc' dir='ltr'>οὶ</span> <span class='ocrx_word' id='word_1_143' title='bbox 1921 2155 2248 2253; x_wconf 82' lang='grc' dir='ltr'>τάλανες,</span> <span class='ocrx_word' id='word_1_144' title='bbox 2285 2163 2578 2255; x_wconf 84' lang='grc' dir='ltr'>μᾶλλον</span> 
     </span>
     <span class='ocr_line' id='line_1_16' title="bbox 27 2277 2576 2387; baseline 0.003 -31"><span class='ocrx_word' id='word_1_145' title='bbox 27 2312 119 2373; x_wconf 86' lang='lat'>15</span> <span class='ocrx_word' id='word_1_146' title='bbox 160 2277 244 2357; x_wconf 78' lang='grc' dir='ltr'>δὲ</span> <span class='ocrx_word' id='word_1_147' title='bbox 307 2285 643 2378; x_wconf 81' lang='grc' dir='ltr'>γλῶτταν</span> <span class='ocrx_word' id='word_1_148' title='bbox 686 2282 795 2360; x_wconf 84' lang='grc' dir='ltr'>ἐπ’</span> <span class='ocrx_word' id='word_1_149' title='bbox 836 2282 1029 2387; x_wconf 77' lang='grc' dir='ltr'>αὐτῷ</span> <span class='ocrx_word' id='word_1_150' title='bbox 1083 2280 1214 2379; x_wconf 89' lang='grc' dir='ltr'>τὴν</span> <span class='ocrx_word' id='word_1_151' title='bbox 1261 2281 1558 2361; x_wconf 80' lang='grc' dir='ltr'>ἀνόσιον</span> <span class='ocrx_word' id='word_1_152' title='bbox 1595 2280 2077 2380; x_wconf 81' lang='grc' dir='ltr'>ἀκονήσαντες</span> <span class='ocrx_word' id='word_1_153' title='bbox 2119 2286 2207 2360; x_wconf 77' lang='grc' dir='ltr'>Εἰ</span> <span class='ocrx_word' id='word_1_154' title='bbox 2245 2278 2336 2380; x_wconf 85' lang='grc' dir='ltr'>ἦν</span> <span class='ocrx_word' id='word_1_155' title='bbox 2373 2280 2576 2364; x_wconf 80' lang='grc' dir='ltr'>οὗτος</span> 
     </span>
    </p>
   </div>
   <div class='ocr_carea' id='block_1_3' title="bbox 2665 912 2908 1037">
    <p class='ocr_par' dir='ltr' id='par_1_5' title="bbox 2665 912 2908 1037">
     <span class='ocr_line' id='line_1_17' title="bbox 2667 912 2908 992; baseline 0.004 -30"><span class='ocrx_word' id='word_1_156' title='bbox 2667 912 2908 992; x_wconf 50' lang='grc' dir='ltr'>ξβηῐοιιο.</span> 
     </span>
     <span class='ocr_line' id='line_1_18' title="bbox 2665 992 2854 1037; baseline 0.005 -9"><span class='ocrx_word' id='word_1_157' title='bbox 2665 993 2718 1028; x_wconf 82' lang='grc' dir='ltr'>ιι.</span> <span class='ocrx_word' id='word_1_158' title='bbox 2738 992 2783 1037; x_wconf 78' lang='grc' dir='ltr'>ι,</span> <span class='ocrx_word' id='word_1_159' title='bbox 2802 993 2854 1030; x_wconf 75' lang='lat'>2.</span> 
     </span>
    </p>
   </div>
   <div class='ocr_carea' id='block_1_4' title="bbox 2665 1771 2830 1905">
    <p class='ocr_par' dir='ltr' id='par_1_6' title="bbox 2665 1771 2830 1905">
     <span class='ocr_line' id='line_1_19' title="bbox 2665 1771 2830 1836; baseline 0.006 -14"><span class='ocrx_word' id='word_1_160' title='bbox 2665 1771 2830 1836; x_wconf 71' lang='lat' dir='ltr'><strong>Supra.</strong></span> 
     </span>
     <span class='ocr_line' id='line_1_20' title="bbox 2667 1839 2826 1905; baseline 0 -17"><span class='ocrx_word' id='word_1_161' title='bbox 2667 1854 2716 1889; x_wconf 81' lang='lat' dir='ltr'>v.</span> <span class='ocrx_word' id='word_1_162' title='bbox 2732 1839 2807 1888; x_wconf 86' lang='lat'>18.</span> <span class='ocrx_word' id='word_1_163' title='bbox 2819 1900 2826 1905; x_wconf 10' lang='grc' dir='ltr'><em>ᾖ</em></span> 
     </span>
    </p>
   </div>
   <div class='ocr_carea' id='block_1_5' title="bbox 26 2399 2911 4373">
    <p class='ocr_par' dir='ltr' id='par_1_7' title="bbox 154 2399 2911 2631">
     <span class='ocr_line' id='line_1_21' title="bbox 154 2399 2911 2516; baseline 0 -35"><span class='ocrx_word' id='word_1_164' title='bbox 154 2401 370 2502; x_wconf 80' lang='grc' dir='ltr'>παρὰ</span> <span class='ocrx_word' id='word_1_165' title='bbox 407 2408 600 2484; x_wconf 84' lang='grc' dir='ltr'>Θεοῦ</span> <span class='ocrx_word' id='word_1_166' title='bbox 637 2407 679 2484; x_wconf 81' lang='grc' dir='ltr'>ὁ</span> <span class='ocrx_word' id='word_1_167' title='bbox 718 2404 1117 2508; x_wconf 78' lang='grc' dir='ltr'>ἅνθρωπος,</span> <span class='ocrx_word' id='word_1_168' title='bbox 1157 2407 1284 2484; x_wconf 86' lang='grc' dir='ltr'>οῦκ</span> <span class='ocrx_word' id='word_1_169' title='bbox 1323 2402 1413 2485; x_wconf 85' lang='grc' dir='ltr'>ἂν</span> <span class='ocrx_word' id='word_1_170' title='bbox 1451 2402 1614 2484; x_wconf 77' lang='grc' dir='ltr'>ἔλυε</span> <span class='ocrx_word' id='word_1_171' title='bbox 1664 2403 1746 2484; x_wconf 84' lang='grc' dir='ltr'>τὸ</span> <span class='ocrx_word' id='word_1_172' title='bbox 1791 2403 2200 2499; x_wconf 77' lang='grc' dir='ltr'>σάββατον.</span> <span class='ocrx_word' id='word_1_173' title='bbox 2274 2438 2568 2509; x_wconf 87' lang='grc' dir='ltr'>προχει-</span> <span class='ocrx_word' id='word_1_174' title='bbox 2663 2399 2911 2516; x_wconf 40' lang='lat' dir='ltr'>35}ng</span> 
     </span>
     <span class='ocr_line' id='line_1_22' title="bbox 156 2525 2581 2631; baseline 0.002 -26"><span class='ocrx_word' id='word_1_175' title='bbox 156 2525 441 2628; x_wconf 84' lang='grc' dir='ltr'>ρότατα</span> <span class='ocrx_word' id='word_1_176' title='bbox 477 2529 712 2611; x_wconf 89' lang='grc' dir='ltr'>τοίνυν</span> <span class='ocrx_word' id='word_1_177' title='bbox 748 2529 881 2630; x_wconf 88' lang='grc' dir='ltr'>τὴν</span> <span class='ocrx_word' id='word_1_178' title='bbox 918 2528 1116 2631; x_wconf 83' lang='grc' dir='ltr'>παρὰ</span> <span class='ocrx_word' id='word_1_179' title='bbox 1154 2534 1347 2609; x_wconf 83' lang='grc' dir='ltr'>Θεοῦ</span> <span class='ocrx_word' id='word_1_180' title='bbox 1386 2528 1681 2631; x_wconf 84' lang='grc' dir='ltr'>Πατρὸς</span> <span class='ocrx_word' id='word_1_181' title='bbox 1727 2528 2085 2629; x_wconf 82' lang='grc' dir='ltr'>εὐμένειαν</span> <span class='ocrx_word' id='word_1_182' title='bbox 2125 2528 2581 2627; x_wconf 88' lang='grc' dir='ltr'>δοθήσεσθαί</span> 
     </span>
    </p>

    <p class='ocr_par' dir='ltr' id='par_1_8' title="bbox 155 2650 2642 2885">
     <span class='ocr_line' id='line_1_23' title="bbox 159 2650 2568 2756; baseline -0 -25"><span class='ocrx_word' id='word_1_183' title='bbox 159 2658 406 2756; x_wconf 88' lang='grc' dir='ltr'>φησιν</span> <span class='ocrx_word' id='word_1_184' title='bbox 442 2655 678 2739; x_wconf 83' lang='grc' dir='ltr'>αὐτοῖς</span> <span class='ocrx_word' id='word_1_185' title='bbox 715 2652 1232 2736; x_wconf 80' lang='grc' dir='ltr'>ἀνενδοιᾶστως</span> <span class='ocrx_word' id='word_1_186' title='bbox 1277 2651 1822 2751; x_wconf 87' lang='grc' dir='ltr'>πεπιστευκόσι,</span> <span class='ocrx_word' id='word_1_187' title='bbox 1859 2653 1978 2733; x_wconf 84' lang='grc' dir='ltr'>καὶ</span> <span class='ocrx_word' id='word_1_188' title='bbox 2027 2653 2106 2731; x_wconf 81' lang='grc' dir='ltr'>εὖ</span> <span class='ocrx_word' id='word_1_189' title='bbox 2155 2650 2359 2751; x_wconf 80' lang='grc' dir='ltr'>μάλα</span> <span class='ocrx_word' id='word_1_190' title='bbox 2410 2655 2568 2731; x_wconf 91' lang='grc' dir='ltr'>δια·-</span> 
     </span>
     <span class='ocr_line' id='line_1_24' title="bbox 155 2775 2642 2885; baseline 0 -30"><span class='ocrx_word' id='word_1_191' title='bbox 155 2777 608 2876; x_wconf 78' lang='grc' dir='ltr'>τεθειμένοις,</span> <span class='ocrx_word' id='word_1_192' title='bbox 647 2777 756 2858; x_wconf 81' lang='grc' dir='ltr'>ὅτι</span> <span class='ocrx_word' id='word_1_193' title='bbox 791 2811 929 2881; x_wconf 89' lang='grc' dir='ltr'>περ</span> <span class='ocrx_word' id='word_1_194' title='bbox 964 2775 1189 2885; x_wconf 62' lang='grc' dir='ltr'>ἐξῆλθε</span> <span class='ocrx_word' id='word_1_195' title='bbox 1237 2777 1435 2884; x_wconf 64' lang='grc' dir='ltr'>παραὶ</span> <span class='ocrx_word' id='word_1_196' title='bbox 1469 2780 1579 2857; x_wconf 77' lang='grc' dir='ltr'>τοῦ</span> <span class='ocrx_word' id='word_1_197' title='bbox 1618 2782 1811 2856; x_wconf 84' lang='grc' dir='ltr'>Θεοῦ</span> <span class='ocrx_word' id='word_1_198' title='bbox 1864 2778 1978 2856; x_wconf 77' lang='grc' dir='ltr'>καὶ</span> <span class='ocrx_word' id='word_1_199' title='bbox 2021 2778 2305 2882; x_wconf 75' lang='grc' dir='ltr'>Πατρός.</span> <span class='ocrx_word' id='word_1_200' title='bbox 2386 2809 2567 2877; x_wconf 88' lang='grc' dir='ltr'>προ·-</span> <span class='ocrx_word' id='word_1_201' title='bbox 2598 2782 2642 2847; x_wconf 87' lang='lat' dir='ltr'><strong>d</strong></span> 
     </span>
    </p>

    <p class='ocr_par' dir='ltr' id='par_1_9' title="bbox 28 2898 2574 3501">
     <span class='ocr_line' id='line_1_25' title="bbox 28 2898 2573 3007; baseline -0.002 -24"><span class='ocrx_word' id='word_1_202' title='bbox 28 2943 128 2983; x_wconf 85' lang='lat'>20</span> <span class='ocrx_word' id='word_1_203' title='bbox 162 2906 449 2981; x_wconf 88' lang='grc' dir='ltr'>αλεῖται</span> <span class='ocrx_word' id='word_1_204' title='bbox 507 2901 653 3004; x_wconf 78' lang='grc' dir='ltr'>γὰρ</span> <span class='ocrx_word' id='word_1_205' title='bbox 712 2900 986 3006; x_wconf 79' lang='grc' dir='ltr'>ὥσπερ,</span> <span class='ocrx_word' id='word_1_206' title='bbox 1044 2903 1257 3007; x_wconf 77' lang='grc' dir='ltr'>φησὶ,</span> <span class='ocrx_word' id='word_1_207' title='bbox 1313 2906 1432 2981; x_wconf 87' lang='grc' dir='ltr'>καὶ</span> <span class='ocrx_word' id='word_1_208' title='bbox 1488 2900 1761 3006; x_wconf 83' lang='grc' dir='ltr'>φθάσει</span> <span class='ocrx_word' id='word_1_209' title='bbox 1824 2898 1957 2998; x_wconf 79' lang='grc' dir='ltr'>μὲν</span> <span class='ocrx_word' id='word_1_210' title='bbox 2010 2899 2203 3005; x_wconf 85' lang='grc' dir='ltr'>τάχα</span> <span class='ocrx_word' id='word_1_211' title='bbox 2260 2898 2392 2998; x_wconf 86' lang='grc' dir='ltr'>τὴν</span> <span class='ocrx_word' id='word_1_212' title='bbox 2445 2908 2573 2979; x_wconf 91' lang='grc' dir='ltr'>τοῦ</span> 
     </span>
     <span class='ocr_line' id='line_1_26' title="bbox 159 3024 2572 3127; baseline -0.001 -24"><span class='ocrx_word' id='word_1_213' title='bbox 159 3026 671 3123; x_wconf 83' lang='grc' dir='ltr'>μεσιτεύοντος</span> <span class='ocrx_word' id='word_1_214' title='bbox 728 3028 1036 3127; x_wconf 85' lang='grc' dir='ltr'>αἴτησιν,</span> <span class='ocrx_word' id='word_1_215' title='bbox 1093 3026 1451 3127; x_wconf 82' lang='grc' dir='ltr'>εὐλογίαις</span> <span class='ocrx_word' id='word_1_216' title='bbox 1508 3024 1583 3104; x_wconf 80' lang='grc' dir='ltr'>δὲ</span> <span class='ocrx_word' id='word_1_217' title='bbox 1640 3033 1796 3109; x_wconf 88' lang='grc' dir='ltr'>ταῖς</span> <span class='ocrx_word' id='word_1_218' title='bbox 1857 3031 2362 3123; x_wconf 86' lang='grc' dir='ltr'>πνευματικαῖς</span> <span class='ocrx_word' id='word_1_219' title='bbox 2424 3025 2572 3102; x_wconf 80' lang='grc' dir='ltr'>ἐπι-</span> 
     </span>
     <span class='ocr_line' id='line_1_27' title="bbox 160 3144 2572 3266; baseline -0.002 -38"><span class='ocrx_word' id='word_1_220' title='bbox 160 3148 428 3229; x_wconf 81' lang='grc' dir='ltr'>κλύσει</span> <span class='ocrx_word' id='word_1_221' title='bbox 501 3148 628 3231; x_wconf 82' lang='grc' dir='ltr'>τὸν</span> <span class='ocrx_word' id='word_1_222' title='bbox 695 3160 864 3231; x_wconf 90' lang='grc' dir='ltr'>νοῦν</span> <span class='ocrx_word' id='word_1_223' title='bbox 928 3157 1073 3230; x_wconf 82' lang='grc' dir='ltr'>τῶν</span> <span class='ocrx_word' id='word_1_224' title='bbox 1138 3148 1369 3266; x_wconf 13' lang='grc' dir='ltr'>,ὀρθὴν</span> <span class='ocrx_word' id='word_1_225' title='bbox 1441 3147 1753 3255; x_wconf 87' lang='grc' dir='ltr'>ἐχόντων</span> <span class='ocrx_word' id='word_1_226' title='bbox 1816 3150 1923 3229; x_wconf 81' lang='grc' dir='ltr'>ἐπ’</span> <span class='ocrx_word' id='word_1_227' title='bbox 1988 3151 2140 3247; x_wconf 83' lang='grc' dir='ltr'>ἐμοὶ</span> <span class='ocrx_word' id='word_1_228' title='bbox 2213 3144 2346 3246; x_wconf 86' lang='grc' dir='ltr'>τὴν</span> <span class='ocrx_word' id='word_1_229' title='bbox 2422 3144 2572 3225; x_wconf 81' lang='grc' dir='ltr'>διά-</span> 
     </span>
     <span class='ocr_line' id='line_1_28' title="bbox 160 3269 2574 3380; baseline 0 -26"><span class='ocrx_word' id='word_1_230' title='bbox 160 3277 410 3379; x_wconf 78' lang='grc' dir='ltr'>ληψιν</span> <span class='ocrx_word' id='word_1_231' title='bbox 472 3278 587 3356; x_wconf 81' lang='grc' dir='ltr'>καὶ</span> <span class='ocrx_word' id='word_1_232' title='bbox 644 3276 729 3356; x_wconf 81' lang='grc' dir='ltr'>οὐ</span> <span class='ocrx_word' id='word_1_233' title='bbox 784 3274 1108 3378; x_wconf 82' lang='grc' dir='ltr'>καθάπερ</span> <span class='ocrx_word' id='word_1_234' title='bbox 1157 3271 1380 3354; x_wconf 84' lang='grc' dir='ltr'>ἐδόκει</span> <span class='ocrx_word' id='word_1_235' title='bbox 1432 3278 1723 3380; x_wconf 87' lang='grc' dir='ltr'>φρονεῖν</span> <span class='ocrx_word' id='word_1_236' title='bbox 1771 3280 1919 3356; x_wconf 91' lang='grc' dir='ltr'>τοῖς</span> <span class='ocrx_word' id='word_1_237' title='bbox 1970 3280 2098 3352; x_wconf 90' lang='grc' dir='ltr'>τοῦ</span> <span class='ocrx_word' id='word_1_238' title='bbox 2148 3269 2574 3374; x_wconf 78' lang='grc' dir='ltr'>γράμματος</span> 
     </span>
     <span class='ocr_line' id='line_1_29' title="bbox 158 3402 529 3501; baseline 0.011 -23"><span class='ocrx_word' id='word_1_239' title='bbox 158 3402 529 3501; x_wconf 82' lang='grc' dir='ltr'>ἐρασταῖς.</span> 
     </span>
    </p>

    <p class='ocr_par' dir='ltr' id='par_1_10' title="bbox 26 3517 2631 4128">
     <span class='ocr_line' id='line_1_30' title="bbox 26 3517 2576 3632; baseline -0.003 -25"><span class='ocrx_word' id='word_1_240' title='bbox 26 3547 123 3607; x_wconf 85' lang='lat'>25</span> <span class='ocrx_word' id='word_1_241' title='bbox 286 3521 397 3602; x_wconf 80' lang='grc' dir='ltr'>Τὸ</span> <span class='ocrx_word' id='word_1_242' title='bbox 453 3524 538 3604; x_wconf 81' lang='grc' dir='ltr'>δέ</span> <span class='ocrx_word' id='word_1_243' title='bbox 577 3522 886 3632; x_wconf 72' lang='grc' dir='ltr'>Ἐξῆλθον</span> <span class='ocrx_word' id='word_1_244' title='bbox 931 3521 1128 3630; x_wconf 62' lang='grc' dir='ltr'>παραὶ</span> <span class='ocrx_word' id='word_1_245' title='bbox 1174 3525 1366 3621; x_wconf 78' lang='grc' dir='ltr'>Θεοῦ,</span> <span class='ocrx_word' id='word_1_246' title='bbox 1406 3523 1712 3601; x_wconf 85' lang='grc' dir='ltr'>ἐνταῦθα</span> <span class='ocrx_word' id='word_1_247' title='bbox 1767 3518 1856 3619; x_wconf 83' lang='grc' dir='ltr'>δὴ</span> <span class='ocrx_word' id='word_1_248' title='bbox 1910 3521 2138 3600; x_wconf 81' lang='grc' dir='ltr'>πάλιν</span> <span class='ocrx_word' id='word_1_249' title='bbox 2182 3517 2576 3618; x_wconf 76' lang='grc' dir='ltr'>οἰησόμεθα</span> 
     </span>
     <span class='ocr_line' id='line_1_31' title="bbox 161 3643 2568 3753; baseline -0.002 -25"><span class='ocrx_word' id='word_1_250' title='bbox 161 3653 461 3746; x_wconf 86' lang='grc' dir='ltr'>δηλοῦν,</span> <span class='ocrx_word' id='word_1_251' title='bbox 497 3646 544 3749; x_wconf 84' lang='grc' dir='ltr'>ἢ</span> <span class='ocrx_word' id='word_1_252' title='bbox 600 3647 710 3729; x_wconf 78' lang='grc' dir='ltr'>ὅτι</span> <span class='ocrx_word' id='word_1_253' title='bbox 764 3647 1190 3752; x_wconf 76' lang='grc' dir='ltr'>γεγέννημαι</span> <span class='ocrx_word' id='word_1_254' title='bbox 1239 3650 1356 3727; x_wconf 81' lang='grc' dir='ltr'>καὶ</span> <span class='ocrx_word' id='word_1_255' title='bbox 1405 3646 1796 3753; x_wconf 75' lang='grc' dir='ltr'>ἐξέλαμψα</span> <span class='ocrx_word' id='word_1_256' title='bbox 1846 3649 1976 3743; x_wconf 79' lang='grc' dir='ltr'>τῆς</span> <span class='ocrx_word' id='word_1_257' title='bbox 2024 3643 2275 3728; x_wconf 82' lang='grc' dir='ltr'>οὐσίας</span> <span class='ocrx_word' id='word_1_258' title='bbox 2325 3646 2568 3741; x_wconf 85' lang='grc' dir='ltr'>αὐτοῦ,</span> 
     </span>
     <span class='ocr_line' id='line_1_32' title="bbox 160 3764 2575 3876; baseline -0.002 -24"><span class='ocrx_word' id='word_1_259' title='bbox 160 3771 357 3852; x_wconf 81' lang='grc' dir='ltr'>κατὰ</span> <span class='ocrx_word' id='word_1_260' title='bbox 404 3770 718 3876; x_wconf 89' lang='grc' dir='ltr'>πρόοδον</span> <span class='ocrx_word' id='word_1_261' title='bbox 753 3772 887 3872; x_wconf 79' lang='grc' dir='ltr'>μὲν</span> <span class='ocrx_word' id='word_1_262' title='bbox 933 3772 1065 3873; x_wconf 86' lang='grc' dir='ltr'>τὴν</span> <span class='ocrx_word' id='word_1_263' title='bbox 1098 3769 1279 3875; x_wconf 78' lang='grc' dir='ltr'>πρὸς</span> <span class='ocrx_word' id='word_1_264' title='bbox 1330 3768 1413 3852; x_wconf 75' lang='grc' dir='ltr'>τὸ</span> <span class='ocrx_word' id='word_1_265' title='bbox 1463 3766 1647 3850; x_wconf 80' lang='grc' dir='ltr'>εἷναί</span> <span class='ocrx_word' id='word_1_266' title='bbox 1685 3805 1763 3850; x_wconf 88' lang='grc' dir='ltr'>τε</span> <span class='ocrx_word' id='word_1_267' title='bbox 1820 3773 1934 3849; x_wconf 81' lang='grc' dir='ltr'>καὶ</span> <span class='ocrx_word' id='word_1_268' title='bbox 1986 3774 2304 3848; x_wconf 88' lang='grc' dir='ltr'>νοεῖσθαι</span> <span class='ocrx_word' id='word_1_269' title='bbox 2352 3764 2575 3872; x_wconf 81' lang='grc' dir='ltr'>τυχὸν</span> 
     </span>
     <span class='ocr_line' id='line_1_33' title="bbox 161 3891 2574 4002; baseline -0.002 -25"><span class='ocrx_word' id='word_1_270' title='bbox 161 3895 716 3996; x_wconf 79' lang='grc' dir='ltr'>ἶδιοσυστάτως,</span> <span class='ocrx_word' id='word_1_271' title='bbox 771 3898 857 3978; x_wconf 83' lang='grc' dir='ltr'>οὐ</span> <span class='ocrx_word' id='word_1_272' title='bbox 914 3895 1060 3996; x_wconf 86' lang='grc' dir='ltr'>μὴν</span> <span class='ocrx_word' id='word_1_273' title='bbox 1115 3902 1212 3980; x_wconf 79' lang='grc' dir='ltr'>εἷς</span> <span class='ocrx_word' id='word_1_274' title='bbox 1273 3893 1469 3975; x_wconf 82' lang='grc' dir='ltr'>ἅπαν</span> <span class='ocrx_word' id='word_1_275' title='bbox 1524 3893 1981 4002; x_wconf 80' lang='grc' dir='ltr'>διῃρημένως’</span> <span class='ocrx_word' id='word_1_276' title='bbox 2082 3892 2240 3973; x_wconf 79' lang='grc' dir='ltr'>ἔστι</span> <span class='ocrx_word' id='word_1_277' title='bbox 2299 3891 2443 3994; x_wconf 80' lang='grc' dir='ltr'>γὰρ</span> <span class='ocrx_word' id='word_1_278' title='bbox 2498 3894 2574 3971; x_wconf 84' lang='grc' dir='ltr'>ἐν</span> 
     </span>
     <span class='ocr_line' id='line_1_34' title="bbox 158 4015 2631 4128; baseline -0.002 -27"><span class='ocrx_word' id='word_1_279' title='bbox 158 4025 329 4128; x_wconf 69' lang='grc' dir='ltr'>’Υἱῷ</span> <span class='ocrx_word' id='word_1_280' title='bbox 386 4020 517 4117; x_wconf 80' lang='grc' dir='ltr'>μὲν</span> <span class='ocrx_word' id='word_1_281' title='bbox 571 4024 613 4101; x_wconf 81' lang='grc' dir='ltr'><strong>ὁ</strong></span> <span class='ocrx_word' id='word_1_282' title='bbox 674 4019 953 4124; x_wconf 84' lang='grc' dir='ltr'>Πατὴρ,</span> <span class='ocrx_word' id='word_1_283' title='bbox 1008 4022 1084 4100; x_wconf 84' lang='grc' dir='ltr'>ἐν</span> <span class='ocrx_word' id='word_1_284' title='bbox 1141 4022 1381 4122; x_wconf 83' lang='grc' dir='ltr'>Πατρὶ</span> <span class='ocrx_word' id='word_1_285' title='bbox 1436 4017 1514 4099; x_wconf 81' lang='grc' dir='ltr'>δὲ</span> <span class='ocrx_word' id='word_1_286' title='bbox 1567 4020 1660 4099; x_wconf 80' lang='grc' dir='ltr'>αὖ</span> <span class='ocrx_word' id='word_1_287' title='bbox 1716 4016 1943 4099; x_wconf 80' lang='grc' dir='ltr'>πάλιν</span> <span class='ocrx_word' id='word_1_288' title='bbox 1998 4015 2182 4097; x_wconf 80' lang='grc' dir='ltr'>κατὰ</span> <span class='ocrx_word' id='word_1_289' title='bbox 2245 4016 2476 4122; x_wconf 86' lang='grc' dir='ltr'>φύσιν</span> <span class='ocrx_word' id='word_1_290' title='bbox 2530 4018 2570 4096; x_wconf 86' lang='grc' dir='ltr'><strong>ὁ</strong></span> <span class='ocrx_word' id='word_1_291' title='bbox 2595 4045 2631 4087; x_wconf 81' lang='lat' dir='ltr'><strong>e</strong></span> 
     </span>
    </p>

    <p class='ocr_par' dir='ltr' id='par_1_11' title="bbox 29 4140 2574 4373">
     <span class='ocr_line' id='line_1_35' title="bbox 29 4140 2573 4254; baseline -0.001 -27"><span class='ocrx_word' id='word_1_292' title='bbox 29 4188 125 4248; x_wconf 79' lang='lat'>30</span> <span class='ocrx_word' id='word_1_293' title='bbox 160 4144 369 4230; x_wconf 81' lang='grc' dir='ltr'>Υἱός·</span> <span class='ocrx_word' id='word_1_294' title='bbox 446 4144 493 4247; x_wconf 84' lang='grc' dir='ltr'>ἢ</span> <span class='ocrx_word' id='word_1_295' title='bbox 544 4143 628 4226; x_wconf 88' lang='grc' dir='ltr'>τό</span> <span class='ocrx_word' id='word_1_296' title='bbox 668 4143 992 4254; x_wconf 63' lang='grc' dir='ltr'>Ἐξῆλθεν,</span> <span class='ocrx_word' id='word_1_297' title='bbox 1028 4145 1187 4224; x_wconf 81' lang='grc' dir='ltr'>ἀντὶ</span> <span class='ocrx_word' id='word_1_298' title='bbox 1234 4151 1384 4241; x_wconf 92' lang='grc' dir='ltr'>τοῦ,</span> <span class='ocrx_word' id='word_1_299' title='bbox 1429 4142 1692 4245; x_wconf 84' lang='grc' dir='ltr'>γε’γονα</span> <span class='ocrx_word' id='word_1_300' title='bbox 1742 4144 1905 4223; x_wconf 84' lang='grc' dir='ltr'>καθ’</span> <span class='ocrx_word' id='word_1_301' title='bbox 1948 4144 2152 4242; x_wconf 78' lang='grc' dir='ltr'>ὑμᾶς,</span> <span class='ocrx_word' id='word_1_302' title='bbox 2195 4140 2573 4242; x_wconf 79' lang='grc' dir='ltr'>ἅνθρωπος</span> 
     </span>
     <span class='ocr_line' id='line_1_36' title="bbox 162 4263 2574 4373; baseline -0 -25"><span class='ocrx_word' id='word_1_303' title='bbox 162 4267 529 4370; x_wconf 86' lang='grc' dir='ltr'>δηλονότι,</span> <span class='ocrx_word' id='word_1_304' title='bbox 567 4269 700 4370; x_wconf 84' lang='grc' dir='ltr'>τὴν</span> <span class='ocrx_word' id='word_1_305' title='bbox 740 4269 1082 4373; x_wconf 76' lang='grc' dir='ltr'>ὑμετέραν</span> <span class='ocrx_word' id='word_1_306' title='bbox 1118 4265 1412 4373; x_wconf 88' lang='grc' dir='ltr'>μορφήν</span> <span class='ocrx_word' id='word_1_307' title='bbox 1451 4301 1527 4346; x_wconf 90' lang='grc' dir='ltr'>τε</span> <span class='ocrx_word' id='word_1_308' title='bbox 1565 4272 1680 4346; x_wconf 83' lang='grc' dir='ltr'>καὶ</span> <span class='ocrx_word' id='word_1_309' title='bbox 1718 4266 1948 4372; x_wconf 84' lang='grc' dir='ltr'>φύσιν</span> <span class='ocrx_word' id='word_1_310' title='bbox 1986 4264 2274 4350; x_wconf 83' lang='grc' dir='ltr'>ὑποδύς.</span> <span class='ocrx_word' id='word_1_311' title='bbox 2354 4263 2574 4347; x_wconf 86' lang='grc' dir='ltr'>τόπος</span> 
     </span>
    </p>
   </div>
   <div class='ocr_carea' id='block_1_6' title="bbox 166 4541 2569 4690">
    <p class='ocr_par' dir='ltr' id='par_1_12' title="bbox 166 4541 2569 4690">
     <span class='ocr_line' id='line_1_37' title="bbox 241 4541 2569 4620; baseline -0.005 -15"><span class='ocrx_word' id='word_1_312' title='bbox 241 4564 294 4619; x_wconf 85' lang='grc'>5.</span> <span class='ocrx_word' id='word_1_313' title='bbox 330 4553 499 4620; x_wconf 70' lang='grc' dir='ltr'>μόνων</span> <span class='ocrx_word' id='word_1_314' title='bbox 522 4549 589 4604; x_wconf 85' lang='grc' dir='ltr'>Ε.</span> <span class='ocrx_word' id='word_1_315' title='bbox 617 4551 776 4617; x_wconf 84' lang='grc' dir='ltr'>μόνον</span> <span class='ocrx_word' id='word_1_316' title='bbox 800 4550 901 4605; x_wconf 87' lang='lat' dir='ltr'>Ed.</span> <span class='ocrx_word' id='word_1_317' title='bbox 1155 4562 1346 4618; x_wconf 86' lang='lat' dir='ltr'>25—p.</span> <span class='ocrx_word' id='word_1_318' title='bbox 1364 4548 1487 4618; x_wconf 86' lang='lat'><strong>651,</strong></span> <span class='ocrx_word' id='word_1_319' title='bbox 1509 4566 1543 4613; x_wconf 84' lang='lat'>4</span> <span class='ocrx_word' id='word_1_320' title='bbox 1568 4546 1696 4600; x_wconf 76' lang='lat' dir='ltr'><strong>citat</strong></span> <span class='ocrx_word' id='word_1_321' title='bbox 1721 4565 1772 4617; x_wconf 88' lang='lat' dir='ltr'>p.</span> <span class='ocrx_word' id='word_1_322' title='bbox 1991 4559 2076 4615; x_wconf 88' lang='lat'>25.</span> <span class='ocrx_word' id='word_1_323' title='bbox 2116 4541 2277 4614; x_wconf 81' lang='grc' dir='ltr'>Θεοῦ]</span> <span class='ocrx_word' id='word_1_324' title='bbox 2305 4542 2497 4611; x_wconf 81' lang='grc' dir='ltr'>πατρὸς</span> <span class='ocrx_word' id='word_1_325' title='bbox 2521 4557 2569 4593; x_wconf 80' lang='lat' dir='ltr'>a.</span> 
     </span>
     <span class='ocr_line' id='line_1_38' title="bbox 166 4620 767 4690; baseline -0.007 -12"><span class='ocrx_word' id='word_1_326' title='bbox 166 4620 337 4678; x_wconf 81' lang='lat' dir='ltr'>cord.</span> <span class='ocrx_word' id='word_1_327' title='bbox 366 4623 503 4674; x_wconf 79' lang='grc' dir='ltr'>Θεοῦ</span> <span class='ocrx_word' id='word_1_328' title='bbox 527 4620 689 4675; x_wconf 82' lang='lat' dir='ltr'>habet</span> <span class='ocrx_word' id='word_1_329' title='bbox 714 4639 767 4690; x_wconf 91' lang='lat' dir='ltr'>p.</span> 
     </span>
    </p>
   </div>
   <div class='ocr_carea' id='block_1_7' title="bbox 258 4719 1449 4780">
    <p class='ocr_par' dir='ltr' id='par_1_13' title="bbox 258 4719 1449 4780">
     <span class='ocr_line' id='line_1_39' title="bbox 258 4719 1449 4780; baseline -0.003 -14"><span class='ocrx_word' id='word_1_330' title='bbox 258 4723 402 4767; x_wconf 78' lang='lat' dir='ltr'><strong>vol..</strong></span> <span class='ocrx_word' id='word_1_331' title='bbox 434 4723 509 4768; x_wconf 91' lang='lat'>11.</span> <span class='ocrx_word' id='word_1_332' title='bbox 1339 4724 1381 4780; x_wconf 86' lang='lat'><strong>4</strong></span> <span class='ocrx_word' id='word_1_333' title='bbox 1409 4719 1449 4763; x_wconf 96' lang='grc' dir='ltr'>ο</span> 
     </span>
    </p>
   </div>
   <div class='ocr_carea' id='block_1_8' title="bbox 3216 3337 3219 3936">
    <p class='ocr_par' dir='ltr' id='par_1_14' title="bbox 3216 3337 3219 3936">
     <span class='ocr_line' id='line_1_40' title="bbox 3216 3337 3219 3936; baseline 0 0"><span class='ocrx_word' id='word_1_334' title='bbox 3216 3337 3219 3936; x_wconf 95' lang='lat' dir='ltr'> </span> 
     </span>
    </p>
   </div>
  </div>
 </body>
</html>
