3238 5158
625 330 756 392 508
1235 329 1312 394 B.
1362 325 1786 392 CYRILLI
1847 324 2434 391 ALEXANDR.
2823 321 2957 387 xiv.
2983 333 3075 400 27·

625 500 914 595 ροῦμεν.
1006 491 1119 573 ὅτι
1173 491 1249 573 δὲ
1297 487 1432 590 τὴν
1477 492 1699 572 αὐτοῦ
1752 499 1883 572 τοῦ
1937 495 2272 593 Χριστοῦ
2326 488 2773 593 παρουσίαν
2831 520 2916 567 τε
2968 487 3078 564 καὶ
3201 533 3202 592 ¹

630 614 930 713 δύναμιν
974 618 1390 719 ἀναπληροῖ
1429 612 1514 695 τὸ
1563 621 1865 713 Πνεῦμα
1918 614 2140 695 αὐτοῦ
2194 622 2344 698 τοῖς
2404 614 2656 715 ἁγίοις
2717 614 3072 705 ἐνοικοῦν,

631 742 750 817 καὶ
788 737 1025 820 πάντα
1064 735 1385 821 διδάσκει
1423 736 1611 842 ἅπερ
1662 735 1878 824 αὐτὸς
1920 735 2289 838 λελάληκε
2337 735 2528 840 πρὸς
2581 737 2812 836 ἡμᾶς,
2849 735 3078 816 πάλιν

630 860 802 961 ἡμῖν
838 863 1041 945 οὐδὲν
1077 864 1294 965 ἧττον
1330 864 1371 943 ὁ
1411 868 1715 950 Παῦλος
1764 868 2114 967 σαφηνιεῖ
2155 859 2392 963 λέγων
2429 872 2473 908 “
2501 861 2814 941 Τούτου
2860 857 3077 963 χάριν

567 999 612 1065 (1
635 995 677 1033 “
713 985 1021 1086 κάμπτω
1075 987 1169 1068 τὰ
1224 984 1500 1091 γόνατά
1553 1021 1694 1086 μου
1749 985 1932 1089 πρὸς
1984 984 2116 1065 τὸν
2175 985 2490 1086 Πατέρα,
2548 984 2644 1090 ἐξ
2701 982 2795 1064 οὗ
2861 988 3074 1064 πᾶσα
3093 1001 3122 1058 5

631 1117 676 1155 “
711 1107 980 1212 πατριὰ
1017 1110 1094 1190 ἕν
1130 1145 1209 1192 τε
1247 1113 1526 1219 οὐρανῷ
1564 1113 1682 1190 καὶ
1718 1112 1833 1191 ἐπὶ
1874 1113 2010 1210 γῆς
2045 1108 2486 1213 ὀνομάζεται,
2524 1108 2646 1188 ἵνα
2687 1106 2854 1214 δῴη
2906 1108 3074 1205 ὑμῖν

630 1242 675 1280 “
714 1232 899 1312 κατὰ
934 1234 1064 1314 τὸν
1089 1244 1416 1316 πλοῦτον
1449 1238 1577 1335 τῆς
1613 1233 1835 1341 δόξης
1872 1231 2161 1330 δυνάμει
2201 1236 2734 1337 κραταιωθῆναι
2771 1231 2906 1311 διὰ
2941 1239 3072 1312 τοῦ

633 1367 675 1405 “
716 1358 1138 1458 Πνεύματος
1193 1359 1414 1439 αὑτοῦ
1468 1364 1565 1442 εἰς
1621 1357 1750 1438 τὸν
1793 1355 1941 1437 ἔσω
1996 1356 2401 1461 ἄνθρωπον,
2439 1359 2889 1455 κατοικῆσαι
2939 1354 3070 1434 τὸν

633 1490 677 1529 “
713 1479 1046 1583 Χριστὸν
1082 1481 1200 1563 διὰ
1236 1485 1364 1582 τῆς
1399 1484 1716 1566 πίστεως
1753 1483 1830 1561 ε’ν
1865 1486 2022 1565 ταῖς
2057 1481 2379 1584 καρδίαις
2415 1482 2638 1577 ὑμῶν,
2685 1482 2765 1559 ἐν
2807 1477 3067 1583 ἀγάπῃ

631 1614 676 1651 “
710 1606 1156 1710 ε’ῤῥιζωμένοι
1213 1610 1331 1687 καὶ
1386 1604 1994 1705 τεθεμελιωμένοι,
2039 1604 2158 1684 ἵνα
2211 1603 2652 1712 ἐξισχύσητε
2716 1614 3060 1684 καταλα-
3091 1637 3143 1678 ιο

631 1736 675 1776 “
707 1727 975 1825 βέσθαι
1011 1729 1154 1810 σὺν
1189 1736 1377 1810 πᾶσι
1419 1737 1567 1813 τοῖς
1618 1729 1850 1831 ἁγίοις
1900 1730 1978 1808 τί
2014 1726 2101 1809 τὸ
2150 1729 2432 1811 πλάτος
2479 1732 2598 1808 καὶ
2649 1731 2899 1828 μῆκος
2948 1730 3064 1807 καὶ

633 1860 678 1899 “
713 1851 945 1946 βάθος
994 1856 1113 1932 καὶ
1165 1854 1375 1960 ὕψος,
1414 1854 1690 1955 γνῶναί
1733 1887 1811 1931 τε
1863 1851 1998 1951 τὴν
2033 1851 2650 1955 ὑπερβάλλουσαν
2688 1855 2826 1949 τῆς
2872 1850 3064 1953 γνῶ·

576 2013 613 2057 e
636 1982 680 2020 ‘⁶
716 2007 906 2060 σεως
964 1974 1259 2077 ἀγάπην
1312 1983 1443 2057 τοῦ
1500 1982 1856 2079 Χριστοῦ,
1912 1976 2029 2056 ἵνα
2090 1978 2524 2079 πληρωθῆτε
2587 1980 2690 2058 εἶς
2753 1981 2918 2056 πᾶν
2977 1974 3061 2055 τὸ

637 2106 684 2144 “
720 2096 1090 2199 πλήρωμα
1126 2108 1254 2180 τοῦ
1293 2100 1558 2181 Θεοῦ.”
3211 2201 3212 2222 ¹

747 2222 1191 2321 Σημειωτέον
1225 2221 1300 2305 δὲ
1336 2223 1584 2321 πάλιν,
1624 2222 1732 2304 ὅτι
1766 2221 2008 2304 πάντα
2055 2221 2174 2303 διὰ
2220 2230 2351 2304 τοῦ
2390 2220 2822 2321 Πνεύματος
2861 2225 3051 2304 ἀπο·
3081 2249 3137 2309 15

633 2343 1248 2450 καλυφθήσεσθαι
1283 2355 1432 2432 τοῖς
1477 2347 1705 2451 ἁγίοις
1754 2346 1991 2444 εἰπὼν,
2028 2347 2163 2451 οὐχ
2199 2347 2415 2454 ἑτέρῳ
2452 2347 2754 2427 δίδωσιν
2791 2347 3056 2429 αὐτοῦς

635 2469 1082 2579 διδασκάλῳ·
1141 2470 1244 2572 μὴ
1279 2480 1493 2552 τοῦτο
1539 2473 1871 2577 νομίσῃς·
1933 2472 2163 2577 ἑαυτῷ
2200 2469 2278 2551 δὲ
2312 2471 2725 2575 παρίστησι
2762 2469 2892 2551 διὰ
2925 2479 3054 2550 τοῦ

638 2594 1077 2695 Πνεύματος,
1115 2604 1486 2699 σαρκικοῖς
1523 2596 1653 2695 μὲν
1693 2597 1922 2677 οὐκέτι
1961 2596 2389 2702 φαινόμενος
2426 2599 2870 2704 ὀφθαλμοῖς,
2907 2604 3051 2679 τοῖς

303 2835 437 2892 839
457 2831 537 2888 A·
638 2718 863 2821 γεμὴν
901 2728 1178 2820 νοητοῖς
1214 2726 1341 2821 τῆς
1377 2722 1670 2824 καρδίας
1707 2719 1988 2820 ὄμμασι
2028 2726 2441 2825 θεοπρεπῶς
2480 2721 2992 2825 θεωρούμενος.

576 2846 614 2888 8

535 2941 609 3005 27
644 2933 924 3027 Εἰρήνην
970 2935 1209 3025 ἀφίημι
1264 2933 1430 3019 ὑμῖν,
1466 2935 1735 3028 εἰρι-ἰνΗν
1776 2937 1897 3005 τήν
1943 2937 2110 3014 ἐμὴν
2159 2936 2394 3014 δίδωμι
2450 2932 2620 3015 ὑμῖν·
2690 2937 2767 3002 οὐ
2827 2938 3132 3004 καθὼωο

297 854 428 919 Eph.
449 852 523 904 iii.

302 933 420 982 14-1
429 936 478 985 9.

743 3062 781 3130 ὁ
842 3064 1084 3140 κόσμος
1146 3062 1433 3145 δίδωσιν,
1488 3063 1623 3138 &nh
1681 3062 1918 3142 δίδωμι
1979 3058 2147 3140 ὑμῖν·
2220 3063 2308 3140 μὴ
2372 3065 2803 3154 ταρασσέσθω
2867 3063 3048 3141 ὑμῶν

742 3186 780 3251 ἡ
840 3188 1074 3279 καρδία
1127 3188 1294 3265 μηδὲ
1351 3187 1682 3254 δειλιάτω.

754 3339 884 3420 Εἰς
933 3332 1341 3436 ἀνάμνησιν
1382 3332 1688 3437 ἐνεγκὼν
1729 3332 1895 3418 τοῦς
1945 3334 2218 3436 ἁγίους,
2246 3332 2710 3418 ἀποστόλους
2764 3338 2901 3435 τῆς
2951 3340 3052 3421 εἷς

641 3458 981 3560 οὐρανοὺς
1037 3458 1485 3557 ἀναβάσεως,
1532 3463 1651 3539 καὶ
1701 3457 1810 3539 ὅτι
1858 3457 2546 3564 περιλειφθήσονται
2593 3456 2783 3538 κατὰ
2830 3469 3049 3540 τοῦτο

302 3586 514 3714 §gt-’¹⁸2⁵'
641 3580 851 3679 μόνοι
905 3582 1476 3684 παρασκευάσας
1521 3586 1782 3664 ε’ννοεῖν
1818 3582 1935 3664 διὰ
1989 3592 2118 3663 τοῦ
2174 3580 2402 3691 φάναι
2437 3594 2481 3631 “
2508 3588 2765 3663 Ταῦτα
2816 3584 3043 3664 λελά-
3073 3610 3134 3667 ²5

550 3708 615 3790 'b
644 3713 688 3751 “
724 3716 916 3804 ληκα
967 3705 1130 3803 ὑμῖν
1178 3707 1345 3807 παρ’
1397 3707 1560 3806 ὑμῖν
1602 3706 1909 3806 με’νων,”
1948 3707 2289 3807 συνίησιν
2331 3709 2410 3787 εὖ
2465 3705 2669 3804 μάλα
2721 3715 3042 3810 γοργῶς,

642 3824 766 3907 ἅτε
804 3825 893 3927 δὴ
932 3832 1046 3907 καὶ
1088 3825 1433 3934 ὑπάρχων
1467 3829 1652 3909 κατὰ
1688 3831 1917 3937 φύσιν
1953 3829 2160 3929 Θεὸς,
2195 3835 2292 3916 ὡς
2340 3832 2425 3911 οὐ
2473 3831 2769 3934 μετρίαν
2806 3833 3050 3915 αὐτοῖς

643 3950 976 4033 ε’ντέθεικε
1012 3949 1144 4052 τὴν
1180 3953 1439 4034 πτοίαν
1478 3956 1517 4034 ὁ
1568 3954 1815 4057 λόγος,
1855 3955 2290 4057 τεθορύβηκε
2342 3954 2418 4034 δὲ
2472 3959 2734 4052 δεινῶς,
2775 3958 2896 4035 καὶ
2944 3960 3048 4063 τῷ

641 4074 850 4177 βάρει
913 4080 1040 4175 τῆς
1101 4076 1339 4177 λύπης
1401 4079 1947 4184 καταφορτίσας
2014 4078 2142 4159 τὸν
2207 4077 2519 4160 ἑκάστου
2581 4079 3045 4161 κατεθόλωσε

642 4207 832 4280 νοῦν.
915 4201 992 4279 τί
1021 4199 1165 4304 γὰρ
1217 4199 1307 4281 ἂν
1343 4201 1624 4304 γένοιτο
1672 4206 1798 4301 τῆς
1851 4203 2090 4302 λύπης
2137 4202 2222 4284 τὸ
2271 4204 2910 4308 δυσαχθέστερονς
2974 4205 3053 4283 τί
3068 4233 3136 4290 3ο

641 4323 718 4404 δὲ
753 4326 939 4420 οὕτω
979 4323 1346 4429 φορτικὸν,
1385 4328 1481 4408 ὡς
1520 4331 1665 4404 τῶν
1699 4327 2017 4425 ἡδίστων
2052 4328 2097 4427 ἦ
2135 4329 2581 4431 παραίρεσις,
2619 4329 2737 4407 καὶ
2773 4325 2859 4407 τὸ
2895 4334 3044 4407 τῶν

712 4507 765 4565 7.
801 4494 863 4549 τὸ
897 4496 1125 4552 πλοῦτος
1160 4494 1229 4550 Ε.
1257 4496 1350 4550 τὸν
1381 4497 1612 4551 πλοῦτον
1647 4495 1842 4551 retinui
1879 4496 1949 4551 cf.
1975 4474 2138 4568 supra
2168 4511 2327 4569 173c,
2354 4496 2422 4552 de
2459 4495 2625 4553 Recta
2660 4496 2790 4551 Fide
2828 4510 2899 4567 70
2921 4496 2958 4552 d
2983 4498 3041 4567 (a

639 4565 820 4621 Tisch.
846 4564 980 4635 cit..)
1200 4567 1283 4622 18.
1322 4569 1587 4637 σαρκικοῖς
1609 4566 1705 4635 μὲν
1727 4566 1896 4621 οὐκέτι
1921 4585 2029 4622 om.
2059 4567 2122 4624 Ε.
2337 4569 2424 4623 28.
2461 4567 2694 4637 ε’ντέθηκε
2723 4568 2788 4623 Ε.
