3238 5158
204 324 470 413 mag.
794 328 937 406 ΙΝ,
966 329 1034 396 s,
1083 290 1597 396 JoANNEM.
1690 329 1882 395 ΜΒ.
1929 326 2010 395 x.
2473 330 2604 396 499

205 488 492 591 ἀληθὲς,
529 489 781 597 ὥσπερ
837 497 963 576 οῦν
1011 494 1299 597 ἀληθὲς,
1339 493 1528 579 Θεὸς
1582 498 1702 576 καὶ
1754 498 1832 575 ἐκ
1880 499 2074 575 Θεοῦ
2127 494 2212 574 τὸ
2266 500 2597 594 Πνεῦμα,

203 614 529 720 καθάπερ
583 615 980 719 εἰρήκαμεν.
1055 618 1514 726 διαφεύξεται
1565 617 1711 722 γὰρ
1764 623 1912 699 τῶν
1951 617 2179 698 ὄντων
2223 616 2425 699 οὐδὲν
2468 618 2602 717 τὴν

204 747 335 819 τοῦ
393 744 835 841 πεποιῆσθαι
894 743 1137 895 δόξαν,
1194 748 1256 823 εὶ
1308 741 1409 843 μὴ
1462 742 1682 843 μόνος
1736 742 1779 822 5
1834 738 2056 850 φύσει
2112 739 2319 840 Θεὸς,
2373 741 2464 850 ἐξ
2518 742 2604 822 οῦ

206 862 544 963 δηλονότι
598 866 853 969 προῖὸν
897 868 1218 973 ἀρῤήτως
1272 865 1359 948 τὸ
1414 873 1717 967 Πνεῦμα
1768 864 1855 948 τὸ
1898 864 2188 968 “Αγιον,
2238 870 2335 952 ὡς
2389 864 2605 950 αὐτὸς

130 1014 174 1075 5
206 984 296 1092 ἐξ
323 987 541 1092 οὗπέρ
574 992 798 1088 ἐστιν,
833 994 911 1072 ἐν
944 992 1113 1092 ἡμῖν
1149 997 1478 1073 κατοικεῖ.
1564 990 1744 1071 ἴδιον
1776 990 1921 1095 γάρ
1968 992 2129 1074 ἐστι
2178 994 2307 1093 τῆς
2353 990 2605 1075 οὐσίας

208 1111 446 1210 αὐτοῦ,
483 1117 602 1194 καὶ
637 1113 931 1216 ποιότης
964 1113 1213 1219 ὥσπερ
1248 1120 1376 1215 τῆς
1412 1114 1788 1217 ἁγιότητος
1824 1116 2068 1195 αὐτοῦ.

345 1239 492 1315 Καὶ
560 1247 788 1319 ταῦτα
859 1237 994 1337 μὲν
1056 1238 1196 1340 ἤδη
1258 1238 1442 1343 πρὸς
1505 1238 1823 1324 τούτους·
1905 1237 2088 1342 πρὸς
2151 1238 2240 1320 δέ
2288 1272 2371 1340 γε
2437 1235 2605 1322 τοῦς

209 1357 654 1459 Ἀνομοίους,
690 1365 808 1443 καὶ
851 1371 1194 1463 πολεμεῖν
1229 1361 1633 1465 ἐγνωκότας
1666 1367 1771 1471 τῷ
1805 1367 1980 1470 Υῖῷ,
2019 1361 2087 1443 οἳ
2124 1365 2241 1443 καὶ
2276 1359 2604 1468 ἀδελφὴν
2629 1370 2673 1434 b

215 1484 332 1561 καὶ
368 1486 653 1585 γείτονα
687 1493 837 1571 τοῖς
872 1487 1130 1591 ἀρτίως
1166 1487 1336 1589 ἡμῖν
1372 1486 1761 1591 εἰρημένοις
1798 1495 2105 1566 νοσοῦσι
2139 1486 2426 1585 μανίαν,
2467 1489 2606 1589 ε’ρῶ

16 1676 27 1697 .
98 1648 189 1690 10
214 1638 284 1685 τι
316 1613 459 1689 τῶν
495 1611 920 1712 ἀναγκαίων.
975 1610 1139 1693 Ἐαίν
1174 1648 1280 1699 τις
1314 1617 1590 1721 ἀγαπᾷ
1625 1646 1741 1717 με,
1781 1608 1885 1692 τὸν
1920 1611 2123 1714 λὸγον
2161 1646 2294 1717 μου
2330 1612 2605 1716 τηρήσει,

16 2302 19 2341 ἒ

216 1734 334 1811 καὶ
385 1740 415 1813 ὁ
457 1736 682 1843 Πατῆρ
735 1771 867 1842 μου
923 1737 1280 1840 ἀγαπήσει
1333 1737 1548 1834 αὑτὸν,
1590 1742 1710 1815 καὶ
1760 1735 1927 1844 πρὸς
1971 1734 2164 1818 αὐτὸν
2199 1732 2609 1841 ἐλευσόμεθα

214 1858 338 1935 καὶ
394 1854 584 1963 μονῆν
629 1864 792 1968 παρ’
832 1865 1013 1968 αὐτῷ
1065 1856 1505 1966 ποιησέμεθα.
1577 1859 1654 1940 τί
1704 1860 1851 1958 οὖν,
1897 1855 1956 1938 ὦ
2010 1865 2339 1960 γενναῖοι,
2388 1856 2603 1967 φατὲ,

212 1980 686 2062 διαπυθέσθαι
724 1982 913 2068 τινὸς
949 1983 1289 2069 θέλοντος
1323 1986 1442 2065 καὶ
1478 1989 1732 2084 μαθεῖν
1767 1983 2137 2091 ἀξιοῦντος
2179 1983 2349 2086 παρ’
2391 1984 2608 2080 ὑμῶν,

209 2102 513 2209 πότερόν
547 2140 724 2187 ποτε
774 2107 902 2188 δύο
951 2106 1153 2193 θεοὺς
1201 2108 1532 2215 ἕξομεν’
1495 2115 1957 2206 ενοικοῦντας,
1996 2105 2124 2187 τὸν
2162 2106 2458 2211 Πατερα
2493 2107 2611 2186 καὶ

92 2251 181 2311 15
209 2226 340 2308 τὸν
373 2227 579 2310 Υἶόν·
640 2229 687 2333 ἢ
726 2232 913 2316 Θεὸς
960 2231 1058 2316 εἷς
1106 2235 1181 2312 ἐν
1214 2233 1383 2332 ἡμῖν
1419 2232 1684 2313 νοεῖταί
1721 2266 1800 2313 τε
1854 2234 1970 2312 καὶ
2020 2265 2223 2311 εστιν
2258 2233 2600 2331 ἀληθῶς·
2579 2291 2602 2328 ,

211 2359 272 2433 εἶ
308 2351 438 2452 μὲν
473 2354 618 2457 γὰρ
654 2353 889 2459 ἕτερός
936 2358 1095 2436 ἐστι
1146 2354 1327 2437 κατὰ
1378 2355 1606 2463 φύσιν
1645 2356 1685 2435 5
1722 2355 1897 2439 Υἱὸς
1944 2362 2320 2441 παντελῶς
2369 2356 2486 2434 καὶ
2533 2355 2612 2433 ἐν

209 2478 356 2586 ἰδίᾳ
398 2482 537 2558 τινὶ
589 2479 811 2587 φύσει
867 2479 1259 2581 νοούμενος,
1303 2486 1458 2563 πῶς
1510 2481 1640 2560 οὐκ
1693 2478 1971 2581 ἀνάγκη
2026 2478 2252 2560 δυάδα
2309 2482 2492 2559 θεῶν
2534 2478 2610 2557 ἐν
2633 2507 2670 2551 ο

207 2600 380 2703 ἡμῖν
422 2604 763 2705 γενέσθαι
811 2604 1195 2701 πιστεύειν,
1234 2603 1406 2684 ὅταν
1456 2611 1782 2709 τηρῶμεν
1830 2603 1961 2689 τὰς
2006 2601 2355 2699 ἐντολάς;
2419 2606 2480 2682 εἶ
2534 2600 2610 2680 δὲ

212 2729 369 2807 ναοὶ
405 2725 948 2832 χρηματίζὸμεν,
984 2727 1141 2813 ἑνὸς
1178 2726 1509 2828 δηλονότι
1548 2730 1666 2807 καὶ
1709 2729 1793 2808 οὐ
1829 2727 1956 2808 δύο
1992 2732 2196 2825 θεῶν,
2235 2724 2409 2805 ὅταν
2443 2724 2612 2824 ἡμῖν

88 2884 182 2925 20
211 2849 256 2928 5
305 2850 564 2954 Πατὴρ
619 2856 738 2932 καὶ
791 2852 834 2931 5
871 2850 1050 2935 Υἱὸς
1103 2849 1623 2953 ἐναυλίζωνται,
1658 2857 1861 2935 ποῖος
1915 2853 1993 2931 έν
2033 2852 2202 2952 ἡμῖν
2237 2849 2342 2929 ἔτι
2390 2847 2614 2950 λόγος

207 2975 611 3055 συστέλλει
662 2974 846 3079 πρὸς
899 2974 1200 3076 ἑνότητα
1253 2973 1420 3060 τοὺς
1473 2976 1624 3075 δύο,
1668 2979 1798 3075 τῆς
1853 2975 2005 3056 κατ’
2047 2974 2297 3059 οὐσίας
2352 2969 2611 3052 ταυτό-

208 3131 425 3198 τητος
461 3101 591 3180 οὐκ
635 3097 944 3205 ἐχούσης
989 3100 1237 3198 τόπον,
1273 3098 1456 3180 κατά
1505 3134 1592 3202 γε
1642 3099 1774 3199 τὴν
1810 3098 2152 3202 ὑμετέραν
2188 3095 2608 3205 φρενοβλά-

202 3230 460 3320 βειαν,
520 3219 568 3323 ἢ
619 3222 764 3327 γὰρ
814 3220 1092 3325 ἀνάγκη
1142 3221 1408 3325 λέγειν,
1452 3222 1563 3303 ὅτι
1614 3226 1852 3331 ψευδῆ
1909 3222 2091 3327 πρὸς
2144 3222 2331 3323 ἡμᾶς
2385 3219 2610 3301 λελά-

201 3357 431 3446 ληκεν
465 3347 506 3425 5
542 3344 891 3451 Χριστὸς,
926 3345 1323 3449 ἐνοικίζεται
1362 3345 1438 3427 δὲ
1485 3346 1705 3446 μόνος
1755 3347 1923 3448 ἡμῖν
1957 3348 1998 3427 5
2038 3345 2297 3449 Πατὴρ
2333 3342 2451 3426 διὰ
2485 3353 2614 3425 τοῦ

81 3494 174 3556 25
208 3470 660 3571 Πνεύματος·
728 3472 952 3575 ἤγουν
1005 3473 1261 3552 ἐνοικεῖ
1304 3470 1436 3571 μὲν
1489 3470 1725 3569 αὐτὸς,
1773 3469 2036 3553 ἄπεστι
2091 3469 2166 3550 δὲ
2225 3471 2265 3551 5
2319 3466 2604 3572 Πατήρ.
2635 3476 2680 3542 d

205 3593 416 3676 ἀλλὰ
489 3603 700 3676 τοῦτο
773 3595 1072 3675 ἄτοπον·
1162 3593 1260 3680 εἷς
1333 3593 1411 3676 δὲ
1485 3593 1674 3679 Θεὸς
1745 3597 1819 3674 ἐν
1887 3596 2077 3697 ἡμῖν,
2144 3595 2317 3676 ὅταν
2389 3593 2613 3700 ἀμφω

202 3719 585 3819 λάβωμεν.
669 3720 804 3824 οὐχ
866 3718 1329 3821 ἑτεροούσιος.
1372 3717 1514 3822 ἄρα
1570 3718 1753 3822 πρὸς
1809 3719 1938 3800 τὸν
2005 3721 2259 3800 ἑαυτοῦ
2320 3717 2615 3820 Πατέρα

203 3849 542 3951 φανεῖται
595 3839 855 3924 λοιπὸν
903 3845 946 3923 5
994 3839 1438 3946 Μονογενὴς,
1475 3844 1644 3922 ἀλλ’
1685 3842 1777 3951 ἐξ
1825 3844 2044 3924 αὐτοῦ
2099 3846 2216 3924 καὶ
2270 3844 2347 3921 ἐν
2392 3842 2610 3945 αὐτῷ,

200 3963 534 4070 καθάπερ
579 3968 654 4048 ἐν
686 3971 791 4075 τῷ
840 3969 1030 4073 φωτὶ
1083 3964 1169 4047 τὸ
1221 3965 1677 4067 ἀπαύγασμα
1726 3965 1810 4046 τὸ
1858 3965 1948 4074 ἐξ
1993 3967 2235 4046 αὑτοῦ.
2314 3964 2419 4066 ε’ίη
2468 3962 2614 4067 γὰρ

78 4125 174 4184 30
201 4087 299 4171 ἂν
334 4091 521 4171 οὕτω
572 4094 689 4172 καὶ
741 4091 876 4196 οὐχ
927 4091 1181 4194 ἑτέρως
1232 4089 1280 4190 ἡ
1332 4098 1464 4170 τοῦ
1509 4090 1912 4194 μυστηρίου
1959 4089 2256 4189 δύναμις
2304 4087 2607 4188 ἀληθής.

277 4370 337 4425 9.
370 4350 607 4434 dprlue‘
580 4353 702 4420 ημῖν
724 4350 1007 4424 εἰρημένοις
1026 4350 1132 4406 hoe
1156 4348 1345 4406 ordine
1369 4350 1435 4406 Ε.
1461 4347 1795 4440 εἰρημένοις’
1769 4350 1943 4419 ημῖν’
2010 4350 2101 4406 ι’ως
2124 4348 2229 4404 Ed.
2479 4363 2618 4401 12-

198 4442 262 4497 p.
280 4437 410 4492 500,
436 4440 470 4493 9
496 4423 624 4477 citat
646 4441 703 4493 p.
1046 4438 1131 4494 13
1168 4421 1413 4481 θέλοντος
1437 4421 1502 4476 Ε.
1505 4440 1560 4493 p.
1585 4420 1858 4478 ἐθέλοντος
1973 4459 1986 4473 .
2087 4420 2279 4474 Statim
2305 4418 2389 4473 καὶ
2412 4434 2522 4472 om.
2550 4416 2616 4469 Ε.

242 4496 495 4563 4.μόνος
519 4492 583 4547 Ε.
586 4512 642 4564 p.
666 4494 825 4561 μόνον
848 4492 952 4549 Ed.
1520 4493 1608 4548 28.
1645 4492 1803 4547 αὐτοῦ
1829 4491 1895 4546 Ε.
1919 4492 2105 4547 ἑαυτοῦ
2130 4489 2235 4545 Ed.
2344 4488 2618 4543 Incertum

204 4564 368 4637 (folio
392 4562 645 4634 lacerato)
672 4581 728 4635 p.

1323 4666 1363 4732 3
1394 4663 1426 4710 s
1460 4663 1498 4712 α
