3238 5158
236 332 497 421 &43
628 334 745 399 IN
807 336 1431 405 S.JOANNEM.
1523 338 1833 405 LIB.V.
1924 337 2242 404 CARV.
2552 338 2638 401 89

235 493 399 580 ἔθος
450 508 836 602 τοιγαροῦν
879 506 984 608 τῷ
1034 505 1319 605 Σωτῆρι
1366 506 1676 610 Χριστῷ
1728 499 1857 582 τὸν
1899 498 2033 602 μὲν
2075 496 2222 582 ἀπὸ
2278 498 2640 603 γλώσσης

237 621 797 724 ἀναβρασθέντα
834 622 1062 726 λόγον
1089 626 1174 704 οὐ
1207 624 1497 709 πάντως
1532 624 1946 731 ἐκδέχεσθαι
1979 631 2125 705 τῶν
2156 621 2641 705 ἀπειθούντων

235 744 454 852 αὐτῷ,
509 747 761 850 ἐνορᾶν
814 744 889 826 δὲ
942 754 1235 846 μᾶλλον
1287 754 1383 833 εἷς
1440 750 1732 853 καρδίας
1788 753 1906 829 καὶ
1960 747 2282 854 νεφροὺς,
2341 750 2457 827 καὶ
2511 744 2643 830 τὰς

233 867 657 970 ἀποκρίσεις
714 876 1074 952 ποιεῖσθαι
1131 870 1316 975 πρὸς
1373 869 1541 956 τοὺς
1596 874 1672 953 ἐν
1726 877 1829 979 τῷ
1890 872 2101 966 βάθει
2163 875 2292 970 τῆς
2349 870 2642 974 καρδίας
2667 901 2703 945 e

174 1010 210 1073 5
235 991 478 1071 αὐτῶν
520 994 1054 1099 στρεφομένους
1112 995 1214 1074 ἔτι
1269 995 1815 1096 διαλογισμούς.
1898 995 2274 1100 ἅνθρωπος
2326 992 2459 1092 μὲν
2499 992 2643 1096 γὰρ

232 1115 366 1197 οὐκ
423 1115 625 1200 εἰδὼς
677 1116 771 1198 τὰ
825 1120 901 1198 ε’ν
950 1117 1165 1225 ἑτέρῳ
1221 1118 1684 1219 διανοήματα,
1732 1117 1862 1199 τὸν
1909 1116 2357 1227 προφορικὸν
2406 1120 2633 1218 ἀναγ-

233 1237 457 1324 καίως
493 1239 845 1347 ἐκδέξεται
880 1239 1128 1342 λόγον,
1158 1241 1345 1327 Θεὸς
1380 1240 1458 1323 δὲ
1495 1244 1632 1348 οὐχ
1668 1244 1911 1329 οὕτως·
1968 1241 2209 1323 πάντα
2245 1240 2388 1344 γὰρ
2425 1240 2643 1338 εἰδὼς,

233 1364 398 1445 ἀντὶ
450 1368 700 1468 φωνῆς
747 1364 892 1469 ἔχει
939 1400 1026 1446 το
1076 1364 1431 1464 ἐνθύμιον.
1509 1363 1749 1465 ἐπειδὴ
1795 1367 2035 1448 τοίνυν
2076 1368 2217 1475 ἔφη
2267 1373 2415 1449 τοῖς
2449 1365 2639 1444 Ἰου-

234 1489 537 1571 δαίοις”
506 1522 545 1567 ο
589 1487 854 1592 Κύριος
897 1488 1320 1588 ἐληλυθέναι
1368 1487 1499 1589 μὲν
1537 1491 1664 1570 οὐκ
1716 1490 1844 1596 ἀφ’
1881 1491 2157 1587 ἑαυτοῦ,
2195 1484 2599 1590 καθάπερ’
2555 1522 2646 1585 ην

136 1637 213 1679 10
235 1610 403 1694 ἔθος
441 1619 590 1695 τοῖς
625 1613 714 1719 ἐξ
744 1611 1002 1697 οἰκείας
1038 1612 1350 1714 γνώμης,
1389 1615 1506 1693 καὶ
1544 1615 1673 1692 οὐκ
1716 1615 1795 1692 ἐκ
1845 1614 2036 1693 θείου
2074 1613 2568 1712 Πνεύματος’
2531 1614 2648 1691 επὶ

233 1769 322 1815 το
361 1735 843 1839 προφητεύειν
877 1736 1275 1840 βαδίζουσι,
1312 1736 1733 1844 πεπέμφθαι
1770 1735 1997 1841 γεμὴν
2032 1735 2234 1839 παρὰ
2268 1744 2396 1815 τοῦ
2434 1740 2647 1833 Θεοῦ,

236 1862 783 1956 διενθυμοῦνται
828 1857 1081 1958 πάλιν,
1116 1860 1274 1961 ἤτοι
1322 1860 1847 1964 διαλογίζονται
1896 1858 2062 1941 καθ’
2101 1857 2412 1958 ἑαυτοὺς,
2448 1858 2493 1960 ἢ
2532 1861 2648 1940 καὶ
2674 1891 2710 1931 a
2753 1878 2884 1932 556
2910 1877 2981 1930 A.

236 1980 661 2083 λεληθότως
697 1981 1054 2083 ἀλλήλοις
1090 1982 1671 2091 ἐμψιθυρίζοντες
1713 1985 2041 2091 ἔφασκον
2081 1987 2372 2064 Πολλοὶ
2417 1993 2644 2063 λελα-

236 2103 525 2205 λήκασι
556 2110 928 2214 προφῆται
973 2105 1068 2187 τὰ
1110 2106 1311 2211 παρὰ
1346 2116 1475 2189 τοῦ
1514 2114 1727 2206 Θεοῦ,
1765 2110 1882 2189 καὶ
1927 2108 2093 2193 τοὺς
2129 2110 2206 2188 ἐκ
2240 2117 2372 2188 τοῦ
2411 2113 2484 2187 Π
2491 2106 2647 2187 νεύ-

141 2254 213 2316 15
237 2263 475 2328 ματος
529 2235 623 2314 εἷς
677 2231 864 2331 ἡμᾶς
919 2228 1384 2330 εἷσεκόμισαν
1432 2229 1720 2335 λόγους,
1771 2235 1939 2312 ἀλλ’
1981 2233 2401 2336 εὑρίσκομεν
2451 2231 2652 2310 οὐδὲν

236 2356 414 2457 παρ’
494 2354 778 2440 ἐκείνοις
849 2362 1199 2453 τοιοῦτον,
1278 2357 1530 2436 ὁποῖον
1602 2359 1679 2436 ἒν
1749 2364 1900 2440 τοῖς
1971 2356 2229 2437 τούτου
2300 2354 2646 2460 ῥήμασιν.

240 2477 599 2584 ἀποφέρει
651 2476 798 2582 γὰρ
851 2485 1226 2562 παντελῶς
1283 2482 1414 2577 τῆς
1462 2477 1647 2559 κατὰ
1701 2476 1921 2581 νόμον
1976 2480 2331 2584 λατρείας,
2383 2482 2500 2559 καὶ
2557 2484 2654 2563 εἷς

243 2601 502 2705 ἑτέραν
545 2599 707 2682 τινὰ
757 2603 1150 2704 μεθίστησι
1203 2602 1596 2703 πολιτείαν,
1636 2608 1752 2685 καὶ
1801 2605 2013 2711 ξένην
2055 2606 2225 2705 ἡμῖν
2262 2610 2658 2705 εἰσηγεῖται

242 2725 417 2821 βίου
473 2723 860 2828 διαγωγήν.
943 2728 1200 2807 οὐκοῦν
1234 2728 1680 2834 ἀσύμφωνος
1727 2731 2066 2829 ἐναργῶς,
2106 2728 2533 2825 ἀσύμβατος
2583 2727 2658 2806 δὲ

144 2883 217 2925 20
244 2855 398 2933 τοῖς
455 2848 691 2928 πάλαι
748 2849 1044 2951 γέγονεν
1103 2852 1144 2929 ὁ
1201 2851 1425 2954 λόγος
1481 2853 1699 2958 αὐτῷ.
1807 2860 2033 2931 ταῦτα
2089 2849 2271 2930 κατὰ
2324 2849 2410 2929 τὸ
2474 2850 2658 2932 εἰκὸς

244 2974 539 3074 ἐπείπερ
613 2976 853 3054 ε’θεᾶτο
927 2975 1553 3074 διενθυμουμένους
1622 2974 1896 3072 αὐτοὺς,
1963 2972 2231 3058 δεικνὺς
2296 2973 2405 3053 ὅτι
2470 2973 2655 3059 Θεὸς
2680 2987 2724 3053 b

247 3095 438 3176 κατὰ
503 3094 734 3202 φύσιν
795 3099 977 3195 ἐστὶ,
1041 3101 1159 3178 καὶ
1232 3097 1325 3177 τὰ
1397 3101 1473 3179 ἐν
1538 3099 1853 3201 καρδίαις
1925 3097 2123 3180 εἰδὼς
2195 3097 2658 3197 βουλεύματα

244 3219 817 3322 προσλαμβάνει
889 3221 1015 3300 καί
1083 3227 1274 3328 φησι
1335 3222 1480 3302 Aac}
1554 3224 1624 3301 τί
1693 3219 1802 3316 τὴν
1864 3222 2129 3302 λαλιὰν
2194 3218 2300 3315 τῆν
2364 3219 2520 3328 ἐμὴν
2590 3226 2657 3302 οὐ

245 3342 662 3445 γινῶσκετες
738 3342 833 3424 ’ὅτι
904 3350 974 3426 οὐ
1040 3339 1314 3426 δύνασθε
1376 3344 1633 3427 ἀκούειν
1687 3345 1790 3427 τὶν
1845 3346 2048 3448 λέγον
2103 3344 2206 3426 τὶν
2261 3346 2433 3450 ἐμόν.
2530 3345 2657 3424 οὐκ

152 3494 222 3552 25
248 3462 599 3566 ἠγνᾶηκα,
655 3468 909 3571 φησὶν,
970 3472 1066 3552 ὡς
1127 3466 1259 3568 τὴν
1315 3468 1490 3568 ἐμὴν
1548 3475 1617 3549 οὐ
1674 3463 1944 3549 δύνασθε
1999 3468 2313 3548 συνιέναι
2371 3466 2656 3565 λαλιᾶν,

248 3591 409 3690 ἤτοι
447 3591 953 3682 διδασκαλίαν,
994 3593 1167 3671 ἀλλ’
1208 3594 1345 3694 ε’ρῶ
1382 3589 1513 3691 τὴν
1550 3593 1781 3671 αἰτίαν
1820 3594 1984 3690 ὑμῖν
2018 3600 2148 3671 τοῦ
2196 3591 2651 3695 πράγματος,

248 3718 366 3793 καὶ
420 3715 504 3793 τί
552 3709 638 3791 τὸ
692 3712 1043 3811 ἐμποδὼν,
1091 3712 1532 3813 καταστήσω
1586 3714 1845 3821 σαφές.
1930 3721 1998 3795 οὐ
2040 3710 2313 3795 δύνασθε
2358 3716 2463 3796 τὶν
2506 3716 2657 3821 ἐμὶν

248 3840 552 3918 οἰκοδο-αι
591 3839 817 3938 λόγον·
877 3838 963 3918 τὸ
1001 3837 1087 3917 δέ
1115 3842 1223 3918 Οὐ
1262 3834 1545 3917 δύναισθέ
1570 3845 1823 3942 φησιν,
1862 3840 2290 3921 ἀτονοῦντας
2335 3839 2656 3943 ἐλέγχων
2681 3875 2715 3917 ο

249 3965 413 4062 περὶ
490 3958 578 4038 τὸ
660 3962 944 4044 τελείως
1030 3958 1327 4063 ἀγαθὸν,
1400 3959 1518 4039 διὰ
1592 3959 1678 4039 τὸ
1756 3962 1953 4045 ἰδίοις
2029 3967 2657 4064 προκεκρατῆσθαι

159 4104 230 4159 30
254 4084 597 4165 πάθεσιν.
679 4086 1066 4188 ἀπονευροῖ
1109 4082 1242 4184 μὲν
1290 4082 1434 4187 γὰρ
1488 4085 1533 4184 ἡ
1591 4085 1976 4189 φιληδονία
2032 4083 2159 4164 τὸν
2211 4094 2398 4183 νοῦν,
2441 4089 2557 4165 καὶ
2612 4087 2657 4186 ἡ

368 4295 546 4352 ,ἔθος
571 4294 636 4348 Β.
639 4310 687 4348 a.
714 4294 853 4350 ἔστω
881 4293 1062 4350 Holst.
1090 4293 1195 4349 Ed.
1398 4312 1451 4365 3.
1489 4295 1573 4348 καὶ
1595 4294 1690 4350 alt.
1716 4303 2055 4365 assumptum
2080 4312 2145 4348 ex
2169 4311 2217 4348 ει.
2425 4311 2508 4349 12.
2547 4293 2659 4349 δια-

258 4419 591 4487 λογιζομενοι
617 4415 684 4470 Β.
1046 4431 1110 4482 14
1076 4433 1129 4482 4.
1167 4416 1231 4469 τὰ
1258 4414 1323 4469 Β.
1327 4432 1375 4470 a.
1403 4414 1501 4469 Ht.
1527 4413 1588 4468 τὸ
1612 4414 1760 4470 Aub.
1863 4414 2054 4469 Statim
2079 4413 2220 4483 παρὰ
2243 4431 2291 4467 a.
2315 4436 2436 4484 περι
2462 4413 2529 4469 Β.
2554 4413 2659 4469 Ed.

257 4484 880 4630 Ξὲκρζὶρῖρξθλαῗμβιξνεὲἕ.
905 4486 1265 4556 προλαμβάνει
1289 4503 1337 4541 a.
1365 4484 1463 4539 Ht.
1489 4484 1593 4540 Ed.
1755 4500 1839 4555 29.
1875 4483 2323 4555 προκεκρατῆσθαι
2350 4484 2415 4541 Β.
2419 4502 2467 4540 a.
2491 4505 2661 4554 προσ-

341 4658 490 4704 voL.
524 4658 601 4702 11.
1474 4656 1519 4699 N
