3238 5158
614 335 740 399 114
1216 342 1295 405 B.
1344 338 1767 405 OYRILLI
1827 284 2408 402 ALEXANDR.
2747 329 3012 410 viii-5¹·

611 499 798 602 ζωὴν
859 500 1147 582 διδόντα
1209 502 1344 602 τὴν
1409 503 1696 583 αἰώνιον
1769 508 1918 586 τοῖς
1977 498 2315 581 ἐθέλουσι
2378 504 2589 607 τηρεῖν
2643 496 2748 577 τὶν
2809 494 3015 594 λόγον

614 625 854 704 αὐτοῦ.
915 623 963 725 ἢ
1000 625 1146 729 γὰρ
1184 627 1342 731 οὐχὶ
1380 624 1567 705 κατὰ
1601 625 1833 731 φύσιν
1863 622 2207 729 ὑπάρχων
2235 622 2422 708 Θεὸς
2457 622 2572 701 καὶ
2608 617 2726 699 διὰ
2758 615 3017 696 τούτου

611 748 1167 850 γνωσθήσεται;
1231 749 1370 829 τίνι
1415 747 1559 852 γὰρ
1606 746 1697 828 ἂν
1732 747 1949 856 ἑτέρῳ
1992 745 2251 851 πρέποι
2299 743 2386 827 τὸ
2440 743 2794 824 δύνασθαι
2828 739 3011 843 ζωο-

611 877 839 950 ποιεῖν
873 874 1096 951 εἰσαεὶ
1129 870 1296 957 τοῦς
1329 877 1476 952 τῶν
1511 873 1683 974 παρ’
1724 873 1943 951 αὐτοῦ
1980 868 2469 974 ἀκροωμένους
2504 865 2771 968 λόγων,
2809 868 2868 941 εἰ
2912 859 3018 961 μὴ

557 1013 593 1056 θ
615 998 720 1101 τῷ
754 1027 841 1096 γε
877 993 1031 1074 ὄντι
1066 993 1251 1075 κατὰ
1288 995 1517 1101 φύσιν
1539 1000 1754 1102 Θεῷς
1798 1002 2112 1098 τηρεῖται
2149 992 2379 1096 γεμὴν
2406 993 2447 1072 5
2483 989 2707 1092 λόγος
2741 989 2782 1068 5
2810 993 3017 1081 θεῖος,
3047 1008 3084 1070 5

615 1118 700 1196 οὗ
734 1118 1308 1220 παραβαίνοντός
1343 1151 1535 1202 τινος
1579 1114 1713 1217 τὴν
1749 1117 1947 1197 θείαν
1983 1115 2307 1217 ἐντολὴν,
2345 1116 2514 1195 ἀλλ’
2554 1109 3021 1209 ἐνισταμένου

613 1242 734 1319 καὶ
787 1243 1099 1344 δρῶντος
1153 1244 1510 1342 ἀμελλητὶ
1564 1238 1651 1321 τὸ
1707 1239 2284 1338 κεκελευσμένον,
2337 1240 2454 1319 καὶ
2511 1234 2694 1316 κατὰ
2745 1232 3022 1335 μηδένα

614 1361 885 1466 τρόπον
937 1365 1044 1444 ἐπ’
1097 1365 1316 1471 ἀργίᾳ
1371 1371 1517 1444 τῶν
1570 1365 1778 1444 θείων
1833 1364 2452 1467 κατηγορουμένου
2508 1360 2768 1458 νόμων.
2853 1358 3015 1435 ἐπι·

615 1484 809 1589 τήρει
863 1485 940 1567 δὲ
994 1485 1221 1568 πάλιν
1274 1486 1461 1591 ὅσην
1517 1490 1558 1567 5
1613 1485 1841 1590 λόγος
1893 1487 2039 1592 ἔχει
2092 1484 2225 1587 τὴν
2280 1488 2670 1590 ἀκρίβειαν·
2735 1482 2819 1561 οὐ
2874 1477 3024 1583 γὰρ

613 1609 962 1715 ἠνέσχετο
1004 1609 1241 1712 λέγειν
1274 1608 1457 1691 Ἐάν
1494 1645 1600 1693 τις
1650 1610 1781 1690 τὸν
1816 1609 1990 1709 ἐμὸν
2025 1609 2307 1715 ἀκούσῃ
2360 1607 2611 1710 λόγον,
2648 1606 2817 1684 ἀλλ’
2856 1602 3024 1682 Ἐάν
3057 1636 3130 1675 ιο

617 1769 718 1819 τις
765 1734 871 1815 τὶν
907 1732 1059 1840 ἐμὶν
1094 1736 1300 1838 λόγον
1332 1737 1589 1848 τηρήσῃ.
1670 1734 1996 1840 δέχονται
2045 1733 2177 1833 μὲν
2219 1732 2363 1836 γὰρ
2413 1738 2509 1817 εὶς
2559 1730 2683 1816 οὖς
2730 1725 2856 1808 τὸν
2892 1733 3025 1805 τοῦ

618 1861 812 1937 Θεοῦ
851 1856 1099 1957 λόγον,
1138 1859 1267 1937 οὐκ
1316 1856 1683 1961 ἅνθρωποι
1724 1857 1947 1956 μόνον
1983 1857 2334 1960 ἁμαρτίας
2377 1855 2629 1960 ἔνοχοι,
2668 1850 2872 1931 ἀλλὰ
2905 1852 3027 1929 καὶ

617 1977 793 2058 αὐτὸ
842 1986 989 2060 τῶν
1025 1978 1383 2080 δαιμόνων
1415 1979 1500 2062 τὸ
1550 1978 1852 2061 ἀνόσιον
1887 1987 2180 2086 στῖφος·
2243 1981 2361 2060 καὶ
2411 1987 2589 2082 γοῦν
2635 1979 2675 2057 5
2725 1971 3027 2056 πάντων

282 2119 412 2177 5⁷8
430 2117 510 2174 A·
561 2132 598 2173 a
619 2100 1012 2205 ἡγούμενος
1064 2109 1414 2203 Σατανᾶς,
1460 2103 1578 2186 ὅτε
1636 2100 1765 2184 τὸν
1805 2104 2076 2207 Κύριον
2124 2103 2330 2204 ἡμῶν
2364 2103 2656 2201 Ἰησοῦν
2689 2095 3029 2202 Χριστὸν

280 2245 424 2360 2⁶⁸⁸
443 2243 532 2322 ss„
618 2224 968 2329 πειράζειν
1012 2225 1287 2325 ἐτόλμα
1334 2227 1520 2308 κατὰ
1559 2225 1693 2328 τὴν
1737 2227 2023 2332 ἔρημον,
2062 2226 2417 2331 λακτίζων
2450 2232 2548 2310 εἷς
2595 2225 2851 2326 κέντρα
2907 2218 3028 2301 διὰ
3059 2247 3131 2310 15

288 2325 532 2439 εἴη
619 2347 913 2448 πολλὴν
967 2351 1166 2448 ἠθῶν
1220 2348 1633 2452 ἀγριότητα,
1689 2354 1808 2431 καὶ
1870 2357 2061 2431 θεῖον
2113 2350 2308 2456 αὐτῷ
2369 2348 2733 2452 παρετίθει
2794 2342 3028 2446 λόγον

286 2490 483 2541 s.1.u0.
622 2481 667 2518 “
705 2471 1119 2574 Γέγραπται
1157 2470 1406 2579 φήσας·
1443 2471 1555 2553 ὅτι
1600 2481 1752 2559 τοῖς
1801 2471 2143 2576 ἀγγέλοις
2188 2474 2409 2554 αὐτοῦ
2443 2475 2826 2552 ἐντελεῖται
2857 2471 3028 2572 περὶ

283 2568 476 2673 ιιῖἐ.13ὀ.
623 2606 669 2644 “
702 2604 845 2677 σοῦ
878 2605 1007 2677 τοῦ
1046 2596 1494 2704 διαφυλάξαι
1529 2631 1619 2676 σε
1657 2600 1734 2678 ἐν
1768 2595 2043 2682 πάσαις
2077 2604 2233 2682 ταῖς
2269 2599 2458 2682 ὁδοῖς
2494 2596 2705 2677 σου.”
2765 2596 3030 2675 οὐκοῦν

291 2700 368 2739 ¹¹⁹
621 2721 750 2800 οὐκ
786 2722 863 2800 ἐν
897 2718 1240 2824 ἀκροάσει
1289 2725 1485 2828 ψιλῇ
1540 2724 1671 2819 τῆς
1722 2720 2088 2824 σωτηρίας
2139 2723 2180 2801 5
2230 2720 2477 2823 λόγος,
2513 2718 2674 2799 οὐδὲ
2709 2720 2788 2799 ἐν
2821 2717 3029 2828 μόνῳ

619 2846 724 2953 τῷ
784 2849 1040 2945 μαθεῖν
1097 2843 1143 2944 ἡ
1210 2842 1374 2947 ζωὴ,
1430 2841 1603 2922 ἀλλ’
1659 2845 1736 2924 ἐν
1790 2849 1893 2951 τῷ
1954 2848 2268 2948 τηρῆσαι
2324 2841 2411 2924 τὸ
2470 2839 2848 2941 ἀκουσθὲν,
2907 2845 3029 2922 καὶ
3059 2875 3138 2918 20

620 2963 875 3071 ὥσπερ
928 2965 1092 3048 τινά
1146 2967 1409 3048 κανόνα
1465 2969 1583 3047 καὶ
1639 2963 1942 3071 ὁριστὴν
1997 2974 2126 3047 τοῦ
2182 2968 2370 3064 βίου,
2417 2963 2545 3047 τὸν
2588 2972 2779 3046 θεῖον
2826 2965 3029 3072 αὐτῷ

622 3095 982 3194 παρετίθει
1024 3089 1272 3190 λόγον.
1354 3093 1545 3198 φησὶ
1582 3089 1657 3170 δὲ
1695 3089 1805 3170 ὅτι
1842 3088 2114 3171 θάνατον
2153 3094 2222 3170 οὗ
2263 3086 2359 3194 fit
2396 3084 2497 3205 ἴδη
2538 3096 2629 3174 εἰς
2662 3087 2771 3169 τὶν
2807 3086 3028 3169 αἰῶνα

558 3221 603 3286 b
625 3219 770 3291 τῶν
808 3213 1025 3291 αὐτοῦ
1071 3211 1411 3317 ῥημάτων
1448 3216 1488 3293 5
1520 3212 1819 3309 βέβαιος
1854 3212 2131 3319 φύλαξ,
2168 3213 2327 3317 οὐχὶ
2374 3210 2662 3296 πάντως
2713 3213 3031 3314 ἀναιρῶν

624 3332 710 3413 τὸ
764 3332 1094 3414 τεθνάναι
1149 3339 1392 3440 σαρκὶ,
1443 3337 1614 3417 ἀλλ’
1669 3335 1715 3439 ἢ
1772 3335 1902 3417 τὸν
1956 3334 2268 3417 θάνατον
2322 3332 2498 3416 εἶναι
2551 3333 2864 3415 θάνατον
2922 3332 3030 3434 μὴ

623 3455 1084 3559 λογιζόμενος
1149 3461 1246 3542 ὡς
1308 3457 1523 3543 Θεός·
1617 3458 1822 3541 οὐδὲν
1886 3458 2033 3563 γὰρ
2098 3461 2293 3568 αὐτῷ
2359 3457 2445 3539 τὸ
2509 3456 2779 3561 νεκρὸν,
2842 3454 3029 3538 καθὸ
3061 3488 3139 3548 25

622 3578 898 3686 πέφυκε
962 3583 1080 3660 καὶ
1145 3579 1229 3661 τὸ
1293 3580 1394 3680 μὴ
1471 3578 1555 3660 ὃν
1619 3582 1823 3684 ἄγειν
1887 3589 1984 3667 εἶς
2047 3581 2353 3686 γένεσιν,
2413 3585 2532 3662 καὶ
2592 3579 2679 3663 τὸ
2742 3581 3031 3686 ἐνεχθὲν

625 3704 1212 3811 κατεφθαρμένον
1266 3701 1580 3789 εὐκόλως
1635 3703 2019 3807 ζωοποιεῖν·
2087 3703 2133 3808 ἢ
2192 3702 2463 3787 θάνατον
2516 3706 2647 3785 οὐκ
2700 3703 3032 3812 ὄψεσθαι

624 3825 790 3912 τοὺς
827 3828 1072 3931 ἁγίους
1109 3830 1342 3932 φησὶν
1381 3835 1471 3914 εἷς
1509 3828 1724 3910 aiam
1757 3828 1886 3910 τὸν
1920 3827 2320 3929 μέλλοντα,
2357 3827 2437 3914 ὃς
2473 3827 2562 3930 δὴ
2606 3832 2727 3909 καὶ
2767 3830 3031 3932 κυρίως

623 3984 703 4032 τε
758 3954 874 4031 καὶ
933 3949 1428 4055 ἀληθέστερον
1484 3950 1661 4032 αἰὼν
1715 3951 2000 4037 εἰκότως
2067 3959 2301 4033 νοοῖτο
2357 3950 2580 4057 πέρας
2634 3953 2763 4032 οὐκ
2816 3951 3027 4057 ἔχων,

701 4151 750 4190 ῐ.
788 4133 1031 4191 ε’θέλουσι
1057 4133 1124 4190 Β.
1148 4133 1363 4190 θέλουσι
1388 4135 1494 4190 Ed.
1902 4147 1951 4208 7.
1987 4135 2242 4206 ἀμελλητὶ
2267 4136 2335 4191 Β.
2363 4135 2571 4208 Migne.
2594 4134 2812 4222 ἀμελητὶ
2837 4133 3028 4192 Holst.

627 4204 732 4260 Ed.
975 4207 1027 4261 8.
1063 4210 1167 4261 τῶν
1189 4205 1340 4261 θείων
1364 4205 1806 4278 κατηγορουμένου
1830 4209 1998 4276 νόμων
2026 4207 2090 4261 Β.
2115 4210 2208 4262 τοῦ
2231 4206 2375 4262 θείου
2398 4227 2841 4278 κατηγορουμενου
2863 4207 3027 4275 νόμου

627 4274 732 4329 Ed.
1116 4292 1200 4330 ιο.
1236 4280 1337 4331 τῶν
1360 4278 1496 4346 ε’μῶν
1516 4275 1715 4346 ἀκούσῃ
1739 4278 1904 4347 λόγον
1928 4277 2053 4345 (sic)
2083 4277 2147 4332 Β.
2174 4278 2265 4331 τὸν
2288 4277 2411 4345 ε’μὸν
2434 4275 2631 4346 ἀκούσῃ
2656 4278 2818 4347 λόγον
2838 4293 3024 4331 emen-

626 4343 773 4398 davit
801 4343 900 4425 ¹⁴¹⁸:
1179 4362 1264 4400 21.
1303 4347 1452 4402 θείων
1474 4347 1642 4402 οὔτῶν
1662 4347 1928 4435 παρετίθει
1950 4349 2126 4417 λόγων
2151 4347 2217 4401 Β.
2244 4347 2384 4403 θεῖον
2405 4348 2543 4420 αὐτῷ
2571 4347 2834 4418 παρετίθει
2861 4349 3030 4418 λόγον

624 4413 929 4468 emendant
955 4414 1053 4469 Ht.
1080 4423 1133 4470 et
1161 4416 1237 4470 sic
1269 4415 1428 4471 edidi.
1462 4417 1602 4472 θεῖον
1628 4417 1952 4486 nomano-Ocu
1987 4419 2150 4489 λόγον
2177 4416 2324 4472 unde
2361 4435 2424 4472 co
2484 4418 2495 4429 “
2539 4435 2634 4472 ens
2671 4418 2849 4472 nescio
2873 4417 3024 4471 Aub-

626 4484 795 4539 Ποσει
818 4486 1059 4540 clausula
1082 4486 1138 4540 iu
1162 4503 1211 4540 a.
1449 4488 1536 4542 28.
1575 4485 1674 4558 εἷς]
1713 4497 1762 4549 -Ι-
1796 4489 1887 4543 τὸν
1910 4507 1957 4543 a.
2091 4489 2160 4544 ὥς
2183 4488 2476 4556 δὴ-αὶόνα
2554 4528 2569 4543 .
2597 4489 2696 4543 Ht.
2721 4486 3029 4543 emendavit

623 4572 654 4608 e
683 4553 803 4611 Cat.
831 4555 985 4611 Harl.
1014 4562 1077 4613 ut
1098 4555 1208 4612 vid.
1234 4555 1380 4612 Aub.
1480 4557 1676 4612 Statim
1700 4557 1909 4614 εἰκότως
1932 4559 2105 4614 νοοῖτο
2131 4557 2197 4614 Β.
2228 4558 2325 4612 Ht.
2349 4559 2540 4614 νοεῖται
2565 4558 2711 4614 Aub-
