3238 5158
238 355 331 421 ix.
355 377 417 437 2,
442 380 504 446 3.
617 362 731 427 IN
792 365 860 430 S.
910 364 1420 431 JOANNEM.
1511 366 1702 430 LIB.
1736 365 1857 430 VI.
1947 363 2154 429 CAP.
2203 362 2259 427 Ι.
2519 364 2645 427 139

244 527 698 631 ἐδυσχέραινε
748 528 931 635 πρὸς
980 541 1192 613 τοῦτο
1233 536 1585 633 Μωυσῆς,
1622 533 1741 612 καὶ
1790 529 1909 612 διὰ
1927 541 1938 552 ’
1956 528 2042 611 τὸ
2089 529 2190 631 μὴ
2239 528 2645 624 βούλεσθαι

240 654 799 747 συναναβαίνειν
835 660 940 764 τῷ
988 661 1149 764 λαῷ
1197 654 1326 737 τὸν
1362 654 1575 754 Θεὸν,
1612 654 2177 761 κατεστοχάζετό
2213 688 2367 737 πως
2403 660 2645 737 καλῶς

242 808 327 877 γε
384 775 682 880 σφόδρα
738 785 924 859 νοῶν
967 779 1080 860 ὅτι
1132 780 1414 860 τελείαν
1467 782 1668 860 οὔπω
1724 778 2125 886 κατάληξιν
2177 779 2321 884 ἔχει
2371 778 2463 859 τὰ
2518 781 2646 877 τῆς

246 899 440 982 θείας
476 900 719 1004 ὀργῆς,
756 905 979 983 ἐδεῖτο
1025 903 1102 985 δὲ
1152 908 1268 985 καὶ
1316 901 1546 985 πάλιν
1580 906 1875 989 ἐκτενῶς
1910 902 2372 1007 συμβαδίζειν
2407 904 2647 988 αὐτοῖς

180 1039 220 1097 5
245 1020 375 1101 τὸν
408 1024 825 1126 Δεσπότην,
872 1028 1002 1108 οὐκ
1056 1026 1383 1132 ἀρκέσειν
1434 1036 1582 1113 τοῖς
1641 1027 1730 1135 ἐξ
1778 1027 2089 1132 Ἰσραὴλ
2142 1026 2276 1127 τὴν
2326 1025 2646 1129 ἀγγέλου
2672 1036 2716 1102 b

243 1144 474 1247 μόνην
509 1154 991 1255 χειραγωγίαν
1034 1151 1254 1252 εἰδὼς,
1296 1150 1344 1254 ἢ
1399 1151 1590 1259 τάχα
1646 1155 1762 1233 καὶ
1819 1152 2060 1237 δεδιὼς
2107 1161 2237 1232 τοῦ
2282 1160 2468 1231 λαοῦ
2515 1148 2649 1250 τὴν

240 1270 646 1371 ἀσθένειαν,
684 1274 802 1355 διά
848 1311 926 1358 τε
973 1284 1189 1358 τοῦτο
1235 1275 1370 1378 τὴν
1411 1284 1558 1358 τῶν
1594 1279 1824 1381 ἁγίων
1858 1273 2201 1378 ἄγγε’λων
2235 1309 2643 1376 μισοπονη·

242 1396 409 1498 ρίαν
463 1399 1046 1501 παραιτούμενος,
1100 1401 1228 1482 τὸν
1283 1401 1360 1484 δὲ
1416 1401 1697 1505 ἀγαθὸν
1753 1403 1871 1482 καὶ
1931 1400 2473 1505 φιλάνθρωπον,
2531 1403 2648 1480 καὶ

245 1518 377 1599 τὸν
435 1520 634 1602 ὅλων
692 1526 1172 1623 παμβασιλέα
1232 1529 1350 1607 καὶ
1421 1525 1696 1630 Κύρων
1758 1531 2077 1607 συνεῖναι
2143 1531 2436 1625 μᾶλλον
2499 1531 2648 1608 τοῖς

143 1673 221 1716 10
245 1642 694 1749 ἑτοιμότερον
765 1651 1107 1731 πταίουσι
1179 1657 1649 1755 παρακαλῶν.
1767 1646 1922 1756 ᾔδει
2006 1646 2149 1753 γὰρ
2231 1650 2367 1754 οὐχ
2446 1644 2654 1756 ἅπαξ

244 1770 515 1868 αὐτοῖς,
554 1771 756 1852 ἀλλὰ
805 1777 921 1854 καὶ
969 1775 1331 1860 πολλάκις
1379 1773 2014 1879 συγγνωσόμενον,
2052 1776 2169 1854 καὶ
2215 1771 2344 1853 τὸν
2391 1774 2503 1880 ἐφ’
2544 1771 2650 1857 οἷς

245 1891 338 1973 ἂν
372 1904 916 1997 πλημμελῶσιν
950 1896 1161 1980 ἐ’λεον
1202 1899 1677 1981 ἐπιδώσοντα.
1753 1897 2121 2000 ἐπενεύετο
2171 1897 2248 1979 δὲ
2297 1901 2416 1977 καὶ
2463 1895 2649 2000 πρὸς

242 2026 462 2099 τοῦτο
518 2022 729 2106 Θεός·
799 2018 952 2103 εἶτα
1007 2030 1310 2125 σημεῖον
1362 2022 1583 2128 ἐζήτει
1636 2025 1805 2127 παρ’
1845 2024 2066 2104 αὐτοῦ
2118 2019 2301 2125 πρὸς
2353 2032 2639 2125 πληρο-

245 2144 515 2251 φορίαν
558 2148 823 2250 ἐναργῆ
878 2150 996 2228 καὶ
1052 2148 1419 2254 ἀπόδειξιν
1460 2156 1591 2228 τοῦ
1641 2146 1982 2229 δεδόσθω
2030 2146 2164 2247 τὴν
2204 2147 2650 2249 συγγνώμην
2673 2178 2711 2223 ο

147 2291 173 2331 ¹
184 2287 222 2348 5
249 2268 672 2374 ὁλοσχερῶς
725 2273 829 2380 τῷ
885 2276 1054 2353 ἰδεῖν
1108 2269 1351 2352 αὐτόν·
1431 2282 1474 2321 “
1503 2277 1594 2353 Εἰ
1651 2271 1793 2376 γὰρ
1817 2369 1822 2378 ,
1848 2274 2131 2376 εὕρηκα,
2178 2272 2387 2375 Φησὶ,
2436 2268 2651 2376 Χάριν
2739 2270 2988 2400 ffiffi

250 2403 298 2440 “
328 2392 532 2496 παρὰ
578 2398 730 2494 σοὶ,
768 2396 1174 2505 ἐμφάνισον
1214 2431 1338 2494 μοι
1387 2395 1696 2477 σεαυτὸν
1730 2402 2079 2500 γνωστῶς
2127 2395 2254 2477 ἴδω
2303 2429 2415 2493 σε,
2455 2393 2651 2479 ὅπως

250 2527 297 2565 “
331 2515 424 2598 ἂν
458 2514 519 2598 ὦ
553 2520 865 2625 εὑρηκὼς
899 2522 1110 2632 χάριν
1145 2522 1463 2606 ἐναντίον
1497 2556 1661 2621 σου,
1700 2524 1817 2603 καὶ
1852 2522 1971 2602 ἵνα
2018 2526 2170 2625 γνῶ
2220 2518 2330 2601 ὅτι
2382 2521 2422 2601 ὁ
2473 2516 2653 2605 λαός

250 2652 299 2689 “
335 2676 477 2723 σου
513 2641 600 2724 τὸ
637 2646 842 2732 ἔθνος
873 2655 1086 2727 τοῦτο
1121 2646 1208 2728 τὸ
1239 2647 1492 2751 μέγα.”
1551 2645 1829 2751 ἐνήργει
1879 2649 1997 2727 καὶ
2042 2653 2255 2726 τοῦτο
2292 2642 2510 2745 Θεὸς,
2553 2648 2652 2729 ὡς

248 2763 343 2866 ἦν
408 2767 723 2875 ἐφικτὸν,
781 2778 1276 2878 πληροφορῶν
1334 2779 1433 2857 εἰς
1490 2770 1779 2852 ἅπαντα
1840 2769 1969 2852 τὸν
2026 2768 2467 2873 θεραπευτὴν
2521 2768 2651 2850 τὸν

140 2923 222 2965 ²0
250 2895 530 2992 οἰκεῖον,
596 2893 708 2975 ὅτι
778 2898 897 2976 καὶ
968 2899 1243 3000 παρῆκε
1315 2902 1419 3004 τῷ
1489 2902 1651 3004 λαῷ
1714 2893 1849 2996 τὴν
1913 2895 2290 2999 ἁμαρτίαν,
2356 2895 2474 2972 καὶ
2542 2891 2653 2972 ὅτι

248 3016 844 3119 συναναβήσεται
896 3019 1080 3123 πρὸς
1131 3018 1265 3120 τὴν
1317 3024 1458 3123 γῆν
1511 3023 1642 3119 τῆς
1704 3019 2141 3123 ἐπαγγελίας
2201 3018 2419 3125 αὐτῷ.
2500 3012 2654 3097 εἶτα

249 3147 409 3226 ταῖς
446 3144 912 3246 ἐπαγγελίαις
946 3143 1195 3247 ὥσπερ
1231 3141 1392 3224 τινὰ
1436 3143 1787 3247 κορωνίδα
1835 3142 1953 3225 διὰ
1996 3142 2081 3224 τὸ
2129 3150 2387 3224 λεῖπον
2419 3143 2647 3223 ἐπιτι-

248 3267 424 3366 θεὶς,
487 3267 728 3373 ἑτέρας
792 3269 986 3377 αὐτῷ
1057 3268 1183 3348 δύο
1254 3266 1546 3354 πλάκας
1618 3268 2113 3374 ἀναλαξεῦσαι
2177 3264 2649 3372 προστάττει,
2680 3276 2725 3341 d

248 3399 782 3494 συντριβεισῶν
826 3393 1163 3495 δηλονότι
1214 3399 1362 3473 τῶν
1409 3394 1487 3472 ἐν
1535 3396 1748 3499 ἀρχῇ,
1784 3389 1967 3496 πρὸς
2019 3389 2103 3472 τὸ
2162 3393 2281 3472 καὶ
2334 3396 2656 3474 εἰσαῦθις

124 3533 219 3594 ³5
249 3516 451 3624 αὐτῷ
485 3516 954 3623 καταγράψαι
986 3514 1115 3598 τὸν
1152 3514 1397 3617 νόμον,
1436 3518 1869 3620 ἡμερότητος
1919 3518 2052 3596 κάν
2087 3516 2319 3624 τούτῳ
2368 3518 2498 3614 τῆς
2543 3515 2653 3594 ἐπ’

248 3641 496 3724 αὐτοῖς
541 3642 627 3720 οὐ
673 3643 969 3744 μετρίαν
1002 3640 1424 3742 ποιούμενος
1470 3639 1605 3741 τὴν
1639 3639 2028 3746 ἀπόδειξιν.
2109 3636 2349 3740 ἐπειδὴ
2406 3638 2484 3719 δὲ
2539 3641 2657 3719 καὶ

244 3761 440 3867 πρὸς
493 3774 705 3846 τοῦτο
759 3764 1050 3869 γέγονεν
1099 3763 1442 3868 εὐτρεπὴς
1496 3766 1537 3844 ὃ
1592 3769 1924 3866 Μωυσῆς
1959 3775 2003 3811 “
2034 3762 2328 3863 Κατέβη
2388 3762 2657 3867 Κύριος

251 3901 301 3939 “
335 3890 415 3970 ἐν
463 3887 757 3997 νεφέλῃ,
794 3888 983 3971 καθὰ
1038 3887 1458 3994 γέγραπται,
1513 3890 1631 3969 καὶ
1686 3889 2017 3993 παρέστη
2071 3890 2265 3997 αὐτῷ
2318 3890 2484 3986 ἐκεῖ,
2537 3890 2656 3968 καὶ

327 4143 383 4201 6.
419 4128 582 4215 μόνῗν
606 4140 672 4197 Β.
1002 4157 1085 4197 12.
1121 4142 1505 4212 πλημμελῶσιν
1528 4137 1779 4224 empndat
1805 4137 2007 4211 Heyse.
2029 4138 2434 4209 πλημμελοῦσιν
2458 4135 2526 4191 Β.
2552 4135 2658 4192 Ed.

250 4264 528 4321 ἐπενεῦετο
555 4265 613 4320 δὲ
638 4265 724 4319 καὶ
758 4265 892 4335 πρὸς
923 4261 1089 4319 edidi.
1113 4261 1381 4319 ἐπενεῦετο
1404 4225 1735 4332 δέκαὶοωπρὸς
1759 4258 1827 4314 Β.
1853 4258 2122 4315 δπενεῦετο
2144 4258 2204 4314 δὲ
2226 4258 2310 4314 καὶ
2334 4260 2365 4312 ὁ
2391 4258 2526 4326 πρὸς
2550 4256 2656 4313 Ed.

248 4335 465 4392 ἐπένευε
500 4339 575 4419 τῷ
611 4331 789 4407 δικαίῳ
824 4335 1076 4417 καὶπρὸς
1110 4334 1385 4405 ingeniose
1419 4331 1670 4389 emendat
1695 4331 1908 4403 noym
1948 4339 2006 4385 at
2032 4338 2247 4401 tempus
2282 4329 2356 4384 im
2475 4338 2657 4384 eotum

250 4424 368 4462 non
394 4408 656 4477 intemgo‚
685 4422 781 4460 nec
805 4404 940 4460 mih:
963 4405 1186 4493 omninno
1210 4404 1548 4460 satisfaciunt
1569 4403 1791 4485 reliqua.
2073 4414 2157 4471 15.
2194 4397 2295 4489 τῇ]
2397 4398 2659 4488 fmendat

254 4476 463 4550 Heyee.
909 4477 992 4531 18.
1025 4490 1183 4531 'mm
1206 4477 1267 4530 τὸ
1289 4474 1425 4548 με’-γα
1448 4474 1552 4529 hoc
1575 4471 1764 4528 ordme
1789 4470 1857 4526 B.
1884 4469 2064 4527 Holst.
2089 4472 2150 4525 τὸ
2172 4492 2307 4542 pay«
2329 4492 2484 4525 τουτο
2508 4469 2656 4524 Aub.

249 4564 367 4676 ἷξε
381 4545 977 4692 fflssffiz‘ffi·
1011 4545 1172 4686 ³2¹2:
1200 4544 1654 4687 {3³:22³ssssss
1661 4541 1896 4670 ‘'⁰22⁰‘ssss
1920 4541 2023 4668 ἓξ
2046 4540 2393 4611 ⁶”²““²''⁶“‘
2426 4540 2562 4612 ⁹¹⁰¹*
2595 4546 2658 4594 '²‘

1399 4717 1505 4765 ‘1⁸2

2748 3772 2996 3824 bexxiv.

2747 3849 2863 3903 5-7·
