3238 5158
224 352 367 418 viii.
395 373 497 441 23.
593 356 708 422 IN
770 358 838 423 S.
887 357 1396 423 JOANNEM.
1488 357 1679 422 LIB.
1711 357 1796 422 V.
1884 356 2083 421 CAP.
2130 355 2264 419 ΙΙΙ.
2550 355 2629 416 11

228 526 275 564 “
312 516 599 625 ὄψεσθε
662 518 790 603 τὸν
852 523 1155 626 οὐρανὸν
1220 520 1608 631 ἀνεῳγότα,
1670 525 1786 603 καὶ
1851 521 2017 605 τοὺς
2081 519 2439 622 ἀγγέλους
2504 526 2633 599 τοῦ

227 651 274 689 “
312 647 508 723 Θεοῦ
569 647 1088 743 ἀναβαίνοντας
1147 650 1264 726 καὶ
1323 647 1888 742 καταβαίνοντας
1946 648 2060 727 ἐπὶ
2114 643 2243 724 τὸν
2298 642 2448 724 υἱὸν
2503 650 2631 722 τοῦ

225 774 273 813 “
310 767 763 871 ἀνθρώπου.”
833 770 950 850 ὅτε
988 772 1227 851 τοίνυν
1266 774 1384 850 καὶ
1421 771 1727 873 ἄγγελοι
1764 769 2324 863 καταβαίνουσιν
2360 767 2633 846 ἀνωθεν

224 890 318 998 ἐξ
366 893 690 995 οὐρανοῦ,
731 894 809 975 τί
848 893 1085 995 μάτην
1128 892 1584 998 ἐπικομπάζέι
1632 890 1956 995 Χριστὸς
2012 895 2108 977 ὡς
2164 894 2279 972 ἐπὶ
2333 888 2633 999 μεγάλῳ
2658 923 2694 967 ο

159 1034 197 1092 5
225 1018 369 1094 τινὶ
420 1019 539 1095 καὶ
584 1017 767 1116 ὅλην
805 1017 1220 1124 ὑπερέχοντι
1256 1017 1387 1118 τὴν
1425 1019 1684 1115 κτίσιν,
1714 1022 1817 1124 τῷ
1857 1018 2127 1096 ἀνωθεν
2164 1018 2356 1116 ἥκειν
2393 1016 2587 1121 φημί
2605 1048 2628 1114 3

222 1140 407 1219 ἀλλ’
448 1138 650 1221 ἔστιν
698 1145 1030 1246 ἀνιδρωτὶ
1085 1146 1200 1222 καὶ
1251 1140 1774 1243 ἀταλαιπώρως
1823 1139 2121 1248 σφόδρα
2170 1146 2482 1220 συνιδεῖν
2529 1142 2636 1224 τίς

221 1261 361 1360 μέν
420 1266 582 1343 ἐστι
648 1264 833 1345 κατὰ
898 1265 1128 1371 φύσιν
1188 1267 1229 1345 ὁ
1291 1263 1736 1367 Μονογενὴς,
1794 1266 1872 1344 τί
1931 1262 2006 1345 δὲ
2066 1269 2132 1344 οὶ
2190 1266 2356 1368 παρ’
2419 1266 2636 1345 αὐτοῦ

224 1384 612 1489 γεγονότες
683 1389 1010 1492 ἄγγελοι·
1101 1390 1357 1470 οὐκοῦν
1432 1390 1837 1491 ἀναγκαίως·
1923 1390 2008 1468 οὐ
2079 1386 2163 1468 τὸ
2236 1386 2472 1469 κοινὸν
2547 1387 2637 1488 δὴ

224 1519 449 1591 τοῦτο
484 1510 568 1591 τὸ
617 1512 708 1618 ἐξ
742 1514 1046 1616 οὐρανοῦ
1080 1513 1538 1607 καταβαίνειν
1574 1509 1660 1591 τό
1698 1509 2031 1592 Ἀνωθεν
2066 1511 2235 1610 ἡμῖν
2270 1511 2634 1612 σημαίνει,

125 1667 201 1713 10
226 1635 408 1714 ἀλλ’
451 1635 562 1715 ὅτι
608 1640 737 1735 τῆς
786 1634 1127 1717 ἀνωτάτω
1183 1639 1300 1716 καὶ
1357 1635 1855 1738 ὑπερκειμένης
1909 1634 2003 1716 τά
2055 1634 2295 1716 πάντα
2349 1634 2642 1744 φύσεως

226 1758 658 1866 ἐξέλαμψεν
695 1762 740 1841 ὃ
771 1758 967 1845 Υἱός.
1044 1761 1301 1840 οὐκοῦν
1338 1760 1422 1840 τό
1454 1757 1786 1840 Ἀνωθεν
1822 1762 1936 1841 ἐπὶ
1971 1758 2194 1857 μόνου
2226 1768 2354 1840 τοῦ
2395 1766 2641 1862 Move:

226 1891 489 1985 γενοῦς
561 1883 647 1964 τὸ
721 1887 798 1965 ἐκ
875 1890 1069 1964 Θεοῦ
1141 1881 1326 1964 κατὰ
1402 1882 1632 1989 φύσιν
1696 1887 1813 1963 καὶ
1888 1886 2023 1988 οὐχ
2098 1883 2339 1987 ἕτερον
2403 1887 2635 1985 δηλοῖ.

224 2007 532 2088 πάντων
599 2005 743 2111 γὰρ
809 2005 992 2088 εἶναι’
1058 2042 1135 2088 τε
1212 2009 1329 2087 καὶ
1396 2005 1736 2113 ὑπάρχειν
1797 2010 1875 2088 ἐκ
1938 2013 2131 2087 Θεοῦ
2194 2006 2635 2109 λεγομένων,
2669 2019 2714 2084 d

225 2130 602 2235 πρόσεστι
665 2139 769 2239 τῷ
832 2137 988 2239 Yet?
1053 2131 1238 2212 κατὰ
1304 2131 1596 2213 πάντων
1661 2130 2043 2238 ἐξαίρετον,
2110 2129 2196 2210 τὸ
2268 2131 2359 2237 ἐξ
2425 2133 2644 2231 αὐτῆς

130 2275 203 2337 15
231 2252 585 2361 ὑπάρχειν
627 2259 756 2356 τῆς
806 2256 1060 2340 οὖσιάς
1107 2264 1239 2336 τοῦ
1276 2253 1573 2360 Πατρὸς
1625 2261 2004 2358 γεννητῶς,
2042 2256 2160 2335 καὶ
2211 2257 2345 2360 οὐχ
2391 2253 2644 2359 ὥσπερ

229 2377 327 2458 τὰ
363 2376 738 2479 ποιήματα
776 2382 1322 2483 δημιουργικῶς.

307 2629 363 2687 5.
402 2615 537 2685 ὅλην
561 2614 629 2671 Β.
655 2615 765 2688 ὅλῳ
791 2616 973 2672 Holst.
1002 2616 1107 2672 Ed.
1450 2618 1502 2672 6.
1539 2617 1910 2688 ἀταλαιπώρως
1932 2615 2184 2672 emendat
2210 2615 2407 2708 Heyse.
2432 2618 2647 2706 ἀταλαι-

234 2690 396 2759 πῶρῳ
423 2686 494 2740 Β.
521 2685 626 2741 Ed.
804 2687 857 2742 8.
891 2688 953 2742 οὗ
977 2689 1037 2743 τὸ
1063 2689 1232 2744 κοινὸν
1256 2698 1593 2743 accesserunt
1618 2706 1683 2742 ex
1712 2687 1758 2741 B
1786 2705 1895 2759 mg.
1923 2706 1972 2742 a.
2167 2704 2250 2742 10.
2286 2710 2648 2757 υπερκειμενης

235 2759 302 2813 τὰ
325 2759 499 2811 πάντα
527 2756 696 2811 B.a.c.
720 2757 850 2839 ὑπὲρ
874 2759 939 2812 τὰ
960 2759 1128 2813 πάντα
1152 2758 1383 2828 κειμένης
1410 2759 1509 2813 Ht.
1535 2758 1683 2813 unde
1708 2757 1813 2814 Ed.
2048 2774 2130 2829 13.
2167 2754 2300 2815 εἶναι’
2318 2780 2375 2814 τε
2399 2759 2648 2815 emendat

240 2827 446 2901 Heyse.
471 2825 659 2884 εῗνεταὶ
680 2849 738 2883 τε
766 2826 888 2899 (mc)
918 2828 986 2884 B.
1012 2825 1140 2885 εἶναι
1162 2828 1221 2885 τέ
1243 2851 1299 2885 τε
1329 2828 1426 2884 Ht.
1452 2826 1579 2885 εἶναι
1602 2831 1722 2884 τότε
1746 2827 1892 2884 Aub.

1396 4708 1505 4762 02
