3238 5158
274 3654 441 3719 Supra

274 3736 379 3772 ver.
412 3732 488 3784 13.

614 337 739 400 172
1213 333 1290 397 Β.
1338 334 1761 398 CYRILLI
1822 333 2394 397 ALEXANDR.
2654 331 2742 393 ix.
2775 329 2877 408 18,
2911 348 3019 410 ιι).

610 503 702 604 τῇ
768 504 916 579 τῶν
970 501 1194 602 ἁγίων
1247 500 1451 606 τάξει
1514 503 1750 598 τιθεὶς,
1801 502 2148 606 προφήτην
2201 501 2577 579 ἀποκαλεῖ.
2680 499 2880 577 δοκεῖ
2936 494 3030 576 δέ

608 658 732 723 μοι
783 623 1043 704 λοιπὸν
1086 626 1169 703 οὐ
1219 623 1515 730 σφόδρα
1569 631 1716 704 τῶν
1763 630 2073 722 νομικῶν
2116 626 2654 721 μεταποιεῖσθαι
2705 624 3010 721 διαταγ-

610 748 881 847 μάτων.
983 750 1066 827 οὐ
1119 746 1265 852 γὰρ
1318 747 1409 828 ἀν
1463 748 1827 846 ἐθαύμασε
1884 755 2236 827 τοσοῦτον
2290 746 2529 843 αὑτὸν,
2582 748 2736 825 οὐδ’
2793 745 2883 824 ἀν
2933 746 3015 823 ἐν

611 870 992 980 προφήτου
1047 873 1247 980 τάξει
1305 873 1752 979 παρεδέξατο
1814 871 1938 952 τὸν
1994 871 2241 974 ἰατρὸν
2250 933 2271 969 ,
2334 873 2562 951 καίτοι
2617 867 3015 971 παραλύειν

549 1026 587 1071 ο
613 996 738 1077 τὸν
793 999 909 1077 ἐπὶ
966 1003 1068 1104 τῷ
1130 996 1491 1105 σαββάτῳ
1547 1001 1896 1077 δοκοῦντα
1960 994 2263 1096 θεσμόν.
2369 998 2831 1100 ὠφελημένος
2884 993 3014 1073 οὖν
3041 1008 3088 1071 ⁵

611 1120 753 1222 ἄρα
828 1126 930 1228 τῷ
1004 1121 1336 1222 θαύματι,
1400 1125 1519 1201 καὶ
1594 1119 1778 1225 πρὸς
1846 1121 1998 1228 ἕξιν
2062 1120 2199 1221 ἤδη
2263 1125 2391 1218 τῆς
2451 1121 2815 1200 Ἰουδαίων
2873 1117 3015 1217 τὴν

610 1246 978 1347 κρείττονα
1046 1244 1517 1345 διαβεβηκὼς,
1579 1250 1684 1351 τῷ
1748 1250 2272 1351 θαυματουργῷ
2338 1243 2422 1324 τὸ
2486 1249 2744 1348 χρῆναι
2810 1250 3016 1321 νικᾶν

607 1370 942 1469 ἀπονέμει
998 1372 1295 1469 νομικὴν
1345 1368 1771 1471 ἐπιτήρησιν
1822 1369 2239 1450 ἀνυπαίτιον
2286 1375 2661 1453 παντελῶς
2713 1365 2845 1466 τὴν
2900 1369 3010 1446 ἐπ’

608 1497 909 1596 ἀγαθοῖς
962 1496 1363 1602 ποιουμένῳ
1417 1492 1871 1598 παράβασιν.

512 1751 582 1807 18
614 1743 750 1810 Οὐκ
820 1738 1206 1810 ἐπίστευσαν
1269 1741 1329 1809 οἱ
1384 1742 1695 1810 Ἰουδαῖοι
1766 1744 1917 1833 περὶ
1988 1743 2202 1822 αὐτοῦ,
2272 1743 2373 1807 ὅτι
2442 1741 2688 1831 τυφλὸς
2759 1738 2838 1808 ἦν
2903 1745 3012 1810 καὶ
3049 1765 3133 1806 10

713 1870 1097 1950 ἀνέβλεψεν,
1150 1871 1282 1934 ἕως
1334 1872 1489 1938 ὅτου
1542 1867 1900 1957 ἐφώνησαν
1953 1868 2108 1934 τοὺς
2162 1862 2370 1942 Γονεῖε
2427 1867 2626 1933 αὐτοῦ
2681 1872 2795 1933 τοῦ
2852 1869 3014 1934 ἀνα-

509 2018 582 2075 19
715 1995 1081 2073 βλέψαντος
1134 1993 1241 2059 καὶ
1288 1992 1641 2083 ἠρώτησαν
1685 1995 1924 2061 αὐτοὺς
1972 1997 2271 2071 λέγοντες
2318 1988 2526 2060 Οὗτός
2575 1994 2747 2060 ἐστιν
2785 1995 2822 2063 ὃ
2872 1992 3012 2062 υἷὸπ

540 2094 586 2160 d
714 2120 896 2197 ὑμῶν
941 2122 1014 2186 ὃν
1058 2119 1237 2197 ὑμεῖς
1292 2122 1514 2196 Akme
1567 2124 1670 2190 ὅτι
1723 2121 1969 2209 τυφλὸς
2023 2122 2378 2209 &sesemen-13
2440 2124 2585 2190 πῶς
2632 2118 2746 2188 οὖν
2786 2122 3012 2199 βλέπει

711 2247 900 2336 ἄρῃς

724 2411 887 2490 Οὐκ
940 2412 1024 2517 ἐᾷ
1071 2411 1543 2492 πιστεύεσθαι
1591 2410 1677 2492 τὸ
1730 2420 1963 2493 πᾶσιν
1999 2414 2578 2517 ὁμολογούμενον
2613 2410 2860 2516 δριμὺς
2911 2409 3014 2491 ὧν
3045 2438 3128 2500 15

605 2535 683 2616 ἐν
738 2535 977 2619 αὐτοῖς
1032 2537 1073 2616 ὁ
1130 2533 1314 2617 κατὰ
1369 2544 1497 2617 τοῦ
1559 2537 2138 2640 θεραπεύσαντος·
2199 2542 2489 2647 φθόνος,
2547 2542 2662 2619 καὶ
2721 2542 2824 2645 τῷ
2884 2542 3015 2638 τῆς

607 2661 868 2757 μανίας
904 2660 1176 2769 οἴστρῳ
1213 2661 1761 2764 τυραννούμενοι
1796 2662 2016 2765 μικρὰ
2053 2663 2183 2759 μὲν
2220 2668 2474 2769 κομιδῇ
2511 2667 2638 2763 τῆς
2675 2662 3014 2761 ἀληθείας

609 2783 1093 2891 φροντίζουσι,
1132 2789 1607 2892 ψευδηγορεῖν
1644 2819 1721 2864 τε
1760 2786 1942 2865 κατὰ
1979 2792 2331 2889 Χριστοῦ,
2373 2792 2488 2866 καὶ
2521 2785 2739 2867 αὐτὸν
2773 2784 2905 2883 μὲν
2937 2788 3016 2866 ε’ν

607 2909 922 3009 πρώτοις
975 2908 1427 3016 ἐξεβιάζοντο
1480 2909 1607 2990 τὸν
1663 2910 1971 3015 τυφλὸν,
2027 2910 2230 2990 οὐδὲν
2285 2909 2360 2991 δὲ
2416 2910 2632 3011 ἦττον
2687 2913 2836 2989 νυνὶ
2896 2910 3011 2988 καὶ

548 3070 585 3113 e
608 3032 773 3117 τοὺς
828 3031 1165 3118 τεκόντας
1212 3031 1432 3114 αὐτὸν
1481 3039 2082 3119 εἶκαιοπονοῦντες
2134 3036 2583 3134 ἁλίσκονται,
2632 3032 2816 3138 πρὸς
2861 3039 3013 3113 πᾶν
3044 3072 3127 3113 20

608 3161 1020 3238 τούναντίον
1078 3159 1556 3258 ἐκβεβηκότας
1618 3165 1748 3238 τοῦ
1809 3157 2258 3262 πράγματος.
2366 3157 2874 3262 περιττοτάτην
2933 3155 3014 3237 δὲ

608 3280 905 3386 σφόδρα
960 3280 1093 3381 τὴν
1148 3290 1407 3362 πεῦσιν
1455 3282 1923 3385 προσάγουσι
1979 3289 2126 3369 τοῖς·
2185 3282 2649 3386 γεγεννηκόσι
2704 3282 2832 3362 τὸν
2886 3282 3012 3360 ἆν-

608 3409 926 3504 θρωπον,
978 3406 1101 3484 καί
1142 3439 1264 3500 μοι
1316 3412 1657 3487 δοκοῦσιν
1706 3407 1794 3516 ἐξ
1843 3407 2154 3511 ἀμέτρου
2210 3410 2656 3503 δυσβουλίας
2710 3410 2828 3487 καὶ
2882 3404 3013 3485 τὸν

610 3527 700 3606 δι’
740 3530 982 3611 αἰδοῦς
1019 3529 1258 3613 αὐτοῖς
1296 3527 1470 3609 ὅντα
1508 3535 1625 3611 καὶ
1659 3532 1959 3637 σφόδρα
1996 3532 2619 3634 συνηγορούμενον
2654 3528 3013 3633 ἀτιμάζειν

613 3647 859 3746 νόμον.
957 3648 1141 3752 ἦγον
1194 3650 1325 3748 μὲν
1377 3651 1522 3757 γὰρ
1582 3658 1650 3732 οἱ
1714 3656 2045 3758 γείτονες,
2102 3654 2290 3736 καθὰ
2348 3656 2769 3758 γέγραπται,
2815 3665 2860 3702 “
2884 3651 3013 3733 τόν
3044 3681 3127 3743 25

614 3783 657 3821 ‘⁶
693 3808 866 3855 ποτε
919 3773 1266 3880 τυφλὸν,”
1306 3779 1426 3856 καὶ
1480 3784 1627 3861 τοῖς
1682 3786 1910 3858 ταῦτα
1965 3786 2359 3883 διερωτῶσι
2414 3783 2564 3859 νυνὶ
2619 3775 3008 3880 παραστή-

614 3931 874 3982 σαντες
916 3897 1205 3984 πάντως
1258 3900 1489 4000 δήπου
1541 3904 1658 3981 καὶ
1705 3902 1813 3982 ὅτι
1851 3902 2133 4008 τυφλὸς
2168 3901 2508 4006 ἐγεννήθη
2543 3901 3009 4005 διήγγελλον,

612 4023 730 4099 καὶ
782 4020 892 4100 ὅτι
945 4031 1070 4103 νῦν
1108 4024 1520 4131 ἀνέβλεψεν
1557 4026 2022 4128 ἐμαρτύρουν.
2103 4023 2257 4107 εἶτα
2305 4034 2432 4107 τοῦ
2481 4025 2701 4125 νόμου
2749 4031 3015 4131 σαφῶς

278 4163 400 4217 613
427 4162 498 4216 Δ.
554 4178 590 4217 a
613 4144 726 4222 ἐπὶ
791 4143 1156 4244 στόματος
1221 4149 1347 4229 δύο
1409 4152 1524 4229 καὶ
1583 4157 1800 4253 τριῶν
1860 4150 2243 4253 μαρτύρων
2301 4151 2567 4251 ἀληθὲς
2628 4147 2803 4230 εἶναι
2866 4156 3017 4230 πᾶν

280 4237 435 4314 Dent.

278 4318 383 4351 ιιι.
408 4315 429 4351 ι
436 4317 483 4366 5.

686 4354 866 4444 8..τὴν
895 4353 957 4408 Β.
985 4359 1094 4412 τοῖς
1121 4355 1299 4439 ῌΟΙΒῑ.
1328 4359 1431 4413 Ed.
1651 4358 2111 4449 ποτὰ-ἴστωσαν]
2148 4367 2206 4426 4-
2236 4359 2328 4416 οὗν
2353 4360 2497 4415 Aub.
2711 4376 2791 4415 11.
2830 4359 2918 4414 ὅτε
2946 4359 3014 4415 Β.

620 4423 717 4477 Ht.
743 4446 866 4478 οτου
889 4426 1189 4481 emendant
1213 4429 1358 4483 Aub.
1577 4447 1659 4501 13.
1697 4434 1880 4501 λεγετε
1911 4431 1974 4485 Β.
1999 4432 2209 4503 ἐλεγετε
2240 4432 2335 4486 Ht.
2365 4432 2468 4487 Ed.
2704 4447 2788 4486 20.
2826 4431 3015 4485 είκαιο·

1591 4502 1604 4520 ἱ
1649 4502 1660 4518 ἱ
1699 4500 1712 4520 2
1757 4501 1769 4520 2

615 4498 889 4551 πονοῦντες
912 4495 1216 4552 ἁλίσκονται
1246 4497 1306 4552 Β.
1334 4500 1428 4553 Ht.
1456 4500 1501 4554 εἷ
1526 4524 1609 4553 και
1634 4524 1700 4555 επ
1738 4504 1935 4570 ἀμφοῖν
1956 4506 2419 4571 ματαιοπονοῦντες
2443 4520 2471 4557 e
2498 4503 2618 4558 Cat.
2649 4502 2803 4557 Harl.
2832 4511 2892 4556 ut
2915 4501 3013 4557 ad·

616 4573 766 4619 notat
792 4567 904 4635 ipse
928 4566 1073 4621 Aub.
1100 4576 1152 4621 et
1178 4568 1249 4621 ita
1273 4587 1342 4630 a„
1369 4571 1459 4639 qui
1485 4576 1664 4624 tamen
1691 4581 1742 4625 et
1765 4572 2068 4627 ἁλίσκονται
2093 4573 2327 4628 exhibet.
