3238 5158
207 317 355 383 xiv.
391 335 488 405 15.
601 321 716 387 IN
777 323 845 388 S.
894 323 1404 393 JOANNEM.
1497 326 1688 393 LIB.
1737 327 1861 393 IX.
1949 326 2153 393 CAP.
2200 326 2255 391 Ι.
2500 326 2625 387 465

209 480 586 593 ἀπόδειξις
644 492 774 589 τῆς
832 489 1122 593 ἀγάπης
1190 495 1309 573 καὶ
1378 492 1817 577 τελεώτατος
1882 496 2010 592 τῆς
2067 491 2381 576 πίστεως
2440 489 2628 592 ὅρος,

210 614 374 688 τῶν
428 613 914 715 εὐαγγελικῶν
968 614 1353 719 δογμάτων
1405 617 1450 717 ἡ
1509 616 1810 720 τήρησις
1868 621 1985 697 καὶ
2039 623 2186 697 τῶν
2241 615 2449 695 θείων
2503 620 2619 694 ἐν·
2650 644 2687 684 a
2724 631 2862 687 808
2883 633 2964 687 A·

212 739 469 814 τολῶν
509 737 557 835 ἡ
608 739 931 844 φυλακή.
996 744 1114 821 καὶ
1163 741 1491 846 χαλεπὸν
1536 739 1672 841 μὲν
1716 741 1894 827 ἴσως
1947 739 2150 822 οὐδὲν
2190 740 2395 843 ἕτερα
2442 737 2626 842 πρὸς

211 856 502 943 τούτοις
538 866 757 943 εἰπεῖν
782 857 1105 968 συγγενῆ
1140 901 1295 950 πως
1331 866 1589 970 ἔχοντα
1624 865 1758 967 τὴν
1784 864 2118 963 διάνοιαν,
2142 863 2342 963 πλὴν
2378 865 2461 944 οὐ
2496 872 2625 943 τοῦ

133 1001 181 1063 5
213 980 584 1085 παρόντος
619 983 815 1084 οἶμαι
850 998 1123 1093 καιροῦ.
1204 989 1312 1070 διὸ
1351 987 1440 1090 δὴ
1475 989 1707 1071 πάλιν
1741 989 1926 1071 ἰτέον
1961 991 2077 1071 ἐπὶ
2112 988 2206 1069 τὰ
2242 996 2391 1075 τοῖς
2432 1019 2619 1089 προ-

216 1106 567 1205 κειμένοις
620 1111 791 1211 ἡμῖν
846 1115 1400 1219 πρεπωδέστερα
1458 1116 1619 1197 ’Eia‘
1669 1115 2017 1218 ἀγαπᾶτέ
2067 1150 2161 1221 με
2222 1116 2432 1220 φησὶ,
2492 1111 2626 1199 τὰς

215 1230 504 1317 ἐντολάς
546 1272 680 1342 μου
723 1242 1049 1346 τηρήσετε.
1126 1239 1342 1324 σύνες
1392 1237 1537 1343 γὰρ
1592 1238 1681 1339 δὴ
1734 1238 1964 1320 πάλιν
2007 1242 2124 1319 καὶ
2182 1239 2625 1339 διαμέμνησο

213 1362 466 1442 καλῶς
502 1356 613 1438 ὅτι
646 1361 1005 1448 πολλάκις
1041 1370 1189 1449 τοῖς
1225 1368 1477 1445 ἑαυτοῦ
1513 1371 1865 1464 μαθηταῖς
1898 1360 2622 1468 προσδιαλεγόμενος,

216 1474 269 1577 ἢ
333 1482 452 1559 καὶ
509 1483 747 1571 αὐτοῖς
802 1494 952 1573 τοῖς
1006 1488 1393 1587 Ἰουδαίοις,
1450 1489 1728 1596 ἔφασκε
1786 1499 1828 1537 “
1856 1486 1976 1570 Τὰ
2028 1485 2317 1593 ῥήματα
2375 1485 2424 1566 ἃ
2478 1483 2622 1587 ἐγὼ
2712 1482 2879 1547 Supra

2710 1564 2816 1597 ver.
2844 1561 2921 1606 10,

99 1630 191 1671 10
223 1611 271 1649 ‘⁶
309 1611 520 1684 λαλῶ
556 1609 684 1688 οὐκ
718 1610 921 1692 ἔστιν
957 1611 1094 1712 ἐμὰ
1128 1613 1332 1693 ἀλλὰ
1367 1622 1496 1693 τοῦ
1538 1613 1965 1718 πέμψαντός
2010 1613 2167 1711 με·”
2230 1615 2347 1692 καὶ
2393 1611 2622 1691 πάλιν
2643 1618 2687 1683 b
2709 1613 2921 1743 ξζξῇᾏ

223 1735 271 1774 “
307 1726 475 1808 Ἀπ’
512 1730 815 1828 ἐμαυτοῦ
870 1737 956 1816 οῦ
1012 1744 1249 1836 λαλῶ,
1291 1740 1463 1817 ἀλλ’
1505 1740 1547 1817 ὃ
1599 1737 1900 1845 πέμψας
1953 1771 2042 1834 με
2091 1735 2352 1837 Πατὴρ
2408 1735 2620 1819 αὐτός
2707 1744 2895 1877 {2⁰93-

219 1860 270 1897 “
302 1884 428 1950 μοι
483 1855 781 1957 ἐντολὴν
824 1858 1081 1941 δέδωκε
1136 1863 1212 1941 τί
1260 1862 1436 1943 εἴπω
1492 1865 1608 1942 καὶ
1665 1862 1745 1941 τί
1786 1860 2169 1962 λαλήσω·”
2226 1863 2344 1941 καὶ
2392 1859 2619 1941 πάλιν

218 1985 266 2024 “
288 1973 395 2057 ‘A
423 1979 551 2059 οὖν
585 1978 728 2083 ἐγὼ
764 1991 976 2064 λαλῶ
1013 1988 1141 2066 οὐκ
1175 1987 1379 2067 ἔστιν
1411 1986 1568 2087 ἐμὰ,
1598 1986 1801 2067 ἀλλὰ
1834 1994 1964 2067 τοῦ
1998 1985 2425 2093 πέμψαντός
2462 1987 2613 2086 με.”
2707 2010 2956 2075 &db-50·

218 2104 374 2180 νυνὶ
427 2100 505 2182 δὲ
559 2103 649 2204 δὴ
697 2107 926 2188 πάλιν
966 2111 1195 2191 καίτοι
1248 2119 1377 2191 τοῦ
1419 2117 1610 2192 Θεοῦ
1666 2115 1784 2192 καὶ
1833 2108 2124 2215 Πατρός
2163 2109 2313 2191 ἅνω
2367 2144 2446 2190 τε
2501 2115 2619 2190 καὶ

104 2248 132 2288 1
145 2245 186 2305 5
217 2222 415 2305 κάτω
460 2226 628 2314 τοὺς
675 2230 941 2334 λόγους
991 2231 1166 2315 εἶναι
1210 2236 1786 2339 διωμολογηκὼς,
1823 2234 1946 2320 οῦς
1994 2232 2386 2335 ἐποιήσατο
2436 2234 2620 2338 πρὸς

216 2350 427 2449 ἡμᾶς,
470 2350 651 2438 ἰδίας
705 2356 1002 2443 ἐντολὰς
1057 2356 1238 2440 εἷναί
1289 2366 1540 2466 φησιν,
1587 2359 1774 2464 ἅπερ
1829 2362 1998 2460 ἡμῖν
2038 2358 2424 2460 λελάληκε.
2500 2364 2621 2440 καὶ

215 2474 301 2556 οῦ
352 2476 442 2579 δή
489 2510 598 2565 τις
645 2478 862 2560 αὐτὸν
912 2491 1080 2564 νοῦν
1128 2485 1313 2590 ἔχων
1359 2483 1679 2585 οἰήσεται
1735 2489 2236 2592 ψευδομυθεῖν·
2316 2483 2418 2585 μὴ
2473 2482 2616 2588 γὰρ

218 2601 542 2686 εἰσέλθοι
575 2615 790 2687 τοῦτο
824 2609 1297 2711 Χριστιανόν’
1361 2609 1754 2710 ἀληθεύσει
1792 2608 1867 2690 δὲ
1903 2607 2153 2707 πάλιν,
2190 2607 2313 2689 ἅτε
2362 2608 2451 2709 δὴ
2498 2612 2615 2689 καὶ

224 2727 437 2812 αὐτὸς
477 2728 817 2836 ὑπάρχων
853 2732 899 2833 ἡ
937 2733 1260 2834 ἀλήθεια.
1324 2735 1408 2813 οὐ
1442 2733 1588 2837 γὰρ
1627 2732 1792 2813 καθ’
1834 2734 1958 2813 ἕνα
2004 2741 2149 2813 τῶν
2183 2739 2611 2840 προφητῶν,
2639 2771 2676 2814 ο

99 2892 194 2934 20
225 2855 323 2936 ὡς
374 2854 450 2932 ἐν
485 2853 810 2937 διακόνου
864 2854 1067 2966 τάξει
1123 2863 1240 2939 καὶ
1295 2859 1668 2962 ὑπηρετου,
1703 2857 1832 2938 τὸν
1873 2856 2070 2960 παρὰ
2109 2856 2401 2959 Πατρὸς
2449 2857 2619 2957 ἡμῖν

223 2975 734 3078 διεπόρθμευσε
791 2983 1039 3085 λόγον,
1085 2984 1256 3062 ἀλλ’
1316 2986 1414 3068 ὡς
1468 2981 1655 3087 ἔχων
1707 3016 1891 3086 προς
1944 3015 2162 3062 αυτον
2214 2981 2348 3080 τὴν
2401 2980 2617 3086 ἐμφέ-

217 3135 436 3205 ρειαν,
493 3106 589 3186 ὡς
641 3102 820 3204 μηδε
880 3104 1084 3215 λόγῳ
1136 3104 1358 3213 τυχὸν
1414 3109 1725 3209 ὁρᾶσθαι
1782 3104 2153 3213 διάφορον,
2205 3106 2376 3184 ἀλλ’
2431 3106 2616 3184 οὕτω

219 3225 607 3331 πεφυκέναι
682 3236 961 3328 λαλεῖν,
1020 3228 1268 3333 ὥσπερ
1341 3227 1431 3310 ἂν
1497 3264 1615 3310 και
1689 3227 1902 3314 αὐτος
1964 3232 2005 3309 ὁ
2074 3227 2332 3332 Πατὴρ
2394 3228 2616 3335 τυχὸν

225 3350 650 3453 διαλέγοιτο.
759 3387 844 3433 το
908 3351 1051 3459 γὰρ
1109 3352 1681 3457 ἀπαράλλακτον
1742 3358 1871 3455 τῆς
1934 3355 2183 3439 οὐσίας
2258 3356 2377 3434 καὶ
2445 3389 2615 3434 ταυ-

103 3500 192 3561 25
218 3483 544 3579 τολογεῖν
601 3477 963 3557 ἀναπείθει
1016 3482 1121 3587 τῷ
1171 3475 1602 3579 γεννήσαντι
1656 3476 1785 3559 τὸν
1820 3477 2024 3559 Υἱόν·
2107 3482 2204 3564 ὡς
2252 3476 2329 3558 δὲ
2373 3477 2614 3582 Λόγος

218 3596 318 3678 ὢν
371 3600 584 3686 αὐτὸς
638 3604 758 3682 καὶ
811 3605 1046 3711 σοφία
1104 3607 1221 3684 καὶ
1275 3604 1633 3704 βούλησις
1689 3614 1816 3685 τοῦ
1873 3610 2066 3685 Θεοῦ
2122 3608 2238 3685 καὶ
2292 3604 2607 3710 Πατρὸς,

222 3723 543 3830 δεδέχθαι
597 3730 830 3832 φησὶν
882 3725 1185 3829 ἐντολὴν
1238 3729 1315 3808 τί
1362 3728 1523 3835 εἴπῃ
1578 3733 1696 3810 καὶ
1749 3729 1828 3809 τί
1874 3728 2210 3831 λαλήσει.
2295 3732 2444 3811 ἐπεὶ
2493 3734 2609 3810 καὶ
2633 3749 2679 3814 d

223 3849 417 3948 ἡμεῖς
451 3850 652 3930 αὐτοὶ
688 3848 817 3932 τὸν
850 3857 1106 3932 οἰκεῖον
1138 3851 1431 3933 ἕκαστοι
1467 3860 1665 3952 νοῦν,
1705 3857 1809 3962 τῷ
1843 3852 2027 3933 κατὰ
2060 3853 2444 3961 προφορὰν
2479 3854 2613 3954 τὴν

223 3971 335 4054 διὰ
390 3973 733 4078 ῥημάτων
786 3972 991 4085 λόγῳ
1057 3979 1437 4082 μονονουχὶ
1496 3982 1612 4057 καὶ
1676 3975 2192 4076 ἐντελλόμενον
2245 3979 2612 4079 βλίττομεν

92 4128 185 4188 30
215 4094 393 4200 πρὸς
427 4095 514 4178 τὸ
552 4098 695 4206 ἔξω
728 4097 1091 4201 βαδίζοντι
1144 4105 1645 4204 διερμηνεῦσαι
1693 4098 1787 4180 τὰ
1832 4102 1910 4180 ἐν
1944 4103 2157 4210 αὐτῷ.
2237 4106 2356 4182 καὶ
2389 4102 2611 4207 μικρὰ

213 4220 341 4323 μὲν
385 4224 483 4306 ὦς
534 4221 719 4326 πρὸς
756 4221 949 4303 Θεὸν
997 4224 1043 4324 ἡ
1090 4231 1221 4305 τοῦ
1269 4225 1848 4329 παραδείγματος
1891 4224 2206 4325 δύναμις,
2241 4226 2477 4306 εἰκόνα
2533 4226 2608 4351 δὲ

281 4431 334 4501 7.
369 4416 629 4488 τηρήσατε
653 4417 1176 4474 c.Cord.12.
1213 4419 1370 4476 ἔδωκε
1394 4418 2158 4492 c.Cord.12,13.ml
2180 4421 2473 4512 πάλιν-με
2497 4439 2608 4477 om.

298 4506 418 4559 gne.
443 4490 582 4544 ml'
551 4512 656 4545 οσα
678 4487 880 4547 τσῦτοις
902 4489 1054 4560 ὅμοια
1077 4508 1126 4546 c.
1153 4490 1318 4546 Cord.
1539 4506 1619 4562 15.
1659 4490 1788 4545 κατὰ
1812 4490 1878 4545 Ε.
2100 4492 2179 4547 16.
2218 4491 2351 4549 ἰδίας
2373 4492 2533 4546 αὐτοῦ
2557 4509 2606 4546 c.

221 4506 376 4616 Cord.
472 4561 688 4631 ἐντολῆς
714 4560 779 4616 Ε.
925 4577 1009 4633 27.
1046 4561 1267 4632 λαλήσω
1293 4562 1356 4617 Ε.
1500 4578 1588 4632 3ο.
1625 4561 1781 4633 μικρὰ
1807 4561 1872 4617 Ε.
1902 4560 2005 4617 Ed.
2031 4580 2140 4632 mg.
2164 4566 2317 4632 μικρᾷ
2346 4561 2449 4616 Ed.

295 4663 435 4709 von.
469 4664 546 4708 11.
1355 4665 1393 4730 3
1427 4667 1465 4709 o
