3238 5158
234 345 465 434 viii.35.
590 350 699 415 IN
760 352 827 416 S.
874 350 1381 417 JOANNEM.
1472 351 1664 416 LIB.
1699 350 1783 414 V.
1873 350 2079 416 CAP.
2112 349 2195 414 V.
2498 347 2586 411 69

229 516 351 590 τῶν
416 513 728 615 οὐρανῶν
795 519 914 596 καὶ
984 524 1116 596 τοῦ
1188 513 1373 597 κατὰ
1445 516 1677 622 φύσιν
1734 520 1917 596 Υὶοῦ
1991 520 2225 620 φησιν
2286 522 2330 560 “
2359 511 2582 591 Αὐτοὶ
2670 506 2756 636 ἵζ’·
2782 506 2860 622 ‘2²⁵3‘-

228 644 264 679 “
292 635 728 737 ἀπολοῦνται,
797 637 899 720 σύ
971 639 1048 721 δὲ
1124 640 1492 739 διαμένεις·
1591 642 1711 721 καὶ
1777 636 2040 723 πάντες
2124 641 2222 722 ὡς
2301 634 2582 735 ἱμάτιον

225 767 262 804 ‘⁶
290 762 930 863 παλαιωθήσονται,
968 766 1086 844 καὶ
1131 766 1306 843 ὡσεὶ
1346 761 1816 866 περιβόλαιον
1858 762 2113 868 ἑλίξεις
2162 758 2416 844 αὐτοὺς
2467 761 2584 839 καὶ

222 889 259 927 “
289 883 846 985 ἀλλαγήσονται·
934 885 1035 967 σύ
1090 886 1166 968 δὲ
1224 890 1265 967 5
1325 886 1538 973 αὐτὸς
1596 883 1678 984 εἷ,
1737 888 1854 967 καὶ
1920 884 2012 964 τὰ
2069 885 2191 985 ἕτη
2255 918 2398 964 σου
2454 884 2583 962 οὐκ
2606 911 2643 955 θ

167 1023 198 1083 5
219 1013 257 1050 “
285 1007 807 1112 ε’κλείψουσιν.”
865 1011 1040 1118 ὁρᾷς
1077 1011 1271 1096 ὅπως
1321 1010 1400 1089 εὖ
1445 1009 1650 1108 μάλα
1701 1011 1817 1090 καὶ
1856 1007 1973 1089 διὰ
2008 1007 2282 1089 τούτων
2315 1003 2582 1107 ἀληθὲς

216 1128 513 1235 ὑπάρχον
555 1134 1168 1236 ὁμολογουμένως,
1205 1134 1316 1214 ὅτι
1370 1132 1455 1214 τὸ
1510 1138 1642 1235 μὲν
1686 1139 1950 1215 δοῦλον
1986 1138 2056 1212 οὐ
2105 1129 2276 1236 μένει
2336 1137 2427 1215 εἰς
2487 1129 2585 1209 τὶν

213 1252 424 1350 algua,
459 1255 634 1361 με’νει
682 1254 826 1339 δὲ
798 1297 827 1339 ο
867 1259 1038 1355 Τιος,
1076 1262 1192 1338 καὶ
1238 1256 1324 1339 τὸ
1373 1256 1476 1358 μὴ
1525 1258 1781 1357 με’νειν,
1819 1256 2180 1363 ἀπόδειξις
2228 1262 2358 1334 τοῦ
2408 1249 2585 1333 εἶναι

211 1378 453 1457 δοῦλον
485 1378 570 1460 τὸ
619 1382 785 1461 καθ’
826 1381 1048 1485 οὗπερ
1101 1380 1192 1462 ἀν
1238 1416 1514 1483 κατηγο
1513 1379 1710 1485 ροῖτό
1759 1384 2015 1477 ε’στινς
2076 1377 2457 1480 ἀναλόγως
2508 1378 2584 1458 δὲ

208 1499 418 1608 τούτῳ
471 1502 556 1584 τὸ
611 1504 872 1607 ἕτερον,
907 1504 1261 1604 τουτέστι,
1304 1504 1390 1585 τὸ
1441 1505 1675 1606 με’νειν
1713 1512 1801 1590 εἰς
1855 1540 1960 1585 τον
2010 1501 2244 1594 aalma,
2283 1508 2585 1601 σημεῖον

128 1649 189 1689 10
206 1621 289 1701 ἀν
326 1625 597 1726 γε’νοιτο
653 1627 890 1734 σαφὲς
944 1635 1073 1707 τοῦ
1128 1627 1489 1728 δεσπότην
1536 1624 1712 1709 εἶναι
1761 1628 1878 1708 καὶ
1929 1623 2123 1706 Θεον
2159 1623 2327 1705 καθ’
2365 1625 2584 1728 οὗπερ

208 1744 285 1825 ἂν
316 1749 596 1852 λε’γοιτο
633 1751 891 1853 κυρίως
935 1785 1012 1831 τε
1064 1755 1183 1831 καὶ
1231 1755 1520 1851 ἀληθῶς
1569 1753 1615 1853 ἡ
1666 1750 1958 1851 τοιαύτη
2008 1748 2240 1856 φωνή.
2303 1747 2583 1857 ἐξήρκει

206 1868 323 1968 μὲν
380 1875 504 1953 οὖν
568 1909 669 1959 εις
728 1874 813 1954 τὸ
876 1882 1025 1959 τοῖς
1088 1876 1258 1979 παρ’
1327 1877 1529 1975 ἡμῶν
1591 1878 2161 1979 ἐπιμαρτυρῆσαι
2225 1872 2475 2023 λόγοις
2540 1876 2580 1954 5
2604 1909 2642 1948 a
2686 1893 2915 1951 542ss

205 1998 620 2105 ψαλμωδός·
681 1998 919 2100 ἐπειδὴ
964 1999 1041 2079 δὲ
1091 1998 1276 2079 κατὰ
1325 1998 1412 2079 τὸ
1461 2000 1978 2147 γεγραμμένον
1993 2010 2037 2046 “
2062 2001 2176 2079 ἐπὶ
2213 2032 2580 2095 στοματος
2667 2003 2842 2120 ἓίξῗξ·

205 2126 244 2164 “
275 2120 392 2199 δύο
452 2126 568 2202 καὶ
636 2127 855 2225 τριῶν
918 2124 1301 2227 μαρτύρων
1362 2123 1813 2224 σταθήσεται
1875 2130 2023 2204 πᾶν
2084 2124 2334 2226 ῥῆμα,’
2336 2120 2580 2228 ’φέρε

125 2270 183 2331 15
203 2239 407 2323 πάλιν
452 2244 642 2349 πρὸς
698 2248 935 2354 ἐκείνῳ
991 2250 1107 2326 καὶ
1164 2246 1293 2326 τὸν
1337 2246 1687 2353 μακάρων
1722 2248 2069 2350 Ἱερεμίαν
2114 2244 2408 2354 συνῳδὰ
2463 2248 2581 2324 καὶ

204 2371 595 2471 φρονοῦντα
630 2372 748 2450 καὶ
783 2370 1092 2472 λέγοντα
1129 2370 1572 2470 δεικνύωμεν.
1654 2369 1800 2452 ἀπὸ
1838 2370 1982 2472 γὰρ
2018 2379 2145 2451 τοῦ
2180 2369 2575 2475 καταφθεί-

201 2497 435 2589 ρεσθαι
477 2501 635 2574 πᾶν
671 2491 757 2574 τὸ
806 2494 1118 2595 ποιηθὲν,
1158 2497 1275 2575 καὶ
1326 2499 1587 2575 δοῦλον
1626 2494 1799 2576 αὐτὸ
1849 2493 1966 2574 διὰ
2011 2503 2221 2574 τοῦτο
2272 2490 2571 2591 δεικνὺς,

201 2611 328 2693 ἀπὸ
389 2616 465 2696 δὲ
527 2627 665 2699 τοῦ
717 2620 953 2718 μένειν
1004 2653 1082 2698 τε
1140 2622 1255 2699 καὶ
1311 2619 1850 2720 ἀμεταποιήτως
1909 2619 2090 2724 ἔχειν
2133 2618 2327 2698 Θεὸν
2382 2622 2571 2698 ἀπο-

203 2739 457 2841 φαίνων
509 2741 703 2821 κατά
757 2741 986 2850 φύσιν
1040 2740 1168 2822 τὸν
1202 2742 1404 2842 Υὶὸν,
1448 2746 1676 2842 δῆλον
1726 2743 1801 2824 δὲ
1857 2742 1967 2823 ὅτι
2022 2741 2139 2821 διὰ
2193 2750 2404 2821 τοῦτο
2459 2745 2578 2821 καὶ

120 2891 181 2933 20
205 2860 471 2964 Κύριον,
496 2902 691 2947 ουτω
727 2901 868 2947 που
905 2869 1094 2973 φησι
1129 2865 1312 2968 πρὸς
1351 2865 1568 2947 αὐτόν
1595 2878 1640 2914 “
1657 2865 1835 2947 Ὅτι
1875 2900 1975 2946 συ
2013 2864 2413 2965 καθήμενος
2451 2865 2577 2944 τὸν
2600 2891 2701 2995 ba
2667 2866 2786 2981 Bftr·
2813 2884 2883 2918 ¹²¹·

202 2992 507 3087 “αἱῶνα,
552 2992 675 3071 καὶ
732 2991 926 3089 ἡμεῖς
980 2993 1471 3090 ἀπολλύμενοι
1526 2988 1656 3071 τὸν
1700 2993 1965 3071 αἰῶναῖ
2063 2992 2140 3069 ἐν
2173 2992 2391 3069 παντὶ
2436 2987 2580 3092 γὰρ

198 3108 415 3221 χρόνω
462 3113 547 3194 τὸ
605 3116 905 3216 γενητὸν
942 3115 1149 3195 ἔσται
1199 3114 1526 3221 φθαρτὸν
1562 3114 1748 3195 κατά
1796 3150 1881 3218 γε
1931 3111 2059 3193 τὸν
2094 3120 2222 3192 τοῦ
2269 3116 2571 3211 πεποιῆ-

201 3239 359 3314 σθαι
398 3235 658 3340 λόγον,
700 3242 815 3318 καὶ
861 3245 920 3317 εἰ
968 3238 1071 3337 μὴ
1111 3237 1473 3344 φθείροιτο
1511 3237 1801 3340 δυνάμει
1837 3245 2051 3334 Θεοῦ,
2088 3237 2294 3317 ἔσται
2344 3234 2421 3316 δὲ
2472 3239 2579 3317 ἀεὶ

200 3359 577 3459 καθήμενος
616 3364 656 3441 5
695 3362 899 3459 Θεὸς,
934 3366 1064 3461 τῆς
1098 3361 1346 3442 ἐνθάδε
1395 3362 1786 3465 λεγομένης
1840 3367 2187 3447 καθίσεως
2236 3359 2321 3442 τὸ
2370 3364 2568 3463 ἱδρυ-

121 3506 179 3564 25
198 3483 388 3577 μένον
442 3489 566 3567 καὶ
624 3488 700 3565 ἐν
754 3486 1133 3587 ταυτότητι
1185 3488 1509 3590 πεπηγὸς
1568 3487 2075 3589 ὐποδηλούσης
2133 3490 2262 3586 τῆς
2325 3487 2576 3571 οὐσίας

200 3607 393 3688 αὐτοῦ
426 3606 616 3708 μετὰ
650 3618 778 3689 τοῦ
813 3609 1286 3712 συνάγεσθαι,
1325 3615 1441 3692 καὶ
1477 3610 1560 3691 τὸ
1599 3614 1675 3690 ἐν
1708 3617 2078 3719 βασιλικῷ
2122 3610 2456 3715 σχήματί
2496 3642 2576 3688 τε

198 3732 297 3808 καὶ
347 3733 723 3837 πράγματι
777 3736 1187 3837 διαπρέπειν
1240 3733 1485 3815 αὐτόν·
1562 3734 1800 3814 εἰκόνα
1853 3732 1995 3838 γάρ
2051 3769 2204 3818 πως
2258 3732 2403 3838 ἔχει
2457 3735 2575 3812 καὶ

198 3853 444 3937 τούτων
478 3860 524 3959 ἡ
581 3855 888 3942 κάθισις.

293 3983 604 4062 Οὐκοῦν·
665 3984 1203 4085 ἀναδραμοῦμαι
1254 3981 1397 4086 γὰρ
1445 3983 1648 4067 αὖθις
1702 3988 1799 4067 εἷς
1851 3979 1935 4061 τὸ
1990 3981 2078 4088 ἐξ
2121 3983 2368 4085 ἀρχῆς·
2426 3975 2572 4060 ἀπὸ
2596 4017 2632 4060 ο

122 4114 181 4172 30
197 4097 312 4195 μὲν
342 4113 467 4185 τοῦ
500 4101 608 4205 μὴ
642 4104 877 4204 μένειν
914 4115 1001 4192 εἰς
1039 4112 1142 4187 τὶν
1181 4106 1390 4188 αἶῶνα
1427 4102 1756 4212 φθαρτόν
1791 4138 1869 4185 τε
1914 4107 2030 4184 καὶ
2075 4103 2374 4207 γενητὸν
2410 4106 2565 4184 ἐπι-

256 4295 303 4349 8.
336 4297 562 4368 καθῦπερ
602 4297 669 4353 Β.
708 4296 821 4352 καθ’
857 4299 987 4370 ὑπερ
1025 4299 1207 4355 Holst.
1245 4298 1355 4354 καθ’
1392 4298 1518 4354 οὗπε
1589 4297 1892 4354 emendavit
1925 4308 1988 4355 ut
2024 4298 2243 4355 adnotat
2277 4299 2393 4370 ipse
2427 4298 2574 4355 Aub.

199 4360 390 4422 Desunt
412 4369 544 4424 haec
569 4368 768 4424 verba
755 4387 811 4422 m
839 4370 980 4424 Catt.
1211 4389 1263 4442 9.
1298 4369 1465 4442 τούτῳ
1494 4321 1558 4424 [f.
1584 4368 1780 4424 τούτων
1805 4371 1903 4425 Ht.
1921 4370 2025 4426 Ed.
2263 4387 2346 4425 ιι.
2380 4392 2437 4425 τε
2464 4389 2573 4426 om.

196 4434 746 4508 Aub.14.xa2
773 4438 839 4494 Β.
864 4439 1023 4509 ἢΗῐ.
1045 4439 1149 4495 Ed.
1371 4458 1457 4495 20.
1495 4438 1801 4511 καθήμενος]
1837 4447 1894 4506 -Ι-
1924 4441 1996 4497 ets
2022 4439 2125 4495 Ed.
2152 4441 2320 4495 invito
2345 4459 2393 4495 a.
2418 4441 2488 4495 cf.
2515 4443 2573 4495 in

197 4505 257 4559 tii
279 4506 449 4564 Proh
410 4510 600 4583 h.739
628 4528 679 4566 c.
995 4527 1078 4566 21.
1117 4508 1493 4582 ἀπολλύμενοι]
1528 4517 1585 4576 -Ι-
1615 4511 1689 4567 εἷς
1712 4528 1757 4565 a.
1791 4511 1885 4566 Ht.
1915 4511 2018 4567 Ed.
2046 4514 2158 4583 (33.
2184 4510 2277 4580 al.)
2304 4512 2473 4567 invito
2500 4511 2568 4566 B.

194 4590 270 4643 30.
302 4579 362 4634 ἐπ
439 4583 607 4638 ι’κνυσι
632 4599 682 4636 a.
709 4579 1041 4637 ἀποδείκνυσι.
1068 4580 1189 4638 Cat.
1218 4583 1369 4638 Harl.
1397 4582 1680 4637 ἐπιδεικνὺς
1706 4582 1809 4637 Ed.
