3238 5158
153 352 262 396 xv,
292 350 397 400 20.
533 334 648 398 IN
708 334 776 401 S.
824 335 1332 404 JOANNEM.
1423 337 1621 404 LIB.
1668 339 1750 406 X.
1841 341 2046 407 CAP.
2093 342 2190 407 11.
2435 340 2561 405 591

152 498 579 604 κηρύγματι,
615 502 745 584 τὸν
780 510 1191 612 σωφρονεῖν
1227 507 1704 588 ἀναπείθοντα
1741 506 2273 593 διακωλύοντας
2310 503 2568 608 λόγον,

150 624 663 777 ἀνωφελήτους
717 631 839 709 ε’ἂν
894 628 1058 714 τοὺς
1112 629 1627 733 ἀκροωμένους,
1670 631 2255 736 παριππεύοντας·
2311 628 2388 712 δὲ
2445 638 2564 715 και
2588 633 2632 697 b

150 782 246 827 τα
299 752 380 830 ἐκ
431 759 563 832 τοῦ
616 759 992 852 μισεῖσθαι
1045 752 1408 838 πολλάκις
1457 753 1770 854 ἐσόμενα
1823 756 2084 858 βλάβη
2145 760 2378 861 γοργῇ
2445 754 2565 833 καὶ
2669 811 2678 820 -

148 872 640 986 ἀνυποστόλῳ
696 880 1093 981 κεχρῆσθαι
1158 883 1250 982 τῇ
1309 886 1729 987 συμβουλῇ,
1790 879 2014 981 μηδὲν
2068 916 2155 961 το
2218 876 2565 983 παράπαν

81 1013 119 1075 5
148 998 770 1103 ὖφορωμένους,”
713 1035 938 1104 ηγουν
971 1001 1563 1108 προύργιαίτερόν
1598 1039 1671 1085 τι
1707 1002 2207 1108 λογιζομένους
2243 1010 2372 1084 τοῦ
2417 1007 2566 1082 δεῖν

147 1120 412 1223 ἀρέσαι
470 1128 660 1232 Θεῷ.
773 1121 814 1204 ὃ
882 1123 971 1226 δὴ
1034 1129 1151 1206 καὶ
1220 1131 1525 1212 Παῦλος
1587 1129 1856 1234 ἄριστα
1919 1135 2310 1232 κατορθῶν,
2371 1127 2561 1207 οὕτω

145 1243 419 1351 γράφει
455 1257 500 1294 “
522 1246 745 1351 Ἀρτι
788 1247 932 1354 γὰρ
982 1249 1402 1353 ἀνθρώπους
1449 1254 1672 1333 πείθω
1719 1250 1767 1354 ἢ
1816 1252 1944 1334 τὸν
1980 1251 2224 1351 Θεόν;
2253 1249 2335 1352 ἢ
2374 1250 2559 1355 ζητῶ
2655 1316 2736 1356 ,0,
2800 1270 2818 1290 ·

147 1378 194 1416 “
230 1371 640 1473 ἀνθρώποις
670 1373 1059 1477 ἀρέσκειν,
1122 1379 1182 1454 εἰ
1230 1375 1335 1456 ἔτι
1383 1376 1787 1480 ἀνθρώποις
1841 1376 2188 1479 ἤρεσκον,
2226 1380 2562 1480 Χριστοῦ

148 1502 193 1542 “
231 1497 496 1579 δοῦλος
549 1497 678 1577 οὐκ
733 1494 824 1577 ἂν
877 1494 1130 1598 ἤμην.”
1204 1499 1289 1578 οὐ
1350 1497 1498 1602 γάρ
1561 1502 1765 1581 ε’στιν
1819 1501 1947 1580 οὐκ
2009 1499 2168 1581 ἔστι
2222 1507 2562 1603 πονηροῖς

84 1651 124 1691 ο
146 1617 484 1720 ἀρέσκειν
520 1623 637 1701 καὶ
677 1625 866 1730 Θεῷ·
927 1628 1084 1706 πῶς
1136 1619 1281 1726 γὰρ
1329 1618 1420 1702 ἀν
1465 1623 1559 1704 ἴοι
1608 1623 1796 1705 κατὰ
1846 1623 2106 1705 ταύτὸν
2151 1621 2555 1731 ἀμφότερα,

143 1739 349 1821 πολύ
390 1777 462 1823 τι
512 1749 608 1829 εἷς
658 1744 1130 1845 ἀνομοιότητα
1182 1746 1654 1854 διῳκισμένης
1702 1752 1831 1849 τῆς
1875 1751 1952 1829 ἐν
1987 1748 2296 1855 ἑκατέρῳ
2334 1743 2552 1847 θελή·
2585 1767 2634 1818 θ’

145 1899 394 1964 σεως;
456 1867 501 1967 ἡ
551 1866 685 1968 μὲν
727 1868 871 1973 γὰρ
926 1875 1024 1955 εἶς
1078 1868 1355 1972 ἀρετὴν,
1402 1871 1447 1970 ἡ
1505 1870 1581 1951 δὲ
1636 1877 1735 1956 εἷς
1790 1873 2219 1980 φαυλότητα
2270 1871 2555 1969 βλέπει.

144 1988 284 2071 τὸν
317 1990 458 2093 ἄρα
493 1993 957 2097 μονοτρόπως
992 1992 1337 2075 ε’θὲλοντα
1380 1992 1742 2076 δουλεύειν
1776 2002 1878 2103 τῷ
1916 2001 2106 2105 Θεῷ,
2143 1999 2261 2077 καὶ
2297 2000 2426 2096 τῆς
2462 2001 2566 2081 εἷς

142 2114 373 2194 αὐτὸν
445 2117 813 2214 εὐσεβείας
887 2116 1090 2198 οὐδὲν
1161 2117 1445 2199 τιθέντα
1526 2117 1611 2200 τὸ
1700 2119 2010 2220 ἄμεινον,
2082 2119 2570 2226 προσκρούειν,

78 2261 116 2323 5
143 2235 430 2341 ἀνάγκη
483 2246 634 2325 τοῖς
687 2244 1034 2343 ἀγαπῶσι
1087 2239 1214 2322 τὸν
1270 2239 1571 2343 κόσμον,
1630 2242 1804 2325 ὅταν
1859 2244 2230 2351 ἀναπείθῃ,
2267 2250 2561 2352 φρονεῖν

138 2362 243 2446 τὰ
280 2369 407 2464 τῆς
442 2372 573 2445 τοῦ
607 2364 889 2467 κόσμου
921 2365 1309 2468 βδελυρίας
1344 2367 1758 2474 ἐκφέροντα.
1824 2368 2380 2478 δυσφορώτατοι
2414 2366 2560 2471 γὰρ

122 2493 305 2573 *τοῖς
366 2486 782 2596 φιληδόνοις
847 2494 919 2570 αἱ
985 2487 1168 2595 πρὸς
1241 2489 1481 2596 ἕτερόν
1546 2524 1618 2571 τι
1678 2500 2039 2572 καλοῦσαι
2101 2495 2554 2592 συμβουλαὶ,

142 2612 478 2719 καθάπερ
533 2611 782 2715 ἀμέλει
830 2619 948 2696 καὶ
993 2622 1142 2699 τοῖς
1194 2614 1333 2696 ὑπὸ
1383 2615 1661 2696 τούτων
1712 2624 1858 2697 τῶν
1902 2623 2159 2698 παθῶν
2202 2615 2288 2697 τὸ
2338 2623 2559 2717 σῶμα

144 2738 698 2846 διεφθαρμένοις
731 2736 825 2819 τὰ
857 2739 1200 2847 ἐπωφελῆ
1239 2742 1357 2819 καὶ
1391 2740 1742 2822 δάκνοντα
1780 2745 1925 2820 τῶν
1960 2738 2467 2842 βοηθημάτων.
2583 2741 2621 2806 d

73 2996 619 3075 οΛΛνΗμονεύετε
678 3005 793 3066 τοῦ
857 3000 1052 3076 λόγου
1115 2997 1190 3065 οὗ
1256 3000 1391 3077 ἐγὼ
1458 2994 1646 3068 εἷπον
1708 2996 1856 3079 ὑμῖν
1918 3000 2054 3067 Οὔκ
2116 3000 2254 3067 ἔστι
2316 2999 2556 3067 δοῦλος
2586 3016 2664 3058 20

192 3206 201 3210 ¹
255 3120 488 3213 μείζων
524 3130 639 3192 τοῦ
679 3125 899 3215 κυρίου
936 3127 1156 3193 αὐτοῦ·
1206 3123 1264 3192 εἰ
1312 3125 1429 3204 ἐμὲ
1470 3125 1778 3209 ἐδίωξαν,
1817 3127 1924 3193 καὶ
1972 3127 2140 3204 ὑμᾶς
2188 3125 2556 3197 διώξουσιν·

149 3295 165 3303 -
258 3245 316 3314 εἰ
358 3249 472 3316 τὸν
516 3250 712 3327 ΛόΓον
753 3274 877 3330 μου
922 3252 1271 3342 ἐτήρησαν,
1319 3253 1424 3318 καὶ
1474 3253 1590 3320 τὸν
1635 3244 2374 3343 ὕμὲτερον’τυρήσουσι.

271 3425 814 3534 Προαποδείξας
861 3427 940 3506 εὖ
986 3425 1190 3526 μάλα
1241 3429 1358 3507 καὶ
1391 3422 1476 3507 τό
1510 3432 1892 3527 μισεῖσθαι
1929 3427 2178 3526 καλὸν,
2217 3425 2413 3530 εἴπερ
2450 3424 2556 3527 εἴη

140 3552 276 3635 καὶ
330 3548 584 3631 τούτου
637 3547 903 3655 καιρός·
982 3548 1303 3659 φορητὸν
1357 3550 1498 3655 γὰρ
1553 3552 1764 3656 ἄγαν,
1818 3558 2111 3650 μᾶλλον
2166 3550 2244 3633 δὲ
2297 3548 2547 3655 τριπό·

73 3720 108 3780 5
142 3685 399 3777 θητον,
438 3675 615 3779 ὅπερ
669 3672 759 3754 ἂν
800 3674 1173 3781 συμβαίνῃ
1230 3672 1348 3756 διὰ
1392 3673 1604 3775 Θεὸν,
1642 3673 2313 3778 παραποδισμάτων
2348 3677 2544 3775 ἀμεί·
2579 3700 2617 3746 Θ

140 3834 320 3884 νους
357 3798 781 3903 ἐργάζεσθαι
816 3797 1230 3900 δυνάμενον·
1291 3790 1771 3905 προσαναιρεῖ
1812 3798 1901 3901 δὴ
1953 3799 2330 3905 χρησίμως
2382 3799 2557 3899 ὅπερ

136 3920 342 4005 οἶδεν
413 3926 511 4007 ὡς
582 3920 769 4006 Θεὸς
855 3923 1326 4024 κατοκνήσειν
1399 3925 1786 4005 ἀναπεῖθον
1857 3922 2113 4008 αὐτοὺς
2200 3921 2384 4028 πρὸς
2472 3922 2557 4005 τὸ

133 4045 448 4153 σφόδρα
497 4047 997 4128 συντείνεσθαι
1048 4044 1288 4128 θέλειν
1333 4049 1498 4150 περὶ
1553 4047 1639 4128 τὸ
1693 4051 1952 4153 χρῆναι
2008 4047 2377 4151 κηρύττειν
2429 4044 2560 4163 τὸν

133 4170 481 4275 οὐράνιον
526 4168 784 4273 λόγον.
863 4168 1209 4271 ἑπόμενον
1246 4170 1389 4276 γὰρ
1445 4172 1562 4253 ἐπὶ
1614 4169 1813 4252 πολὺ
1867 4178 2016 4257 τοῖς
2066 4177 2163 4258 εἶς
2212 4171 2298 4252 τὸ
2351 4170 2550 4253 διδά-

75 4347 100 4386 >
133 4328 354 4378 σκειν
424 4295 1121 4400 προκεχειρισμένοις
1192 4294 1278 4376 τὸ
1352 4295 1823 4400 ἀτιμάζεσθαι
1897 4298 2016 4375 καὶ
2098 4296 2549 4393 κινδυνεύειν,

219 4509 275 4565 8.
312 4506 540 4579 ἀρέσκον
563 4507 629 4563 Ε.
913 4506 997 4563 16.
1032 4511 1126 4563 τοῦ
1150 4517 1490 4580 assumptum
1515 4525 1579 4563 ex
1607 4506 1674 4563 Ε.
1964 4508 2047 4563 18.
2083 4504 2278 4561 τούτων
2298 4509 2400 4560 τῶν
2455 4503 2556 4559 Le-

136 4579 460 4655 gendumne
485 4601 578 4635 του
600 4580 739 4635 ritu?
884 4594 971 4634 20.
1008 4578 1112 4651 ὄγὸ
1136 4596 1244 4635 om.
1273 4579 1339 4637 E.
1485 4578 1572 4635 26.
1608 4580 1950 4650 προσαναιρεῖ
1973 4578 2039 4649 E.
2062 4577 2377 4649 προσανερεῖ
