3238 5158
227 325 354 391 viii.
383 329 482 397 26.
581 332 696 398 IN
756 334 824 399 S.
873 336 1390 404 JOANNEM.
1481 340 1674 405 LIB.
1706 341 1790 405 V.
1879 340 2084 405 CAP.
2133 339 2254 404 IV.
2533 336 2617 400 2⁷

225 493 366 600 γὰρ
398 494 730 596 μάλιστα
766 500 1149 607 θαυμάζειν
1184 504 1394 612 ἀξιον
1428 508 1557 604 τῆς
1593 539 1671 585 τε
1705 504 2148 613 ἀνεξικακίας
2197 500 2281 582 τὸ
2321 501 2610 604 με’τρον,

223 622 337 698 καὶ
389 625 517 720 τῆς
571 623 873 725 ἐνούσης
927 628 1121 735 αὐτῷ
1181 629 1731 736 φιλανθρωπίας
1790 627 1923 729 τὴν
1980 623 2417 731 ὑπερβολήν·
2500 622 2617 702 διὰ

220 750 430 824 τοῦτο
478 750 597 827 καὶ
647 749 687 827 ὁ
730 750 1008 853 Πέτρος
1054 748 1470 832 ἐπιστέλλει
1517 756 1683 854 περὶ
1731 753 1949 832 αὐτοῦ
1986 762 2030 798 “
2050 750 2200 835 ἑ“Ος
2235 746 2606 851 λοιδορού-
2705 738 2938 867 ἑερξθι·

220 877 265 914 “
292 903 506 967 μενος
552 872 680 951 οὐκ
733 873 1230 977 ἀντελοιδόρει,
1264 873 1579 981 πάσχων
1614 877 1743 955 οὐκ
1778 876 2080 976 ἠπείλει,
2122 874 2499 977 παρεδίδου
2537 870 2611 952 δὲ
2639 900 2676 940 a
2728 887 2852 940 514
2867 886 2951 940 A·

156 1010 193 1072 5
220 1000 263 1038 “
297 998 400 1097 τῷ
459 995 772 1096 κρίνοντι
828 996 1172 1082 δικαίως.”
1257 1000 1513 1078 οὐκοῦν
1570 999 1935 1078 ἀναλώσω
1996 1000 2188 1102 φησὶ
2252 995 2380 1078 τὸν
2432 995 2616 1098 πρὸς

219 1116 400 1215 ὑμᾶς
456 1125 585 1197 νῦν
627 1115 961 1217 μάλιστα
1013 1119 1260 1224 λόγον,
1308 1123 1436 1201 οὐκ
1488 1122 1599 1228 ἐφ’
1642 1120 1745 1206 οἷς
1802 1124 1969 1220 ὑμῖν
2008 1121 2192 1206 ἔθος·
2254 1125 2351 1206 εἷς
2400 1127 2615 1226 φιλο-

215 1240 488 1345 ψογίας
542 1241 881 1343 δηλονότι
937 1249 1056 1325 καὶ
1109 1243 1244 1345 τὴν
1290 1247 1395 1326 ἐπ’
1438 1247 1667 1326 οὐδενὶ
1714 1253 1861 1326 τῶν
1903 1247 2283 1350 χρησίμων
2325 1242 2605 1347 τριβήν·

215 1362 418 1443 ἀλλὰ
453 1361 538 1445 τὸ
573 1367 836 1468 κρίνειν
873 1369 1052 1468 ὑμᾶς
1091 1374 1311 1476 καιρῷ
1346 1368 1673 1473 τηρήσας
1708 1374 1811 1477 τῷ
1846 1370 2222 1472 πρέποντι,
2267 1376 2411 1447 τῶν
2451 1371 2615 1467 ὑμῖν

213 1489 740 1592 συμφερόντων
773 1491 1179 1598 ἀνθέξομαι,
1214 1496 1331 1573 καὶ
1367 1498 1496 1593 τῆς
1532 1498 1632 1577 εἷς
1685 1496 1866 1591 ὑμᾶς
1920 1495 2047 1573 οὐκ
2095 1489 2613 1591 ἀποστήσομαι

117 1641 190 1685 10
213 1617 522 1716 φειδοῦς,
557 1610 694 1694 κᾶν
725 1615 816 1721 ἐξ
857 1618 1197 1701 ἀπονοίας
1252 1621 1379 1716 τῆς
1432 1616 1735 1717 ε’νουσης
1791 1618 1955 1714 υμῖν
2000 1616 2361 1700 ἀσυνέτως
2413 1617 2613 1717 ὑβρί-

212 1735 381 1839 ζετε.
460 1734 720 1842 ἔλεγον
750 1739 991 1820 τοίνυν
1026 1738 1208 1843 πρὸς
1258 1743 1439 1839 ὑμᾶς
1487 1741 1828 1843 ἀρτίως“
1857 1740 2058 1842 Ἐγώ
2113 1744 2256 1836 εἶμι
2309 1773 2395 1818 το
2450 1744 2609 1842 φῶς
2699 1737 2904 1853 ἓξὲξ,

211 1870 256 1907 “
291 1869 421 1941 τοῦ
472 1859 779 1961 κόσμου·
840 1865 882 1944 ὃ
940 1865 1362 1945 ἀκολουθῶν
1394 1865 1548 1963 ἐμοὶ
1595 1866 1680 1943 οὐ
1726 1862 1828 1963 μὴ
1874 1860 2348 1966 περιπατήσει
2395 1864 2473 1942 ἐν
2516 1868 2607 1967 τῇ
2634 1874 2678 1939 b

210 1994 254 2033 ‘⁴
289 1987 578 2093 σκοτίᾳ,
631 1987 802 2065 ἀλλ’
854 1986 998 2093 ἕξει
1052 1985 1137 2067 τὸ
1194 1994 1352 2092 φῶς
1405 1991 1534 2088 τῆς
1588 1987 1841 2091 ζωῆς·”
1918 1990 2036 2068 ἐπὶ
2087 1985 2319 2094 τούτῳ
2372 2019 2607 2087 παρα-

208 2105 453 2212 λόγως
505 2106 1011 2215 ἀσχάλλοντες
1065 2113 1457 2212 ἀνεπηδᾶτε
1519 2115 1785 2214 δριμεῖς
1840 2122 1886 2159 “
1912 2109 2022 2192 Συ
2074 2114 2239 2215 περὶ
2297 2118 2609 2190 σεαυτοῦ
2698 2126 2777 2176 Ib-
2801 2140 2876 2190 ¹3·

111 2262 183 2323 15
210 2243 255 2280 “
286 2240 687 2338 μαρτυρεῖς,
725 2236 1177 2330 ἀναβοῶντες
1211 2232 1548 2333 ἐκτόπως,
1585 2236 1631 2335 ἢ
1665 2236 2022 2340 μαρτυρία
2055 2268 2198 2315 σου
2235 2237 2362 2315 οὐκ
2405 2233 2606 2315 ἔστιν

209 2369 252 2409 “
287 2356 632 2459 ἀληθής.”
705 2357 889 2462 πρὸς
933 2357 1023 2460 δὴ
1059 2357 1154 2439 τὰ
1188 2368 1482 2440 τοιαῦτα
1512 2357 1743 2440 πάλιν
1777 2359 1918 2462 ἐγώ
1956 2370 2001 2407 “
2033 2356 2199 2441 Κάν
2233 2357 2375 2459 ἐγὼ
2409 2394 2598 2463 μαρ-
2698 2380 2877 2447 1b.14.

207 2490 254 2530 “
288 2488 482 2586 τυρῶ
539 2485 704 2588 περὶ
768 2485 1095 2583 ἐμαυτοῦ,
1151 2482 1429 2585 ἀληθής
1490 2484 1694 2563 ἐστιν
1751 2485 1797 2586 ἦ
1857 2484 2211 2589 μαρτυρία
2263 2517 2436 2583 μου,
2497 2483 2607 2563 ὅτι

208 2615 254 2653 “
284 2604 445 2687 οἶδα
478 2606 702 2688 πόθεν
736 2604 969 2707 ἦλθον
1001 2611 1119 2688 καὶ
1154 2615 1298 2689 ποῦ
1333 2606 1660 2712 ὼτάγω.”
1727 2607 1899 2687 ἀλλ’
1935 2614 1996 2689 εὶ
2034 2611 2221 2688 δοκῶ
2273 2643 2379 2692 τις
2429 2605 2607 2688 εἶναι

205 2729 576 2837 φορτικὸς,
627 2739 855 2811 ταῦτα
906 2730 1148 2833 λέγων
1202 2735 1279 2812 ἐν
1334 2734 1520 2831 ὑμῖν,
1571 2738 1632 2811 εἲ
1684 2730 1788 2831 μὴ
1844 2729 2086 2816 δεκτός
2139 2737 2281 2830 εἶμι
2334 2728 2605 2834 μάρτυς

107 2856 362 2957 2ο·περὶ
445 2861 593 2934 τῶν
663 2856 819 2952 ἐμοὶ
896 2854 1328 2959 προσόντων
1396 2852 1827 2962 ἀξιωμάτων
1898 2861 2252 2960 φυσικῶν,
2326 2861 2497 2935 ἀλλ’
2574 2866 2665 2937 ὁο

191 2974 524 3085 πέμψσις
576 3014 670 3084 με
722 2976 968 3073 ἀληθής
1022 2980 1162 3059 ἐστι
1224 2976 1428 3080 κάγῶ
1484 2975 1537 3059 οἳ
1592 2974 1852 3071 ἥκουσα.
1904 2983 2068 3082 παρ’
2128 2980 2330 3057 αὐτοῦ
2383 2982 2607 3059 ταῦτα

204 3100 420 3183 Aah&
469 3110 562 3189 εἰς
615 3103 722 3184 τὶν
782 3103 1051 3207 κόσμον.
1146 3107 1591 3203 ταυτολογῶ,
1648 3103 1859 3208 φησὶ,
1915 3106 2020 3208 τῷ
2075 3100 2457 3207 πέμψαντί
2514 3138 2602 3198 με

206 3228 466 3331 Πατρὶ,
524 3223 819 3334 συνῳδὰ
873 3231 1022 3310 τοῖς
1074 3225 1341 3306 ἐκείνου
1397 3224 1811 3332 φθέγγομαι
1872 3225 2212 3328 ῥήμασιν,
2271 3225 2380 3305 ὅτι
2446 3232 2605 3333 φῶς

200 3353 341 3449 εἶμι
401 3348 587 3430 κατὰ
648 3348 877 3457 φύσιν
936 3348 1176 3430 εἰπών.
1281 3346 1469 3450 αἵπερ
1530 3349 1659 3428 οὖν
1717 3345 1978 3442 ἥκουσα
2037 3347 2378 3450 λέγοντος
2440 3354 2603 3454 περὶ

101 3491 175 3553 ²5
202 3474 374 3572 ἐμοῦ
437 3480 571 3554 τοῦ
634 3478 827 3554 Θεοῦ
895 3474 1014 3553 καὶ
1081 3471 1397 3577 Πατρὸς,
1451 3474 1679 3553 ταῦτα
1740 3470 1955 3551 λαλῶ
2010 3479 2102 3557 εἰς
2162 3473 2268 3553 τὶν
2327 3474 2596 3579 κόσμον.

199 3597 455 3677 οὐκοῦν
491 3600 550 3676 εἰ
598 3596 957 3703 ψεύδομαι
1008 3596 1172 3676 καθ’
1215 3598 1413 3695 ὑμᾶς,
1451 3597 1569 3675 καὶ
1605 3594 1734 3675 οὐκ
1772 3592 2050 3694 ἀληθής
2086 3597 2288 3676 ἐστιν
2325 3597 2369 3696 ἡ
2406 3632 2595 3699 μαρ-

196 3721 403 3822 τυρία
452 3754 623 3818 μου,
664 3724 1170 3827 προεψεῦσθαι
1216 3717 1504 3804 πάντως
1557 3720 1950 3821 ἀναγκαῖον
1986 3721 2168 3818 ὑμᾶς
2218 3724 2435 3800 εἰπεῖν
2471 3721 2600 3801 τὸν

200 3842 518 3948 Πατέρα.
611 3844 782 3923 ἀλλ’
843 3842 1016 3924 ἔστιν
1073 3841 1350 3935 ἀληθής·
1419 3843 1676 3923 οὐκοῦν
1730 3843 1816 3923 οῦ
1871 3841 2321 3949 διέψευσμαι,
2367 3846 2484 3923 καὶ
2538 3849 2596 3924 εἰ
2621 3856 2666 3921 (1

197 3964 298 4066 μὴ
336 3974 486 4051 τοῖς
521 3964 690 4070 παρ’
732 3967 906 4064 ἐμοῦ
941 3968 1470 4066 καταπείθησθε
1512 3964 1781 4069 λόγοις,
1819 3963 2325 4066 δυσωπήθητε,
2370 3969 2591 4072 φησὶ,

98 4108 175 4166 30
196 4087 322 4174 τὰς
387 4097 519 4171 τοῦ
584 4087 1014 4195 πέμψαντός
1075 4123 1164 4188 με
1229 4087 1496 4196 φωνάς.
1593 4089 1674 4169 τί
1728 4089 1872 4194 γὰρ
1938 4088 2080 4195 ἔφη
2143 4092 2306 4192 περὶ
2370 4091 2589 4188 ἐμοῦ;

198 4222 242 4262 “
271 4211 463 4294 Ἰδοὺ
510 4210 713 4319 ἀνὴρ,
749 4209 1117 4312 Ἀνατολὴ
1167 4210 1395 4311 ὄνομα
1446 4212 1708 4320 αὐτῷ·”
1768 4216 1886 4293 καὶ
1933 4210 2162 4293 πάλιν
2203 4209 2384 4315 πρὸς
2433 4210 2597 4296 τοὺς
2686 4207 2834 4322 {2⁰¹³
2858 4208 2926 4256 ἢ·

271 4424 354 4478 18.
392 4423 554 4479 πόθεν
576 4420 765 4496 ἦλθον]
789 4422 952 4478 πόθεν
974 4423 1095 4493 εἷμὶ,
1119 4423 1282 4479 πόθεν
1304 4421 1468 4492 ἦλθον
1490 4440 1589 4494 pro
1612 4440 1764 4477 more
1789 4422 1853 4478 B.
1889 4423 2069 4479 Holst.
2391 4441 2420 4478 2
2463 4465 2476 4480 .
2514 4425 2597 4478 καὶ

197 4495 410 4585 συνῳδὰ
428 4512 476 4549 8.
515 4503 520 4507 ’
713 4512 779 4561 24
746 4513 798 4561 4.
835 4493 990 4549 εἷπὼν
1014 4505 1137 4549 ante
1161 4494 1239 4549 ὅτι
1263 4495 1564 4565 transponit
1588 4511 1638 4547 8.
1869 4508 1966 4619 nh
1992 4495 2267 4566 ἀναγκαῖον
2292 4493 2360 4549 Β.
2456 4496 2596 4566 igne.

195 4564 479 4637 ἀναγκαίως
507 4563 608 4619 Ht.
632 4563 905 4637 ἀναγκαιος
930 4564 1073 4619 Aub.
1289 4581 1377 4636 29.
1416 4562 1791 4619 καταπείθεσθε
1817 4564 1884 4619 Β.
1971 4573 2012 4618 t.
2036 4565 2362 4634 neowan.

1357 4666 1467 4712 1¹22
