3238 5158
210 342 467 428 vffi.44.
750 350 864 413 IN
925 348 993 413 s.
1041 350 1554 416 JOANNEM.
1648 351 1998 417 LIB.V1.
2523 354 2605 416 95

208 512 584 610 δαιμονίων
616 513 1140 617 πρωτοστάτης
1176 523 1457 615 νοεῖται,
1496 518 1829 598 δεδέσθαι
1867 519 2056 623 φησὶ
2106 521 2197 623 τῇ
2247 524 2376 597 τοῦ
2414 522 2607 597 Θεοῦ

207 632 511 733 δυνάμει,
549 639 667 715 καὶ
715 641 815 722 εἷς
863 637 1081 719 αὐτὸν
1116 639 1448 747 ε’ῤῥίφθαι
1491 637 1621 719 τὸν
1656 639 2015 743 τάρταρον
2048 638 2180 723 τὰς
2215 637 2328 745 ἐφ’
2368 638 2473 722 οἷς
2509 646 2608 723 εἷς

206 754 391 837 Θεὸν
424 757 936 868 πεπαρῴνηκεν
972 761 1267 847 εὐθύνας
1317 762 1701 870 ὑφέξοντα,
1737 762 1978 865 ἕτερον
2026 760 2104 842 δὲ
2153 760 2303 861 μετ’
2343 764 2606 853 ἐκεῖνον
2631 766 2675 831 d

203 879 697 987 ἀναπεφάνθαι
772 883 953 982 τινὰ,
1029 892 1182 971 ταῖς
1253 893 1382 967 τοῦ
1456 886 1732 989 πατρὸς
1806 886 2221 989 βδελυρίαις
2307 891 2598 989 ἶσοτρο-

148 1012 180 1073 5
202 1012 493 1083 ποῦντα·
570 1011 812 1090 καλῶς
865 1006 994 1088 τὸν
1051 1016 1179 1088 νῦν
1234 1008 1574 1115 ἄρχοντά
1605 1017 1736 1088 τοῦ
1794 1013 2049 1093 αἰῶνος
2110 1007 2388 1107 τούτου,
2443 1011 2609 1111 περὶ

203 1127 415 1207 αὐτοῦ
468 1162 548 1207 τε
606 1127 831 1233 φάναι
885 1128 1014 1210 τὸν
1050 1136 1355 1234 Σωτῆρα
1411 1133 1981 1237 διισχυρίσαντο,
2033 1130 2143 1210 ὅτι
2199 1136 2316 1212 καὶ
2367 1129 2604 1239 ἀνθρω-

203 1252 519 1335 ποκτόνος
573 1245 640 1344 ἦν
683 1256 812 1331 ἀπ’
854 1252 1092 1361 ἀρχῆς,
1130 1256 1247 1335 καὶ
1296 1254 1392 1336 ’ὅτι
1443 1248 1755 1362 ψεύστης
1806 1256 1975 1336 ἐστὶν
2019 1253 2246 1365 ὥσπερ
2301 1264 2331 1336 o‘
2383 1252 2609 1360 πατῆρ

201 1405 418 1454 αυτοῦ.

306 1496 530 1577 Ἀλλ’
570 1505 629 1578 εἰ
666 1498 767 1599 μὴ
809 1499 1065 1580 πολλὰ
1108 1501 1276 1581 καθ’
1318 1499 1608 1607 ἑαυτοὺς
1660 1503 1776 1582 ἐπὶ
1826 1502 2061 1610 τούτῳ
2114 1498 2600 1598 διενοούμεθα,

105 1638 174 1681 10
198 1617 333 1699 κᾶν
389 1620 673 1706 εἰκότως
730 1622 859 1703 τὸν
912 1622 1141 1727 λόγον
1193 1623 1283 1731 ἐξ
1334 1627 1616 1724 ἑτοίμου
1671 1623 2243 1731 παρεδεξάμεθα·
2321 1625 2473 1702 νυνὶ
2531 1621 2608 1701 δὲ

196 1742 384 1841 ἡμᾶς
415 1753 779 1826 συναινεῖν
814 1748 1360 1849 ἀπερισκέπτως
1397 1749 1526 1829 οὐκ
1562 1752 1665 1855 ἐᾷ,
1701 1752 1819 1828 καὶ
1854 1748 1999 1852 πρό
2045 1780 2130 1849 γε
2167 1753 2314 1827 τῶν
2351 1746 2606 1826 ἄλλων

196 1867 443 1946 ἐκεῖνο.
539 1867 724 1948 κατὰ
789 1869 921 1968 μὲν
981 1868 1128 1975 γὰρ
1186 1875 1316 1971 τῆς
1376 1872 1751 1971 ἐπιδημίας
1813 1879 1943 1951 τοῦ
2004 1874 2344 1973 Σωτῆρος
2403 1869 2606 1968 ἡμῶν
2631 1902 2668 1944 e

197 1987 466 2094 καιρὸν,
530 1991 577 2092 ἦ
644 2001 774 2072 τοῦ
839 1993 1192 2089 διαβόλου
1254 1997 1584 2098 τυραννὶς
1648 1994 1927 2101 ἐδέχετο
1995 1990 2129 2094 τὴν
2182 2002 2311 2074 τοῦ
2374 2027 2600 2073 κατα-

195 2113 483 2195 πίπτειν
517 2116 770 2222 ἆρχὴν,
810 2120 927 2196 καὶ
978 2122 1074 2202 εἰς
1121 2116 1255 2218 τὴν
1302 2117 1647 2213 ἄβυσσον
1692 2118 2130 2225 ἐξεπέμπετο
2181 2115 2275 2196 τὰ
2326 2115 2607 2219 πονηρά

103 2250 171 2311 15
197 2270 271 2317 τε
309 2240 431 2318 καὶ
468 2238 841 2341 ἀκάθαρτα
872 2239 1265 2339 πνεύματα.
1340 2244 1459 2321 καὶ
1495 2249 1674 2344 γοῦν
1709 2238 2136 2345 προσιόντες
2173 2245 2240 2320 οἱ
2278 2240 2606 2339 δαίμονες

195 2360 586 2468 διαῤῥήδην
641 2360 859 2443 αὐτὸν
915 2363 1394 2466 παρεκάλουν,
1451 2374 1493 2413 “
1529 2365 1647 2445 ἵνα
1683 2389 1688 2394 ’
1700 2365 1802 2465 μὴ
1858 2367 2098 2448 αὐτοῖς
2150 2361 2453 2470 ἐπιτάξῃ
2507 2368 2606 2447 εἷς

197 2494 244 2533 “
278 2484 417 2587 τὴν
468 2486 811 2585 ἄβυσσον
860 2489 1261 2587 ἀπελθεῖν,”
1302 2486 1491 2567 καθὰ
1544 2488 1972 2594 γέγραπται.
2052 2484 2470 2590 μεμνήμεθα
2528 2484 2605 2567 δὲ

196 2609 307 2691 ὅτι
348 2614 465 2691 καὶ
510 2611 806 2711 πολλὴν
839 2614 1207 2693 ἐποιοῦντο
1254 2612 1387 2712 τὴν
1421 2612 1790 2714 καταβοὴν
1826 2616 1940 2695 ἐπὶ
1991 2613 2225 2722 τούτῳ
2278 2611 2605 2716 λέγοντες

197 2744 241 2782 “
262 2733 445 2832 Ἔα,
482 2736 560 2816 τί
590 2735 760 2836 ἡμῖν
796 2739 913 2816 καὶ
957 2739 1081 2816 σοὶ
1116 2739 1367 2836 Ἰησοῦ
1403 2737 1791 2840 Ναζαρηνέ
1805 2771 1826 2833 3
1889 2737 2179 2836 οἴδαμέν
2215 2770 2306 2816 σε
2356 2737 2461 2821 τίς
2512 2732 2597 2814 εἷ·

98 2875 171 2917 ²0
194 2866 239 2906 “
272 2859 319 2938 ὃ
396 2856 601 2962 ἅγιος
674 2868 804 2940 τοῦ
868 2865 1085 2940 Θεοῦ·
1176 2858 1395 2960 ἦλθες
1458 2857 1594 2939 ὧδε
1664 2857 1809 2962 πρὸ
1876 2868 2123 2963 καιροῦ
2198 2857 2602 2955 βασανίσαι

195 2990 239 3029 “
276 2983 471 3083 ἡμᾶς
492 2981 562 3081 3'’
621 2981 732 3062 ὅτι
785 2982 919 3083 μὲν
967 2982 1110 3087 γὰρ
1154 2981 1603 3085 ἐπιδημήσας
1659 2986 1700 3064 ὁ
1760 2982 2028 3086 Κύριος
2082 2984 2285 3082 ἡμῶν
2317 2982 2602 3081 Ἰησοῦς
2625 3016 2662 3055 a

194 3107 236 3187 ὁ
281 3105 617 3210 Χριστὸς
672 3106 1098 3214 κατατήξειν
1139 3105 1460 3206 ἤμελλεν
1506 3105 1762 3191 αὐτοὺς
1821 3110 1939 3187 καὶ
1991 3107 2339 3189 ποικίλως
2392 3104 2594 3184 ἀνιά-

192 3264 383 3329 σειν,
427 3228 703 3337 ᾕδεσάν
755 3265 898 3311 που
952 3229 1241 3315 πάντως
1298 3233 1416 3311 καὶ
1472 3232 1693 3329 αὐτοὶ,
1739 3229 1978 3311 πολῦν
2033 3229 2207 3310 ὄντα
2263 3227 2393 3309 τὸν
2445 3231 2605 3332 περὶ

194 3356 421 3434 αὐτοῦ
458 3352 685 3456 λόγον
720 3353 1167 3457 εὑρίσκοντες
1212 3351 1413 3459 παρὰ
1463 3361 1612 3438 τοῖς
1663 3352 1753 3460 ἐξ
1794 3352 2129 3457 Ἰσραὴλ,
2167 3360 2605 3459 κατῃτιῶντο

99 3490 169 3553 ²5
192 3475 432 3580 γεμὴν
506 3482 604 3563 ὡς
677 3479 1078 3584 ἀφιγμένον
1147 3480 1277 3559 οὐκ
1345 3480 1424 3558 ε’ν
1497 3484 1749 3586 καιρῷ,
1823 3480 1941 3557 καὶ
2011 3486 2224 3557 τοῦτο
2299 3482 2605 3580 δρῶντες

192 3607 653 3706 τυραννικῶς,
719 3604 836 3682 καὶ
895 3599 1024 3681 τὸν
1090 3606 1217 3701 τῆς
1280 3602 1651 3700 ἐπιδημίας
1719 3599 1982 3706 χρόνον
2047 3607 2605 3702 κατηγοροῦντες

196 3721 654 3828 δυστρόπως·
737 3723 939 3824 πλὴν
1002 3721 1087 3804 τό
1156 3721 1317 3828 Πρὸ
1380 3732 1629 3828 καιροῦ
1694 3724 2058 3826 λέγουσιν,
2125 3725 2220 3806 ὡς
2283 3731 2601 3819 βασανι-

196 3848 498 3933 σθέντες
533 3846 666 3947 μὲν
701 3848 866 3928 καθ’
905 3845 1146 3951 ἕτερόν
1181 3880 1342 3927 τινα
1378 3846 1644 3952 χρόνον
1680 3848 2028 3946 οὐδαμῶς,
2063 3846 2188 3926 ἕνα
2240 3844 2315 3925 δὲ
2363 3879 2601 3948 προσ-

196 3973 550 4055 δοκῶντες
602 3969 731 4052 τὸν
778 3976 903 4071 τῆς
961 3973 1351 4073 ἐπιδημίας,
1393 3972 1560 4052 καθ’
1602 3970 1687 4052 ὃν
1728 3968 2042 4070 ἔμελλον
2084 3967 2604 4053 ἄνενδοιάστως

104 4116 173 4171 30
197 4097 572 4195 ὑπομεῖναι
634 4093 728 4176 τὰ
799 4096 1390 4198 προσδοκώμενα.
1497 4095 1681 4199 πρὸς
1755 4094 1841 4175 δέ
1893 4128 1980 4197 γε
2047 4103 2260 4175 τοῦτο
2325 4093 2604 4172 κάκεῖνό
2631 4108 2674 4172 b

197 4228 443 4325 φαμεν
508 4224 600 4300 Εἰ
673 4220 938 4300 ἐκείνου
1012 4220 1405 4321 δεδεμένου,
1471 4218 1654 4300 κατὰ
1727 4216 1861 4319 τὴν
1929 4224 2143 4298 τινῶν
2216 4216 2599 4323 διάληψιν,

1928 4326 1958 4349 .

274 4447 326 4485 ι.
362 4431 505 4502 φασὶ
530 4429 779 4484 emendat
805 4431 1011 4502 Migne.
1297 4443 1349 4499 5.
1388 4435 1423 4459 “
1440 4428 1618 4483 Verba
1643 4430 1812 4484 καλῶς
1834 4428 1927 4481 τὸν
1949 4429 2038 4482 νῦν
2061 4426 2289 4497 ἄρχοντα
2311 4429 2405 4480 τοῦ
2427 4426 2609 4481 αἰῶνος

198 4502 389 4556 τούτου
412 4503 650 4574 glossam
676 4503 838 4568 olent,
864 4518 1140 4625 gen-peram
1166 4501 1220 4553 in
1247 4510 1453 4554 textum
1476 4498 1805 4570 receptam.’'
1834 4496 2033 4567 Heyoe.
2324 4511 2409 4550 22.
2447 4498 2476 4548 ὁ
2500 4512 2606 4549 ass·

198 4588 263 4625 ex
298 4571 366 4625 B.
514 4588 599 4641 23.
636 4573 838 4627 πάντως
917 4611 930 4624 .
954 4572 1142 4626 πάντες
1172 4570 1347 4625 Holst.
1377 4569 1479 4624 Ed.
1627 4569 1712 4623 28.
1752 4568 1987 4637 οὐδαμῶς
2010 4575 2349 4636 assumptum
2375 4583 2440 4618 ex
2469 4565 2537 4618 B.

2694 2736 2745 2812 ‚⁸-
2760 2696 2923 2782 Mako.

2693 2813 2943 2943 ἓίιίὲιιιι.

2691 2945 2794 2979 vm.
2823 2945 2900 2994 ²9·

2706 3004 2844 3058 560
2862 3001 2945 3055 A.
