3238 5158
658 245 789 305 474
1264 241 1339 304 B.
1388 242 1810 306 CYRILLI
1874 241 2450 306 ALEXANDR..
2855 231 3106 311 xiv.19-

659 405 1083 508 πράγματος
1127 409 1604 493 καθέλκοντος
1650 406 1906 509 ὥσπερ
1955 413 2071 490 καὶ
2120 407 2550 511 βιαζομένου
2605 402 2825 506 πρὸς
2879 403 3106 500 ἆμαρ·

660 531 839 611 τίαν.
906 539 1055 616 τοῖς
1093 533 1319 633 γεμὴν
1357 535 1587 618 ὁσίοις
1621 538 1740 613 καὶ
1772 535 2183 634 ἐπιτηδείως
2219 534 2519 638 ἔχουσιν
2556 536 2672 612 εἶς
2711 527 2816 607 τὸ
2858 532 3108 620 λαβεῖν

599 687 634 728 o
659 654 877 734 αὑτὸν
931 657 1217 743 εἰκότως
1278 659 1622 764 ἔφασκεν,
1677 659 1917 759 ἐπειδὴ
1981 660 2258 739 τούτων
2313 658 2644 754 ἔμελλον
2715 652 3107 751 ὑπομένειν

319 775 528 891 ῗζξζῗᾶ
658 779 861 860 οὐδέν
897 791 941 828 “
968 782 1132 861 Οὐκ
1186 782 1460 889 ἀφήσω
1518 785 1700 883 ὑμᾶς
1756 782 2141 890 ὀρφανοὺς,
2198 785 2498 887 ἔρχομαι
2561 777 2780 882 πρὸς
2853 775 3101 876 ὑμᾶς.”

656 907 911 986 οὐκοῦν
961 904 1283 991 ἄποπτος
1333 905 1467 1004 μὲν
1515 912 1635 987 καὶ
1685 909 1982 994 ἀθέατος
2039 912 2293 1006 κομιδῆ
2350 914 2498 988 τοῖς
2549 903 2654 984 τὰ
2705 906 2802 982 ἐν
2849 901 3138 1006 κόσμῳᾶ

654 1037 1013 1134 φρονοῦσι
1065 1033 1513 1137 χρηματίσαι
1569 1037 1783 1137 φησὶ,
1832 1033 2015 1132 μετὰ
2069 1031 2203 1134 τὴν
2256 1035 2578 1112 ἐντεῦθεν
2641 1027 3093 1126 ἀποδημίαν,

655 1158 841 1260 φημὶ
916 1155 1007 1255 δὴ
1081 1154 1213 1255 τὴν
1277 1162 1376 1240 εἷς
1441 1153 1784 1258 οὐρανοὺς
1849 1158 2351 1265 ἀναφοίτησιν·
2448 1150 2729 1255 ὁρατὸς
2805 1151 2892 1231 δὲ
2959 1156 3091 1229 τοῖς

655 1281 881 1379 ἁγίοις
937 1280 1456 1383 εὑρεθήσεσθαι
1511 1280 1732 1384 λέγει,
1787 1282 1986 1362 θείαν
2040 1317 2118 1362 τε
2173 1279 2336 1362 τινὰ
2389 1282 2506 1359 καὶ
2563 1277 2863 1376 νοητὴν
2923 1278 3088 1355 ἐντι-

653 1405 896 1489 θέντος
975 1404 1459 1509 μαρμαρυγὴν
1520 1413 1672 1491 τοῖς
1751 1411 1882 1507 τῆς
1965 1407 2258 1510 καρδίας
2338 1405 2577 1485 αὐτῶν
2655 1404 3086 1507 ὀφθαλμοῖς
3175 1435 3176 1458 ¹

653 1538 781 1610 τοῦ
845 1530 1101 1633 Ἀγίου
1176 1530 1622 1630 Πνεύματος,
1700 1536 1818 1612 καὶ
1887 1539 2142 1613 πᾶσαν
2212 1530 2489 1631 εἴδησιν
2555 1528 3084 1629 ἐνοπείροντος
3107 1561 3147 1601 1:

653 1651 961 1755 ἀγαθήν.

582 1778 627 1845 ἃ
753 1775 865 1857 Ἢ
902 1780 1047 1882 γὰρ
1082 1780 1306 1864 οὕτως
1340 1779 1560 1860 αὐτὸν
1597 1778 1993 1881 οἰησόμεθα
2029 1780 2270 1883 λέγειν
2295 1779 2381 1859 τό
2402 1777 2557 1857 Ἔτι
2594 1774 2855 1881 μικρὸν
2891 1781 3020 1857 καὶ
3057 1784 3082 1853 ὁ

655 1903 906 2006 κόσμος
943 1939 1035 2002 με
1074 1903 1289 1983 οὐκέτι
1330 1902 1558 2011 θεωρεῖ,
1594 1911 1783 2009 ὑμεῖς
1823 1903 1894 1985 δὲ
1931 1903 2216 2013 θεωρεῖτέ
2248 1941 2359 2010 με,
2395 1902 2627 2005 ἤγουν
2661 1899 2792 2008 ἐφ’
2833 1902 3082 2001 ἑτέραν

649 2025 807 2106 τινὰ
845 2026 1409 2129 παρακλίνοντες
1447 2031 1771 2133 θεωρίαν,
1806 2031 2117 2130 μάλισθ’
2160 2065 2272 2111 οτι
2317 2024 2886 2131 προσπλέκεται
2936 2032 3079 2107 τοῖς

650 2151 1034 2254 εἰρημένοις
1089 2156 1255 2255 παρ’
1315 2155 1533 2233 αὐτοῦ
1590 2154 1678 2234 τό
1723 2154 1890 2235 Ὀτι
1957 2153 2093 2259 ἔγω
2161 2154 2258 2264 ζω
2327 2188 2447 2234 και
2509 2156 2698 2256 ὑμεις
2775 2149 3073 2259 ζησεσθε,
3099 2177 3146 2233 15

651 2274 1084 2380 λογιζόμεθα
1117 2311 1185 2355 τι
1224 2286 1564 2361 τοιοῦτον.
1641 2277 1823 2380 μετὰ
1860 2278 2002 2384 γὰρ
2039 2280 2172 2378 τὴν
2207 2281 2286 2359 ἐκ
2325 2282 2591 2379 νεκρῶν
2629 2277 3072 2370 ἀναβίωσιν,

649 2402 1121 2504 κατορθώσας
1175 2405 1267 2505 τῇ
1322 2401 1627 2509 ἡμετέρα
1686 2404 1909 2511 φύσει
1961 2402 2095 2503 τὴν
2151 2437 2249 2488 εις
2301 2401 2478 2503 ὅπερ
2531 2398 2623 2501 ἦν
2678 2400 2779 2507 ἐξ
2841 2403 3072 2505 ἀρχῆς

644 2523 1168 2630 ἑπαναδρομὴν,
1207 2527 1325 2606 καὶ
1378 2529 1766 2635 ἀποδείξας
1814 2529 1943 2610 τὸν
1978 2529 2362 2632 ἄνθρωπον
2397 2527 2816 2633 ἄφθαρτον,
2859 2528 2969 2610 ὡς
3001 2527 3068 2604 ἐν

646 2653 941 2756 ἀπαρχῇ
997 2654 1116 2730 καὶ
1167 2650 1434 2760 πρώτῳ
1487 2660 1592 2761 τῷ
1653 2653 1806 2761 ἰδίῳ
1863 2659 2035 2761 ναῷ,
2080 2654 2304 2753 ἀνέβη
2360 2650 2543 2754 πρὸς
2598 2647 2734 2729 τὸν
2789 2653 2870 2729 ἐν
2923 2658 3063 2731 τοῖς

586 2809 623 2853 ο
647 2775 969 2876 οὐρανοῖς
1011 2776 1310 2879 Πατέρα
1364 2780 1481 2856 καὶ
1519 2776 1735 2858 Θεόν·
1791 2781 1961 2858 ἀλλ’
2003 2780 2258 2881 ὀλίγον
2295 2774 2568 2883 μεταξὺ
2623 2777 3058 2858 διατελέσας
3081 2802 3129 2842 ³⁰

644 2898 930 3004 χρόνον,
979 2900 1474 3000 καταβήσεται
1529 2900 1780 3000 πάλιν,
1825 2901 2148 3006 καθάπερ
2202 2901 2657 2996 πιστεύομεν,
2706 2904 2836 2979 καὶ
2893 2904 3058 2981 ἐπα-

305 3015 556 3146 {ffissfh
646 3022 843 3132 νήξει
878 3023 1106 3106 πάλιν
1139 3023 1325 3128 πρὸς
1362 3025 1548 3124 ἡμᾶς
1586 3036 1632 3072 “
1662 3029 1738 3107 ἐν
1776 3032 1868 3133 τῇ
1905 3027 2086 3134 δόξῃ
2117 3035 2245 3107 τοῦ
2284 3022 2576 3127 Πατρὸς
2609 3024 2844 3104 αὐτοῦ
2880 3023 3056 3124 μετὰ

644 3158 688 3196 “
726 3156 869 3229 τῶν
905 3149 1131 3252 ἁγίων
1168 3147 1567 3253 ἀγγέλων,”
1611 3154 1729 3231 καὶ
1778 3151 2138 3255 προθήσει
2187 3150 2320 3251 μὲν
2355 3150 2590 3231 ἅπασι
2637 3145 2726 3228 τὸ
2782 3158 3054 3255 φρικω-

643 3275 993 3355 δέστατον
1028 3279 1233 3374 βῆμα
1281 3282 1618 3379 πονηροῖς
1670 3310 1748 3356 τε
1798 3280 1914 3356 καὶ
1960 3278 2284 3379 ἀγαθοῖς.
2364 3276 2668 3375 σύμπαν
2703 3273 2860 3377 γὰρ
2909 3277 3052 3382 ἥξει

640 3398 725 3478 τὸ
764 3398 1058 3500 ποιηθὲν
1091 3406 1188 3482 εἱς
1225 3400 1491 3500 κρίσιν·
1550 3398 1935 3503 ἀναλόγως
1972 3400 2049 3481 δὲ
2083 3408 2231 3484 τοῖς
2265 3400 2548 3508 ἑκάστῳ
2583 3400 3054 3499 βεβιωμένοις
3074 3426 3128 3484 ²5

641 3521 1020 3607 ἀποδιδοὺς
1055 3521 1147 3601 τὰ
1181 3522 1571 3622 πρέποντα,
1607 3532 1756 3609 τοῖς
1793 3524 1921 3623 μὲν
1956 3526 2044 3633 ἐξ
2083 3523 2461 3623 εὐωνύμων
2495 3526 2657 3627 ἐρεῖ,
2691 3526 3051 3622 τουτέστι,

300 3657 384 3787 {¹1³-
404 3673 522 3710 *η
641 3654 788 3731 τοῖς
844 3643 937 3726 τὰ
986 3649 1063 3725 ἐν
1108 3645 1363 3753 κόσμῳ
1412 3649 1911 3751 πεφρονηκόσι
1959 3651 2142 3731 ποτέ
2173 3660 2217 3697 “
2239 3650 2655 3752 Πορεύεσθε
2708 3651 2839 3728 ἀπ’
2879 3652 3052 3750 ἐμοῦ

304 3797 426 3851 815
446 3797 525 3852 A.
581 3811 617 3851 a
640 3782 684 3820 ‘⁶
721 3769 1195 3873 κατηραμένοι
1250 3775 1348 3854 εἱς
1403 3805 1489 3851 το
1543 3781 1692 3875 πῦρ
1746 3807 1832 3854 το
1887 3776 2173 3855 αἶωνιον
2221 3808 2307 3854 το
2362 3772 2906 3874 ἡτοιμασμένον
2957 3781 3052 3882 τῷ

637 3907 682 3944 “
718 3893 1043 4003 διαβόλῳ
1087 3930 1202 3975 και
1253 3902 1402 3981 τοῖς
1450 3896 1795 3999 ἀγγέλοις
1849 3899 2111 3978 αὐτοῦ)
2191 3905 2339 3983 τοῖς
2377 3897 2603 4001 γεμὴν
2637 3900 2716 3977 ἐκ
2755 3899 3048 4007 δεξιῶν,

300 4033 379 4085 Ib-
396 4047 477 4100 34·
635 4020 988 4119 τουτέστι,
1025 4028 1174 4104 τοῖς
1211 4021 1439 4105 ὁσίοις
1476 4023 1593 4101 καὶ
1643 4024 1944 4124 ἀγαθοῖς
1982 4033 2026 4070 “
2047 4031 2273 4104 Δεῦτε
2313 4029 2380 4104 οἱ
2413 4025 2894 4126 εὐλογημένοι
2930 4034 3053 4106 τοῦ
3072 4053 3126 4110 30

635 4156 678 4192 ‘⁴
716 4144 1012 4248 Πατρός
1047 4180 1212 4245 μου,
1242 4145 1840 4248 κληρονομήσατε
1878 4146 2011 4247 τὴν
2048 4146 2583 4248 ἡτοιμασμένην
2620 4150 2789 4245 ὑμῖν
2824 4157 3050 4244 βασι-

700 4453 753 4507 9.
791 4435 1271 4508 τοις-Πνεύματος
1294 4440 1419 4507 post
1441 4434 1641 4506 ἀγαθήν
1663 4437 1965 4507 transponit
1992 4436 2055 4493 E.
2366 4454 2450 4506 14.
2484 4437 2952 4508 προσπεπέλεκται
2979 4441 3040 4497 B.

634 4506 718 4564 16.
755 4510 960 4563 τοιοῦτο
986 4507 1053 4563 Ε.
1270 4524 1356 4562 20.
1394 4529 1478 4562 και
1501 4516 1838 4578 assumptum
1865 4526 1928 4563 ex
1959 4509 2024 4564 E.
