<?xml version="1.0" encoding="UTF-8"?>
<!DOCTYPE html PUBLIC "-//W3C//DTD XHTML 1.0 Transitional//EN"
    "http://www.w3.org/TR/xhtml1/DTD/xhtml1-transitional.dtd">
<html xmlns="http://www.w3.org/1999/xhtml" xml:lang="en" lang="en">
 <head>
  <title>
</title>
<meta http-equiv="Content-Type" content="text/html;charset=utf-8" />
  <meta name='ocr-system' content='tesseract 3.04.00' />
  <meta name='ocr-capabilities' content='ocr_page ocr_carea ocr_par ocr_line ocrx_word'/>
</head>
<body>
  <div class='ocr_page' id='page_1' title='image "./sanctipatrisnos03pusegoog_0678.png"; bbox 0 0 3238 5158; ppageno 0'>
   <div class='ocr_carea' id='block_1_1' title="bbox 644 348 3052 422">
    <p class='ocr_par' dir='ltr' id='par_1_1' title="bbox 644 348 3052 422">
     <span class='ocr_line' id='line_1_1' title="bbox 644 348 3052 422; baseline -0.001 -6"><span class='ocrx_word' id='word_1_1' title='bbox 644 352 773 416; x_wconf 86' lang='lat'><strong>666</strong></span> <span class='ocrx_word' id='word_1_2' title='bbox 1238 354 1316 422; x_wconf 92' lang='grc' dir='ltr'><strong>Β.</strong></span> <span class='ocrx_word' id='word_1_3' title='bbox 1364 354 1786 422; x_wconf 85' lang='lat' dir='ltr'>CYRILLI</span> <span class='ocrx_word' id='word_1_4' title='bbox 1845 351 2433 419; x_wconf 86' lang='lat' dir='ltr'>ALEXANDR.</span> <span class='ocrx_word' id='word_1_5' title='bbox 2815 348 3052 415; x_wconf 60' lang='lat' dir='ltr'>xviim</span> 
     </span>
    </p>
   </div>
   <div class='ocr_carea' id='block_1_2' title="bbox 294 513 3141 2373">
    <p class='ocr_par' dir='ltr' id='par_1_2' title="bbox 644 513 3054 633">
     <span class='ocr_line' id='line_1_2' title="bbox 644 513 3054 633; baseline 0.002 -36"><span class='ocrx_word' id='word_1_6' title='bbox 644 551 879 613; x_wconf 68' lang='grc' dir='ltr'><strong>πάσης</strong></span> <span class='ocrx_word' id='word_1_7' title='bbox 933 554 1187 628; x_wconf 73' lang='grc' dir='ltr'><strong>σάρκας</strong></span> <span class='ocrx_word' id='word_1_8' title='bbox 1241 519 1540 628; x_wconf 72' lang='grc' dir='ltr'><strong>ἐξουσίαν</strong></span> <span class='ocrx_word' id='word_1_9' title='bbox 1593 526 1802 633; x_wconf 73' lang='grc' dir='ltr'><strong>αὑτῷ,</strong></span> <span class='ocrx_word' id='word_1_10' title='bbox 1846 519 2422 600; x_wconf 83' lang='grc' dir='ltr'><strong>σκανδαλιστέον</strong></span> <span class='ocrx_word' id='word_1_11' title='bbox 2476 517 2839 616; x_wconf 73' lang='grc' dir='ltr'><strong>οὐδαμῶς·</strong></span> <span class='ocrx_word' id='word_1_12' title='bbox 2919 513 3054 619; x_wconf 78' lang='grc' dir='ltr'><strong>χρὴ</strong></span> 
     </span>
    </p>

    <p class='ocr_par' dir='ltr' id='par_1_3' title="bbox 642 639 3055 745">
     <span class='ocr_line' id='line_1_3' title="bbox 642 639 3055 745; baseline -0 -25"><span class='ocrx_word' id='word_1_13' title='bbox 642 639 788 745; x_wconf 79' lang='grc' dir='ltr'><strong>γὰρ</strong></span> <span class='ocrx_word' id='word_1_14' title='bbox 820 645 1157 744; x_wconf 84' lang='grc' dir='ltr'><strong>ἐννοῆσαι</strong></span> <span class='ocrx_word' id='word_1_15' title='bbox 1198 643 1331 745; x_wconf 83' lang='grc' dir='ltr'><strong>τὴν</strong></span> <span class='ocrx_word' id='word_1_16' title='bbox 1366 648 1796 745; x_wconf 89' lang='grc' dir='ltr'><strong>οἰκονομίαν.</strong></span> <span class='ocrx_word' id='word_1_17' title='bbox 1868 650 1928 724; x_wconf 88' lang='grc' dir='ltr'><strong>εἰ</strong></span> <span class='ocrx_word' id='word_1_18' title='bbox 1974 645 2060 723; x_wconf 85' lang='grc' dir='ltr'><strong>δέ</strong></span> <span class='ocrx_word' id='word_1_19' title='bbox 2092 676 2217 723; x_wconf 95' lang='grc' dir='ltr'><strong>σοι</strong></span> <span class='ocrx_word' id='word_1_20' title='bbox 2263 645 2460 722; x_wconf 86' lang='grc' dir='ltr'><strong>δοκεῖ</strong></span> <span class='ocrx_word' id='word_1_21' title='bbox 2502 644 2624 721; x_wconf 86' lang='grc' dir='ltr'><strong>καὶ</strong></span> <span class='ocrx_word' id='word_1_22' title='bbox 2669 639 3055 743; x_wconf 80' lang='grc' dir='ltr'><strong>θεοπρεπέ-</strong></span> 
     </span>
    </p>

    <p class='ocr_par' dir='ltr' id='par_1_4' title="bbox 642 763 3055 872">
     <span class='ocr_line' id='line_1_4' title="bbox 642 763 3055 872; baseline -0 -29"><span class='ocrx_word' id='word_1_23' title='bbox 642 797 907 868; x_wconf 91' lang='grc' dir='ltr'><strong>στερον</strong></span> <span class='ocrx_word' id='word_1_24' title='bbox 938 766 1203 848; x_wconf 78' lang='grc' dir='ltr'>ἐπαΐειν</span> <span class='ocrx_word' id='word_1_25' title='bbox 1237 775 1385 848; x_wconf 80' lang='grc' dir='ltr'><strong>τῶν</strong></span> <span class='ocrx_word' id='word_1_26' title='bbox 1420 767 1845 870; x_wconf 81' lang='grc' dir='ltr'><strong>λεγομένων,</strong></span> <span class='ocrx_word' id='word_1_27' title='bbox 1878 765 2094 850; x_wconf 87' lang='grc' dir='ltr'><strong>σύνες</strong></span> <span class='ocrx_word' id='word_1_28' title='bbox 2128 765 2217 866; x_wconf 87' lang='grc' dir='ltr'><strong>δὴ</strong></span> <span class='ocrx_word' id='word_1_29' title='bbox 2250 763 2555 846; x_wconf 69' lang='grc' dir='ltr'><strong>πάλιν”</strong></span> <span class='ocrx_word' id='word_1_30' title='bbox 2513 798 2696 868; x_wconf 90' lang='grc' dir='ltr'><strong>οπερ</strong></span> <span class='ocrx_word' id='word_1_31' title='bbox 2733 764 2884 872; x_wconf 81' lang='grc' dir='ltr'><strong>ἔφη</strong></span> <span class='ocrx_word' id='word_1_32' title='bbox 2919 797 3055 842; x_wconf 92' lang='grc' dir='ltr'><strong>που</strong></span> 
     </span>
    </p>

    <p class='ocr_par' dir='ltr' id='par_1_5' title="bbox 303 884 3106 1121">
     <span class='ocr_line' id='line_1_5' title="bbox 303 884 3057 1015; baseline -0.002 -41"><span class='ocrx_word' id='word_1_33' title='bbox 303 884 468 1015; x_wconf 54' lang='lat'><strong>{2¹²³</strong></span> <span class='ocrx_word' id='word_1_34' title='bbox 486 886 553 937; x_wconf 49' lang='grc' dir='ltr'><strong>ἢ·</strong></span> <span class='ocrx_word' id='word_1_35' title='bbox 576 907 619 974; x_wconf 93' lang='lat' dir='ltr'>b</span> <span class='ocrx_word' id='word_1_36' title='bbox 642 886 825 990; x_wconf 79' lang='grc' dir='ltr'><strong>πρὸς</strong></span> <span class='ocrx_word' id='word_1_37' title='bbox 876 891 1260 976; x_wconf 76' lang='grc' dir='ltr'><strong>Ἰουδαίους</strong></span> <span class='ocrx_word' id='word_1_38' title='bbox 1315 895 1356 973; x_wconf 94' lang='lat'>5</span> <span class='ocrx_word' id='word_1_39' title='bbox 1403 892 1669 996; x_wconf 84' lang='grc' dir='ltr'><strong>Κύριος</strong></span> <span class='ocrx_word' id='word_1_40' title='bbox 1724 900 1770 940; x_wconf 86' lang='grc'><strong>“</strong></span> <span class='ocrx_word' id='word_1_41' title='bbox 1800 889 2038 992; x_wconf 87' lang='grc' dir='ltr'><strong>Ἀμὴν</strong></span> <span class='ocrx_word' id='word_1_42' title='bbox 2091 887 2283 990; x_wconf 82' lang='grc' dir='ltr'><strong>ἀμὴν</strong></span> <span class='ocrx_word' id='word_1_43' title='bbox 2338 890 2532 992; x_wconf 83' lang='grc' dir='ltr'><strong>λέγω</strong></span> <span class='ocrx_word' id='word_1_44' title='bbox 2587 891 2781 986; x_wconf 89' lang='grc' dir='ltr'><strong>ὑμῖν,</strong></span> <span class='ocrx_word' id='word_1_45' title='bbox 2835 889 3057 969; x_wconf 76' lang='grc' dir='ltr'><strong>οὐδεὶς</strong></span> 
     </span>
     <span class='ocr_line' id='line_1_6' title="bbox 642 1011 3106 1121; baseline 0.001 -30"><span class='ocrx_word' id='word_1_46' title='bbox 642 1022 687 1059; x_wconf 82' lang='grc'><strong>“</strong></span> <span class='ocrx_word' id='word_1_47' title='bbox 723 1011 1017 1094; x_wconf 87' lang='grc' dir='ltr'><strong>δυ’ναται</strong></span> <span class='ocrx_word' id='word_1_48' title='bbox 1072 1017 1307 1096; x_wconf 81' lang='grc' dir='ltr'>ἐλθεῖν</span> <span class='ocrx_word' id='word_1_49' title='bbox 1360 1015 1543 1121; x_wconf 83' lang='grc' dir='ltr'><strong>πρός</strong></span> <span class='ocrx_word' id='word_1_50' title='bbox 1590 1051 1702 1114; x_wconf 87' lang='grc' dir='ltr'><strong>με,</strong></span> <span class='ocrx_word' id='word_1_51' title='bbox 1755 1013 1882 1095; x_wconf 79' lang='grc' dir='ltr'><strong>ἐὰν</strong></span> <span class='ocrx_word' id='word_1_52' title='bbox 1934 1013 2037 1115; x_wconf 84' lang='grc' dir='ltr'><strong>μὴ</strong></span> <span class='ocrx_word' id='word_1_53' title='bbox 2095 1016 2136 1094; x_wconf 92' lang='lat'>5</span> <span class='ocrx_word' id='word_1_54' title='bbox 2190 1012 2449 1118; x_wconf 88' lang='grc' dir='ltr'><strong>Πατὴρ</strong></span> <span class='ocrx_word' id='word_1_55' title='bbox 2503 1014 2546 1093; x_wconf 98' lang='lat'>5</span> <span class='ocrx_word' id='word_1_56' title='bbox 2599 1012 2918 1118; x_wconf 78' lang='grc' dir='ltr'><strong>πέμψας</strong></span> <span class='ocrx_word' id='word_1_57' title='bbox 2969 1044 3053 1109; x_wconf 84' lang='grc' dir='ltr'><strong>με</strong></span> <span class='ocrx_word' id='word_1_58' title='bbox 3074 1036 3106 1094; x_wconf 87' lang='grc'>5</span> 
     </span>
    </p>

    <p class='ocr_par' dir='ltr' id='par_1_6' title="bbox 302 1133 3054 1245">
     <span class='ocr_line' id='line_1_7' title="bbox 302 1133 3054 1245; baseline 0 -29"><span class='ocrx_word' id='word_1_59' title='bbox 302 1142 384 1194; x_wconf 78' lang='lat'><strong>1¹²·</strong></span> <span class='ocrx_word' id='word_1_60' title='bbox 401 1158 449 1195; x_wconf 80' lang='lat' dir='ltr'><strong>v.</strong></span> <span class='ocrx_word' id='word_1_61' title='bbox 472 1157 550 1195; x_wconf 84' lang='lat'><strong>²¹·</strong></span> <span class='ocrx_word' id='word_1_62' title='bbox 640 1147 686 1184; x_wconf 74' lang='lat'><strong>‘⁶</strong></span> <span class='ocrx_word' id='word_1_63' title='bbox 721 1135 1000 1245; x_wconf 82' lang='grc' dir='ltr'><strong>ἑλκύσῃ</strong></span> <span class='ocrx_word' id='word_1_64' title='bbox 1054 1137 1333 1221; x_wconf 84' lang='grc' dir='ltr'><strong>αὑτόν.”</strong></span> <span class='ocrx_word' id='word_1_65' title='bbox 1423 1139 1545 1223; x_wconf 84' lang='grc' dir='ltr'><strong>οῦς</strong></span> <span class='ocrx_word' id='word_1_66' title='bbox 1598 1137 1743 1242; x_wconf 78' lang='grc' dir='ltr'><strong>γὰρ</strong></span> <span class='ocrx_word' id='word_1_67' title='bbox 1806 1136 1930 1218; x_wconf 77' lang='grc' dir='ltr'><strong>ἐὰν</strong></span> <span class='ocrx_word' id='word_1_68' title='bbox 1995 1136 2175 1244; x_wconf 76' lang='grc' dir='ltr'><strong>θέλῃ</strong></span> <span class='ocrx_word' id='word_1_69' title='bbox 2239 1138 2600 1242; x_wconf 79' lang='grc' dir='ltr'><strong>ζωοποιεῖν</strong></span> <span class='ocrx_word' id='word_1_70' title='bbox 2667 1136 2710 1216; x_wconf 93' lang='lat'>5</span> <span class='ocrx_word' id='word_1_71' title='bbox 2771 1133 3054 1236; x_wconf 82' lang='grc' dir='ltr'><strong>Πατὴρ,</strong></span> 
     </span>
    </p>

    <p class='ocr_par' dir='ltr' id='par_1_7' title="bbox 636 1259 3046 1371">
     <span class='ocr_line' id='line_1_8' title="bbox 636 1259 3046 1371; baseline -0.002 -30"><span class='ocrx_word' id='word_1_72' title='bbox 636 1259 934 1348; x_wconf 76' lang='grc' dir='ltr'><strong>τούτους</strong></span> <span class='ocrx_word' id='word_1_73' title='bbox 982 1265 1080 1347; x_wconf 82' lang='grc' dir='ltr'><strong>ὡς</strong></span> <span class='ocrx_word' id='word_1_74' title='bbox 1129 1265 1273 1371; x_wconf 79' lang='grc' dir='ltr'><strong>ἰδίᾳ</strong></span> <span class='ocrx_word' id='word_1_75' title='bbox 1321 1262 1612 1363; x_wconf 82' lang='grc' dir='ltr'><strong>δυνάμει</strong></span> <span class='ocrx_word' id='word_1_76' title='bbox 1652 1267 1744 1366; x_wconf 83' lang='grc' dir='ltr'><strong>τῇ</strong></span> <span class='ocrx_word' id='word_1_77' title='bbox 1790 1260 2111 1371; x_wconf 77' lang='grc' dir='ltr'><strong>ζωοποιῷ</strong></span> <span class='ocrx_word' id='word_1_78' title='bbox 2145 1261 2503 1364; x_wconf 84' lang='grc' dir='ltr'><strong>προσάγει</strong></span> <span class='ocrx_word' id='word_1_79' title='bbox 2541 1267 2645 1368; x_wconf 76' lang='grc' dir='ltr'><strong>τῷ</strong></span> <span class='ocrx_word' id='word_1_80' title='bbox 2682 1262 2846 1368; x_wconf 73' lang='grc' dir='ltr'><strong>ἰδίῳ</strong></span> <span class='ocrx_word' id='word_1_81' title='bbox 2880 1294 3046 1362; x_wconf 83' lang='grc' dir='ltr'><strong>γεν-</strong></span> 
     </span>
    </p>

    <p class='ocr_par' dir='ltr' id='par_1_8' title="bbox 638 1383 3059 1491">
     <span class='ocr_line' id='line_1_9' title="bbox 638 1383 3059 1491; baseline -0.002 -24"><span class='ocrx_word' id='word_1_82' title='bbox 638 1385 919 1486; x_wconf 86' lang='grc' dir='ltr'><strong>νήματι,</strong></span> <span class='ocrx_word' id='word_1_83' title='bbox 956 1390 1262 1485; x_wconf 89' lang='grc' dir='ltr'><strong>δυναμοῖ</strong></span> <span class='ocrx_word' id='word_1_84' title='bbox 1306 1385 1384 1466; x_wconf 81' lang='grc' dir='ltr'><strong>δὲ</strong></span> <span class='ocrx_word' id='word_1_85' title='bbox 1431 1385 1660 1467; x_wconf 90' lang='grc' dir='ltr'><strong>πάλιν</strong></span> <span class='ocrx_word' id='word_1_86' title='bbox 1696 1389 1813 1466; x_wconf 81' lang='grc' dir='ltr'><strong>καὶ</strong></span> <span class='ocrx_word' id='word_1_87' title='bbox 1849 1391 2085 1491; x_wconf 88' lang='grc' dir='ltr'><strong>σοφοῖ</strong></span> <span class='ocrx_word' id='word_1_88' title='bbox 2113 1385 2201 1465; x_wconf 85' lang='grc' dir='ltr'><strong>δι’</strong></span> <span class='ocrx_word' id='word_1_89' title='bbox 2240 1388 2485 1466; x_wconf 84' lang='grc' dir='ltr'><strong>αὑτοῦ·</strong></span> <span class='ocrx_word' id='word_1_90' title='bbox 2562 1383 2774 1465; x_wconf 76' lang='grc' dir='ltr'><strong>ἀλλὰ</strong></span> <span class='ocrx_word' id='word_1_91' title='bbox 2826 1386 2948 1465; x_wconf 79' lang='grc' dir='ltr'><strong>καὶ</strong></span> <span class='ocrx_word' id='word_1_92' title='bbox 2995 1383 3059 1462; x_wconf 81' lang='grc' dir='ltr'><strong>εἴ</strong></span> 
     </span>
    </p>

    <p class='ocr_par' dir='ltr' id='par_1_9' title="bbox 637 1507 3141 1739">
     <span class='ocr_line' id='line_1_10' title="bbox 637 1507 3048 1615; baseline -0 -27"><span class='ocrx_word' id='word_1_93' title='bbox 637 1543 832 1594; x_wconf 90' lang='grc' dir='ltr'><strong>τινας</strong></span> <span class='ocrx_word' id='word_1_94' title='bbox 883 1507 1022 1591; x_wconf 81' lang='grc' dir='ltr'><strong>ὑπὸ</strong></span> <span class='ocrx_word' id='word_1_95' title='bbox 1072 1509 1375 1614; x_wconf 80' lang='grc' dir='ltr'><strong>ζεύγλην</strong></span> <span class='ocrx_word' id='word_1_96' title='bbox 1409 1514 1538 1611; x_wconf 82' lang='grc' dir='ltr'><strong>τῆς</strong></span> <span class='ocrx_word' id='word_1_97' title='bbox 1573 1510 1753 1595; x_wconf 86' lang='grc' dir='ltr'><strong>ἰδίας</strong></span> <span class='ocrx_word' id='word_1_98' title='bbox 1792 1513 2018 1615; x_wconf 79' lang='grc' dir='ltr'><strong>ἀρχῆς</strong></span> <span class='ocrx_word' id='word_1_99' title='bbox 2058 1514 2360 1610; x_wconf 83' lang='grc' dir='ltr'><strong>ποιῆσαι</strong></span> <span class='ocrx_word' id='word_1_100' title='bbox 2406 1509 2758 1607; x_wconf 86' lang='grc' dir='ltr'><strong>βούλεται</strong></span> <span class='ocrx_word' id='word_1_101' title='bbox 2793 1507 3048 1605; x_wconf 85' lang='grc' dir='ltr'><strong>πάλιν,</strong></span> 
     </span>
     <span class='ocr_line' id='line_1_11' title="bbox 637 1630 3141 1739; baseline -0.002 -26"><span class='ocrx_word' id='word_1_102' title='bbox 637 1632 892 1717; x_wconf 77' lang='grc' dir='ltr'><strong>αὑτοὺς</strong></span> <span class='ocrx_word' id='word_1_103' title='bbox 935 1635 1068 1739; x_wconf 83' lang='grc' dir='ltr'><strong>οὐχ</strong></span> <span class='ocrx_word' id='word_1_104' title='bbox 1115 1634 1371 1737; x_wconf 80' lang='grc' dir='ltr'><strong>ἑτέρως</strong></span> <span class='ocrx_word' id='word_1_105' title='bbox 1404 1638 1505 1717; x_wconf 86' lang='grc' dir='ltr'><strong>εἰς</strong></span> <span class='ocrx_word' id='word_1_106' title='bbox 1540 1641 1755 1713; x_wconf 85' lang='grc' dir='ltr'><strong>τοῦτο</strong></span> <span class='ocrx_word' id='word_1_107' title='bbox 1794 1640 2016 1731; x_wconf 85' lang='grc' dir='ltr'><strong>καλεῖ,</strong></span> <span class='ocrx_word' id='word_1_108' title='bbox 2056 1637 2153 1717; x_wconf 84' lang='grc' dir='ltr'><strong>ὡς</strong></span> <span class='ocrx_word' id='word_1_109' title='bbox 2198 1632 2275 1714; x_wconf 83' lang='grc' dir='ltr'><strong>δὲ</strong></span> <span class='ocrx_word' id='word_1_110' title='bbox 2324 1632 2443 1713; x_wconf 82' lang='grc' dir='ltr'><strong>διὰ</strong></span> <span class='ocrx_word' id='word_1_111' title='bbox 2496 1630 2737 1734; x_wconf 76' lang='grc' dir='ltr'><strong>ζώσης</strong></span> <span class='ocrx_word' id='word_1_112' title='bbox 2799 1633 3050 1738; x_wconf 78' lang='grc' dir='ltr'><strong>ἰσχύος</strong></span> <span class='ocrx_word' id='word_1_113' title='bbox 3077 1666 3141 1708; x_wconf 85' lang='grc' dir='ltr'><strong>ιο</strong></span> 
     </span>
    </p>

    <p class='ocr_par' dir='ltr' id='par_1_10' title="bbox 637 1754 3055 1863">
     <span class='ocr_line' id='line_1_12' title="bbox 637 1754 3055 1863; baseline -0 -25"><span class='ocrx_word' id='word_1_114' title='bbox 637 1760 753 1838; x_wconf 77' lang='grc' dir='ltr'><strong>καὶ</strong></span> <span class='ocrx_word' id='word_1_115' title='bbox 806 1766 1284 1862; x_wconf 87' lang='grc' dir='ltr'><strong>παντουργοῦ,</strong></span> <span class='ocrx_word' id='word_1_116' title='bbox 1345 1758 1432 1837; x_wconf 85' lang='grc' dir='ltr'><strong>δι’</strong></span> <span class='ocrx_word' id='word_1_117' title='bbox 1490 1756 1576 1858; x_wconf 82' lang='grc' dir='ltr'><strong>ἧς</strong></span> <span class='ocrx_word' id='word_1_118' title='bbox 1634 1756 1971 1862; x_wconf 87' lang='grc' dir='ltr'><strong>κατάρχει</strong></span> <span class='ocrx_word' id='word_1_119' title='bbox 2030 1764 2177 1837; x_wconf 82' lang='grc' dir='ltr'><strong>τῶν</strong></span> <span class='ocrx_word' id='word_1_120' title='bbox 2231 1756 2449 1856; x_wconf 82' lang='grc' dir='ltr'><strong>ὅλων,</strong></span> <span class='ocrx_word' id='word_1_121' title='bbox 2514 1761 2708 1863; x_wconf 84' lang='grc' dir='ltr'><strong>φημὶ</strong></span> <span class='ocrx_word' id='word_1_122' title='bbox 2771 1754 2868 1856; x_wconf 77' lang='grc' dir='ltr'><strong>δὴ</strong></span> <span class='ocrx_word' id='word_1_123' title='bbox 2928 1765 3055 1837; x_wconf 90' lang='grc' dir='ltr'><strong>τοῦ</strong></span> 
     </span>
    </p>

    <p class='ocr_par' dir='ltr' id='par_1_11' title="bbox 636 1878 3055 1988">
     <span class='ocr_line' id='line_1_13' title="bbox 636 1878 3055 1988; baseline 0 -28"><span class='ocrx_word' id='word_1_124' title='bbox 636 1881 813 1961; x_wconf 90' lang='grc' dir='ltr'><strong>ἰδίου</strong></span> <span class='ocrx_word' id='word_1_125' title='bbox 866 1882 1322 1984; x_wconf 73' lang='grc' dir='ltr'><strong>γεννήματος.</strong></span> <span class='ocrx_word' id='word_1_126' title='bbox 1401 1881 1767 1985; x_wconf 82' lang='grc' dir='ltr'><strong>ἅνθρωποι</strong></span> <span class='ocrx_word' id='word_1_127' title='bbox 1818 1878 1951 1981; x_wconf 78' lang='grc' dir='ltr'><strong>μὲν</strong></span> <span class='ocrx_word' id='word_1_128' title='bbox 1996 1879 2141 1984; x_wconf 81' lang='grc' dir='ltr'><strong>γὰρ</strong></span> <span class='ocrx_word' id='word_1_129' title='bbox 2192 1880 2393 1961; x_wconf 79' lang='grc' dir='ltr'><strong>οὐδὲν</strong></span> <span class='ocrx_word' id='word_1_130' title='bbox 2447 1880 2537 1988; x_wconf 82' lang='grc' dir='ltr'><strong>ἐξ</strong></span> <span class='ocrx_word' id='word_1_131' title='bbox 2585 1884 2870 1961; x_wconf 78' lang='grc' dir='ltr'><strong>ἑαυτῶν</strong></span> <span class='ocrx_word' id='word_1_132' title='bbox 2910 1888 3055 1961; x_wconf 76' lang='grc' dir='ltr'><strong>τῶν</strong></span> 
     </span>
    </p>

    <p class='ocr_par' dir='ltr' id='par_1_12' title="bbox 575 2004 3054 2111">
     <span class='ocr_line' id='line_1_14' title="bbox 575 2004 3054 2111; baseline 0.002 -28"><span class='ocrx_word' id='word_1_133' title='bbox 575 2032 611 2076; x_wconf 78' lang='lat'>0</span> <span class='ocrx_word' id='word_1_134' title='bbox 636 2004 810 2110; x_wconf 79' lang='grc' dir='ltr'><strong>ὑπὲρ</strong></span> <span class='ocrx_word' id='word_1_135' title='bbox 864 2004 1154 2091; x_wconf 77' lang='grc' dir='ltr'><strong>ἑαυτοὺς</strong></span> <span class='ocrx_word' id='word_1_136' title='bbox 1217 2011 1613 2108; x_wconf 84' lang='grc' dir='ltr'><strong>κατορθοῦν</strong></span> <span class='ocrx_word' id='word_1_137' title='bbox 1667 2004 2041 2111; x_wconf 78' lang='grc' dir='ltr'><strong>ἰσχύοντες</strong></span> <span class='ocrx_word' id='word_1_138' title='bbox 2101 2004 2530 2108; x_wconf 70' lang='grc' dir='ltr'><strong>δανείζονται</strong></span> <span class='ocrx_word' id='word_1_139' title='bbox 2595 2005 2804 2108; x_wconf 80' lang='grc' dir='ltr'><strong>παρὰ</strong></span> <span class='ocrx_word' id='word_1_140' title='bbox 2859 2012 3054 2087; x_wconf 84' lang='grc' dir='ltr'><strong>Θεοῦ</strong></span> 
     </span>
    </p>

    <p class='ocr_par' dir='ltr' id='par_1_13' title="bbox 294 2095 3136 2355">
     <span class='ocr_line' id='line_1_15' title="bbox 294 2095 3054 2233; baseline 0 -21"><span class='ocrx_word' id='word_1_141' title='bbox 294 2095 508 2227; x_wconf 46' lang='grc' dir='ltr'><strong>Ξιῗνὲε,</strong></span> <span class='ocrx_word' id='word_1_142' title='bbox 632 2126 718 2207; x_wconf 86' lang='grc' dir='ltr'><strong>τὸ</strong></span> <span class='ocrx_word' id='word_1_143' title='bbox 775 2135 921 2209; x_wconf 78' lang='grc' dir='ltr'><strong>τῶν</strong></span> <span class='ocrx_word' id='word_1_144' title='bbox 979 2129 1234 2210; x_wconf 74' lang='grc' dir='ltr'><strong>ἄλλων</strong></span> <span class='ocrx_word' id='word_1_145' title='bbox 1290 2129 1646 2209; x_wconf 85' lang='grc' dir='ltr'><strong>δύνασθαι</strong></span> <span class='ocrx_word' id='word_1_146' title='bbox 1705 2135 2015 2231; x_wconf 86' lang='grc' dir='ltr'><strong>κρατεῖν·</strong></span> <span class='ocrx_word' id='word_1_147' title='bbox 2094 2129 2181 2209; x_wconf 85' lang='grc' dir='ltr'><strong>δι’</strong></span> <span class='ocrx_word' id='word_1_148' title='bbox 2232 2130 2450 2209; x_wconf 85' lang='grc' dir='ltr'><strong>αὑτοῦ</strong></span> <span class='ocrx_word' id='word_1_149' title='bbox 2502 2128 2648 2233; x_wconf 77' lang='grc' dir='ltr'><strong>γὰρ</strong></span> <span class='ocrx_word' id='word_1_150' title='bbox 2705 2138 3054 2224; x_wconf 89' lang='grc' dir='ltr'><strong>βασιλεῖς</strong></span> 
     </span>
     <span class='ocr_line' id='line_1_16' title="bbox 299 2224 3136 2373; baseline -0 -42"><span class='ocrx_word' id='word_1_151' title='bbox 299 2224 377 2277; x_wconf 74' lang='lat'><strong>¹⁶</strong></span> <span class='ocrx_word' id='word_1_152' title='bbox 629 2251 1133 2373; x_wconf 83' lang='grc' dir='ltr'><strong>βασιλεύουσι,</strong></span> <span class='ocrx_word' id='word_1_153' title='bbox 1178 2286 1362 2333; x_wconf 90' lang='grc' dir='ltr'><strong>κατα</strong></span> <span class='ocrx_word' id='word_1_154' title='bbox 1404 2287 1489 2333; x_wconf 89' lang='grc' dir='ltr'><strong>το</strong></span> <span class='ocrx_word' id='word_1_155' title='bbox 1544 2252 2070 2355; x_wconf 77' lang='grc' dir='ltr'><strong>γεγραμμένον,</strong></span> <span class='ocrx_word' id='word_1_156' title='bbox 2126 2256 2244 2333; x_wconf 85' lang='grc' dir='ltr'><strong>καὶ</strong></span> <span class='ocrx_word' id='word_1_157' title='bbox 2296 2251 2630 2355; x_wconf 84' lang='grc' dir='ltr'><strong>τύραννοι</strong></span> <span class='ocrx_word' id='word_1_158' title='bbox 2686 2256 2777 2333; x_wconf 83' lang='grc' dir='ltr'><strong>δι’</strong></span> <span class='ocrx_word' id='word_1_159' title='bbox 2831 2257 3051 2335; x_wconf 86' lang='grc' dir='ltr'><strong>αὑτοῦ</strong></span> <span class='ocrx_word' id='word_1_160' title='bbox 3078 2288 3136 2345; x_wconf 79' lang='lat'><strong>¹5</strong></span> 
     </span>
    </p>
   </div>
   <div class='ocr_carea' id='block_1_3' title="bbox 1409 2374 1697 2406">
    <p class='ocr_par' dir='ltr' id='par_1_14' title="bbox 1409 2374 1697 2406">
     <span class='ocr_line' id='line_1_17' title="bbox 1409 2374 1697 2406; baseline 0 0"><span class='ocrx_word' id='word_1_161' title='bbox 1409 2374 1430 2406; x_wconf 62' lang='lat' dir='ltr'>x</span> <span class='ocrx_word' id='word_1_162' title='bbox 1540 2381 1574 2400; x_wconf 68' lang='grc' dir='ltr'>Α</span> <span class='ocrx_word' id='word_1_163' title='bbox 1660 2374 1697 2406; x_wconf 66' lang='lat' dir='ltr'><strong><em>d</em></strong></span> 
     </span>
    </p>
   </div>
   <div class='ocr_carea' id='block_1_4' title="bbox 559 2375 3196 4278">
    <p class='ocr_par' dir='ltr' id='par_1_15' title="bbox 559 2375 3196 4216">
     <span class='ocr_line' id='line_1_18' title="bbox 631 2375 3048 2480; baseline 0.004 -25"><span class='ocrx_word' id='word_1_164' title='bbox 631 2383 977 2478; x_wconf 83' lang='grc' dir='ltr'><strong>κρατοῦσι</strong></span> <span class='ocrx_word' id='word_1_165' title='bbox 1026 2380 1187 2478; x_wconf 83' lang='grc' dir='ltr'><strong>γῆς·</strong></span> <span class='ocrx_word' id='word_1_166' title='bbox 1268 2378 1309 2456; x_wconf 93' lang='lat'>5</span> <span class='ocrx_word' id='word_1_167' title='bbox 1353 2380 1431 2456; x_wconf 92' lang='grc' dir='ltr'><strong>δε</strong></span> <span class='ocrx_word' id='word_1_168' title='bbox 1475 2408 1623 2456; x_wconf 90' lang='grc' dir='ltr'><strong>των</strong></span> <span class='ocrx_word' id='word_1_169' title='bbox 1657 2387 1854 2457; x_wconf 91' lang='grc' dir='ltr'><strong>ολων</strong></span> <span class='ocrx_word' id='word_1_170' title='bbox 1890 2376 2079 2462; x_wconf 84' lang='grc' dir='ltr'><strong>Θεὸς</strong></span> <span class='ocrx_word' id='word_1_171' title='bbox 2113 2375 2198 2457; x_wconf 83' lang='grc' dir='ltr'><strong>τὸ</strong></span> <span class='ocrx_word' id='word_1_172' title='bbox 2239 2380 2804 2478; x_wconf 79' lang='grc' dir='ltr'><strong>ἀποσκιρτῆσαν</strong></span> <span class='ocrx_word' id='word_1_173' title='bbox 2840 2379 3048 2480; x_wconf 71' lang='grc' dir='ltr'><strong>γένος</strong></span> 
     </span>
     <span class='ocr_line' id='line_1_19' title="bbox 629 2498 3045 2609; baseline -0.001 -23"><span class='ocrx_word' id='word_1_174' title='bbox 629 2504 758 2601; x_wconf 83' lang='grc' dir='ltr'><strong>τῆς</strong></span> <span class='ocrx_word' id='word_1_175' title='bbox 794 2506 891 2585; x_wconf 87' lang='grc' dir='ltr'><strong>εἰς</strong></span> <span class='ocrx_word' id='word_1_176' title='bbox 926 2498 1143 2581; x_wconf 85' lang='grc' dir='ltr'><strong>αὑτὸν</strong></span> <span class='ocrx_word' id='word_1_177' title='bbox 1178 2500 1488 2603; x_wconf 84' lang='grc' dir='ltr'><strong>ἀγάπης,</strong></span> <span class='ocrx_word' id='word_1_178' title='bbox 1524 2503 1642 2579; x_wconf 77' lang='grc' dir='ltr'><strong>καὶ</strong></span> <span class='ocrx_word' id='word_1_179' title='bbox 1677 2503 1807 2601; x_wconf 82' lang='grc' dir='ltr'><strong>τῆς</strong></span> <span class='ocrx_word' id='word_1_180' title='bbox 1845 2501 1960 2581; x_wconf 88' lang='grc' dir='ltr'><strong>ὑπ’</strong></span> <span class='ocrx_word' id='word_1_181' title='bbox 2000 2502 2194 2609; x_wconf 79' lang='grc' dir='ltr'><strong>αὐτῷ</strong></span> <span class='ocrx_word' id='word_1_182' title='bbox 2229 2503 2612 2598; x_wconf 82' lang='grc' dir='ltr'><strong>βασιλείας</strong></span> <span class='ocrx_word' id='word_1_183' title='bbox 2648 2499 2785 2583; x_wconf 79' lang='grc' dir='ltr'><strong>τὸν</strong></span> <span class='ocrx_word' id='word_1_184' title='bbox 2827 2501 3045 2606; x_wconf 76' lang='grc' dir='ltr'><strong>ζυγὸν</strong></span> 
     </span>
     <span class='ocr_line' id='line_1_20' title="bbox 627 2623 3046 2733; baseline 0.002 -28"><span class='ocrx_word' id='word_1_185' title='bbox 627 2624 1090 2733; x_wconf 82' lang='grc' dir='ltr'><strong>άποτινάξαν,</strong></span> <span class='ocrx_word' id='word_1_186' title='bbox 1126 2626 1210 2705; x_wconf 86' lang='grc' dir='ltr'><strong>οὑ</strong></span> <span class='ocrx_word' id='word_1_187' title='bbox 1254 2623 1423 2727; x_wconf 87' lang='grc' dir='ltr'><strong>παρ’</strong></span> <span class='ocrx_word' id='word_1_188' title='bbox 1458 2625 1699 2727; x_wconf 82' lang='grc' dir='ltr'><strong>ἑτέρου</strong></span> <span class='ocrx_word' id='word_1_189' title='bbox 1747 2624 1832 2704; x_wconf 83' lang='grc' dir='ltr'><strong>τὸ</strong></span> <span class='ocrx_word' id='word_1_190' title='bbox 1882 2623 2239 2706; x_wconf 85' lang='grc' dir='ltr'><strong>δύνασθαι</strong></span> <span class='ocrx_word' id='word_1_191' title='bbox 2285 2625 2564 2725; x_wconf 79' lang='grc' dir='ltr'><strong>λαβὼν,</strong></span> <span class='ocrx_word' id='word_1_192' title='bbox 2601 2628 3046 2723; x_wconf 80' lang='grc' dir='ltr'><strong>ὑποτίθησιν</strong></span> 
     </span>
     <span class='ocr_line' id='line_1_21' title="bbox 625 2746 3046 2858; baseline 0.002 -29"><span class='ocrx_word' id='word_1_193' title='bbox 625 2751 854 2858; x_wconf 78' lang='grc' dir='ltr'><strong>ἑαυτῷ</strong></span> <span class='ocrx_word' id='word_1_194' title='bbox 911 2748 1003 2830; x_wconf 77' lang='grc' dir='ltr'><strong>τὰ</strong></span> <span class='ocrx_word' id='word_1_195' title='bbox 1042 2746 1300 2846; x_wconf 84' lang='grc' dir='ltr'><strong>πάντα,</strong></span> <span class='ocrx_word' id='word_1_196' title='bbox 1335 2754 1427 2852; x_wconf 80' lang='grc' dir='ltr'><strong>τῇ</strong></span> <span class='ocrx_word' id='word_1_197' title='bbox 1482 2747 1630 2854; x_wconf 77' lang='grc' dir='ltr'><strong>ἰδίᾳ</strong></span> <span class='ocrx_word' id='word_1_198' title='bbox 1683 2746 1974 2848; x_wconf 82' lang='grc' dir='ltr'><strong>δυνάμει</strong></span> <span class='ocrx_word' id='word_1_199' title='bbox 2028 2748 2162 2849; x_wconf 85' lang='grc' dir='ltr'><strong>τὴν</strong></span> <span class='ocrx_word' id='word_1_200' title='bbox 2216 2751 2367 2830; x_wconf 84' lang='grc' dir='ltr'><strong>κατ’</strong></span> <span class='ocrx_word' id='word_1_201' title='bbox 2407 2752 2643 2829; x_wconf 82' lang='grc' dir='ltr'><strong>αὑτῶν</strong></span> <span class='ocrx_word' id='word_1_202' title='bbox 2691 2751 3046 2858; x_wconf 80' lang='grc' dir='ltr'><strong>ἐξουσίαν</strong></span> 
     </span>
     <span class='ocr_line' id='line_1_22' title="bbox 625 2870 3135 2983; baseline 0.002 -31"><span class='ocrx_word' id='word_1_203' title='bbox 625 2876 833 2953; x_wconf 77' lang='grc' dir='ltr'><strong>οἱονεὶ</strong></span> <span class='ocrx_word' id='word_1_204' title='bbox 870 2872 1331 2977; x_wconf 85' lang='grc' dir='ltr'><strong>δωρούμενος,</strong></span> <span class='ocrx_word' id='word_1_205' title='bbox 1352 2874 1470 2951; x_wconf 80' lang='grc' dir='ltr'><strong>καὶ</strong></span> <span class='ocrx_word' id='word_1_206' title='bbox 1506 2873 1593 2952; x_wconf 83' lang='grc' dir='ltr'><strong>δι’</strong></span> <span class='ocrx_word' id='word_1_207' title='bbox 1634 2872 1853 2970; x_wconf 84' lang='grc' dir='ltr'><strong>αὑτῆς</strong></span> <span class='ocrx_word' id='word_1_208' title='bbox 1885 2873 2353 2978; x_wconf 85' lang='grc' dir='ltr'><strong>χειρούμενος,</strong></span> <span class='ocrx_word' id='word_1_209' title='bbox 2382 2872 2559 2973; x_wconf 81' lang='grc' dir='ltr'><strong>ὅπερ</strong></span> <span class='ocrx_word' id='word_1_210' title='bbox 2594 2870 2688 2952; x_wconf 83' lang='grc' dir='ltr'><strong>ἂν</strong></span> <span class='ocrx_word' id='word_1_211' title='bbox 2711 2876 3045 2983; x_wconf 78' lang='grc' dir='ltr'><strong>ἐθελήσῃ</strong></span> <span class='ocrx_word' id='word_1_212' title='bbox 3074 2916 3135 2956; x_wconf 76' lang='lat'><strong>20</strong></span> 
     </span>
     <span class='ocr_line' id='line_1_23' title="bbox 559 2993 3048 3109; baseline 0.002 -35"><span class='ocrx_word' id='word_1_213' title='bbox 559 2998 603 3064; x_wconf 84' lang='lat' dir='ltr'><strong>d</strong></span> <span class='ocrx_word' id='word_1_214' title='bbox 627 3001 900 3091; x_wconf 85' lang='grc' dir='ltr'><strong>λαβεῖν.</strong></span> <span class='ocrx_word' id='word_1_215' title='bbox 985 2993 1239 3098; x_wconf 79' lang='grc' dir='ltr'><strong>ὑπάγει</strong></span> <span class='ocrx_word' id='word_1_216' title='bbox 1294 2993 1438 3098; x_wconf 80' lang='grc' dir='ltr'><strong>γὰρ</strong></span> <span class='ocrx_word' id='word_1_217' title='bbox 1476 2996 1517 3075; x_wconf 94' lang='lat'>5</span> <span class='ocrx_word' id='word_1_218' title='bbox 1554 2993 1743 3080; x_wconf 83' lang='grc' dir='ltr'><strong>Θεὸς</strong></span> <span class='ocrx_word' id='word_1_219' title='bbox 1792 2997 1908 3074; x_wconf 80' lang='grc' dir='ltr'><strong>καὶ</strong></span> <span class='ocrx_word' id='word_1_220' title='bbox 1945 2995 2205 3098; x_wconf 86' lang='grc' dir='ltr'><strong>Πατὴρ</strong></span> <span class='ocrx_word' id='word_1_221' title='bbox 2250 2999 2348 3082; x_wconf 81' lang='grc' dir='ltr'><strong>ὡς</strong></span> <span class='ocrx_word' id='word_1_222' title='bbox 2402 2996 2543 3103; x_wconf 75' lang='grc' dir='ltr'><strong>ἰδίᾳ</strong></span> <span class='ocrx_word' id='word_1_223' title='bbox 2591 2998 2896 3098; x_wconf 80' lang='grc' dir='ltr'><strong>δυνάμει</strong></span> <span class='ocrx_word' id='word_1_224' title='bbox 2940 3015 3048 3109; x_wconf 70' lang='grc' dir='ltr'><strong>τῷ</strong></span> 
     </span>
     <span class='ocr_line' id='line_1_24' title="bbox 625 3115 3050 3229; baseline 0.003 -30"><span class='ocrx_word' id='word_1_225' title='bbox 625 3125 802 3229; x_wconf 80' lang='grc' dir='ltr'><strong>Υὶῷ·</strong></span> <span class='ocrx_word' id='word_1_226' title='bbox 868 3121 955 3199; x_wconf 74' lang='grc' dir='ltr'><strong>δι’</strong></span> <span class='ocrx_word' id='word_1_227' title='bbox 994 3120 1212 3200; x_wconf 86' lang='grc' dir='ltr'><strong>αὑτοῦ</strong></span> <span class='ocrx_word' id='word_1_228' title='bbox 1264 3115 1341 3199; x_wconf 79' lang='grc' dir='ltr'><strong>δὲ</strong></span> <span class='ocrx_word' id='word_1_229' title='bbox 1396 3117 1687 3203; x_wconf 89' lang='grc' dir='ltr'><strong>πάντως</strong></span> <span class='ocrx_word' id='word_1_230' title='bbox 1736 3122 1853 3199; x_wconf 83' lang='grc' dir='ltr'><strong>καὶ</strong></span> <span class='ocrx_word' id='word_1_231' title='bbox 1906 3119 2042 3224; x_wconf 85' lang='grc' dir='ltr'><strong>οὑχ</strong></span> <span class='ocrx_word' id='word_1_232' title='bbox 2089 3119 2342 3222; x_wconf 78' lang='grc' dir='ltr'><strong>ἑτέρως</strong></span> <span class='ocrx_word' id='word_1_233' title='bbox 2393 3127 2542 3201; x_wconf 85' lang='grc' dir='ltr'><strong>πᾶν</strong></span> <span class='ocrx_word' id='word_1_234' title='bbox 2598 3121 2784 3225; x_wconf 79' lang='grc' dir='ltr'><strong>ὅπερ</strong></span> <span class='ocrx_word' id='word_1_235' title='bbox 2840 3127 3050 3206; x_wconf 78' lang='grc' dir='ltr'><strong>ἐστὶν</strong></span> 
     </span>
     <span class='ocr_line' id='line_1_25' title="bbox 625 3240 3048 3350; baseline 0.002 -26"><span class='ocrx_word' id='word_1_236' title='bbox 625 3244 1046 3324; x_wconf 80' lang='grc' dir='ltr'><strong>ὑποπίπτειν</strong></span> <span class='ocrx_word' id='word_1_237' title='bbox 1099 3240 1351 3323; x_wconf 77' lang='grc' dir='ltr'><strong>ἐθέλον</strong></span> <span class='ocrx_word' id='word_1_238' title='bbox 1386 3242 1579 3350; x_wconf 76' lang='grc' dir='ltr'><strong>αὑτῷ</strong></span> <span class='ocrx_word' id='word_1_239' title='bbox 1635 3240 1753 3321; x_wconf 82' lang='grc' dir='ltr'><strong>διὰ</strong></span> <span class='ocrx_word' id='word_1_240' title='bbox 1806 3244 1936 3341; x_wconf 86' lang='grc' dir='ltr'><strong>τῆς</strong></span> <span class='ocrx_word' id='word_1_241' title='bbox 1991 3244 2378 3345; x_wconf 84' lang='grc' dir='ltr'><strong>ὑποταγῆς.</strong></span> <span class='ocrx_word' id='word_1_242' title='bbox 2450 3242 2702 3347; x_wconf 80' lang='grc' dir='ltr'><strong>ὥσπερ</strong></span> <span class='ocrx_word' id='word_1_243' title='bbox 2749 3247 2906 3350; x_wconf 81' lang='grc' dir='ltr'><strong>γὰρ</strong></span> <span class='ocrx_word' id='word_1_244' title='bbox 2955 3250 3048 3330; x_wconf 78' lang='grc' dir='ltr'><strong>τὰ</strong></span> 
     </span>
     <span class='ocr_line' id='line_1_26' title="bbox 622 3364 3048 3474; baseline 0.002 -26"><span class='ocrx_word' id='word_1_245' title='bbox 622 3367 861 3449; x_wconf 88' lang='grc' dir='ltr'><strong>πάντα</strong></span> <span class='ocrx_word' id='word_1_246' title='bbox 914 3373 1150 3474; x_wconf 89' lang='grc' dir='ltr'><strong>σοφοῖ</strong></span> <span class='ocrx_word' id='word_1_247' title='bbox 1197 3368 1316 3446; x_wconf 83' lang='grc' dir='ltr'><strong>καὶ</strong></span> <span class='ocrx_word' id='word_1_248' title='bbox 1375 3364 1707 3468; x_wconf 77' lang='grc' dir='ltr'><strong>ζωοποιεῖ</strong></span> <span class='ocrx_word' id='word_1_249' title='bbox 1755 3365 1843 3445; x_wconf 86' lang='grc' dir='ltr'><strong>δι’</strong></span> <span class='ocrx_word' id='word_1_250' title='bbox 1904 3366 2143 3464; x_wconf 87' lang='grc' dir='ltr'><strong>αὑτοῦ,</strong></span> <span class='ocrx_word' id='word_1_251' title='bbox 2203 3368 2390 3447; x_wconf 81' lang='grc' dir='ltr'><strong>οὕτω</strong></span> <span class='ocrx_word' id='word_1_252' title='bbox 2449 3369 2570 3447; x_wconf 83' lang='grc' dir='ltr'><strong>καὶ</strong></span> <span class='ocrx_word' id='word_1_253' title='bbox 2629 3374 2784 3449; x_wconf 84' lang='grc' dir='ltr'><strong>τῶν</strong></span> <span class='ocrx_word' id='word_1_254' title='bbox 2843 3370 3048 3454; x_wconf 80' lang='grc' dir='ltr'><strong>ὅλων</strong></span> 
     </span>
     <span class='ocr_line' id='line_1_27' title="bbox 623 3491 3196 3597; baseline 0.003 -26"><span class='ocrx_word' id='word_1_255' title='bbox 623 3491 960 3597; x_wconf 79' lang='grc' dir='ltr'><strong>κατάρχει</strong></span> <span class='ocrx_word' id='word_1_256' title='bbox 996 3492 1083 3572; x_wconf 84' lang='grc' dir='ltr'><strong>δι’</strong></span> <span class='ocrx_word' id='word_1_257' title='bbox 1124 3491 1365 3572; x_wconf 88' lang='grc' dir='ltr'><strong>αὑτοῦ.</strong></span> <span class='ocrx_word' id='word_1_258' title='bbox 3071 3531 3130 3592; x_wconf 77' lang='lat'><strong>²⁵</strong></span> <span class='ocrx_word' id='word_1_259' title='bbox 3195 3503 3196 3532; x_wconf 63' lang='lat'>¹</span> 
     </span>
     <span class='ocr_line' id='line_1_28' title="bbox 736 3612 3047 3722; baseline 0.001 -27"><span class='ocrx_word' id='word_1_260' title='bbox 736 3615 1174 3714; x_wconf 82' lang='grc' dir='ltr'><strong>Σημειωτέον</strong></span> <span class='ocrx_word' id='word_1_261' title='bbox 1208 3612 1452 3717; x_wconf 82' lang='grc' dir='ltr'><strong>γεμὴν,</strong></span> <span class='ocrx_word' id='word_1_262' title='bbox 1489 3617 1586 3698; x_wconf 85' lang='grc' dir='ltr'><strong>ὡς</strong></span> <span class='ocrx_word' id='word_1_263' title='bbox 1623 3615 1752 3694; x_wconf 88' lang='grc' dir='ltr'><strong>οὑκ</strong></span> <span class='ocrx_word' id='word_1_264' title='bbox 1788 3617 1885 3698; x_wconf 90' lang='grc' dir='ltr'><strong>εἰς</strong></span> <span class='ocrx_word' id='word_1_265' title='bbox 1915 3612 2138 3713; x_wconf 83' lang='grc' dir='ltr'><strong>μόνον</strong></span> <span class='ocrx_word' id='word_1_266' title='bbox 2173 3615 2276 3694; x_wconf 82' lang='grc' dir='ltr'><strong>ἔτι</strong></span> <span class='ocrx_word' id='word_1_267' title='bbox 2312 3613 2442 3695; x_wconf 86' lang='grc' dir='ltr'><strong>τὸν</strong></span> <span class='ocrx_word' id='word_1_268' title='bbox 2478 3616 2793 3719; x_wconf 82' lang='grc' dir='ltr'><strong>Ἰσραὴλ</strong></span> <span class='ocrx_word' id='word_1_269' title='bbox 2829 3620 2877 3720; x_wconf 87' lang='grc' dir='ltr'><strong><em>ἡ</em></strong></span> <span class='ocrx_word' id='word_1_270' title='bbox 2915 3626 3047 3722; x_wconf 76' lang='grc' dir='ltr'><strong>τῆς</strong></span> 
     </span>
     <span class='ocr_line' id='line_1_29' title="bbox 620 3734 3047 3844; baseline 0.004 -27"><span class='ocrx_word' id='word_1_271' title='bbox 620 3738 889 3818; x_wconf 77' lang='grc' dir='ltr'><strong>ἄνωθεν</strong></span> <span class='ocrx_word' id='word_1_272' title='bbox 945 3739 1492 3844; x_wconf 88' lang='grc' dir='ltr'><strong>φιλανθρωπίας</strong></span> <span class='ocrx_word' id='word_1_273' title='bbox 1543 3734 2081 3818; x_wconf 80' lang='grc' dir='ltr'><strong>συνεστέλλετο</strong></span> <span class='ocrx_word' id='word_1_274' title='bbox 2134 3736 2359 3843; x_wconf 87' lang='grc' dir='ltr'><strong>χάρις,</strong></span> <span class='ocrx_word' id='word_1_275' title='bbox 2396 3738 2571 3819; x_wconf 82' lang='grc' dir='ltr'><strong>ἀλλ’</strong></span> <span class='ocrx_word' id='word_1_276' title='bbox 2612 3742 2731 3821; x_wconf 79' lang='grc' dir='ltr'><strong>ἐπὶ</strong></span> <span class='ocrx_word' id='word_1_277' title='bbox 2785 3747 3047 3825; x_wconf 73' lang='grc' dir='ltr'><strong>πεῖσαν</strong></span> 
     </span>
     <span class='ocr_line' id='line_1_30' title="bbox 618 3858 3047 3969; baseline 0.002 -27"><span class='ocrx_word' id='word_1_278' title='bbox 618 3861 996 3969; x_wconf 86' lang='grc' dir='ltr'><strong>ἐξετείνετο</strong></span> <span class='ocrx_word' id='word_1_279' title='bbox 1037 3858 1290 3966; x_wconf 79' lang='grc' dir='ltr'><strong>σάρκα.</strong></span> <span class='ocrx_word' id='word_1_280' title='bbox 1361 3860 1447 3941; x_wconf 86' lang='grc' dir='ltr'><strong>τὸ</strong></span> <span class='ocrx_word' id='word_1_281' title='bbox 1491 3860 1636 3963; x_wconf 83' lang='grc' dir='ltr'><strong>γὰρ</strong></span> <span class='ocrx_word' id='word_1_282' title='bbox 1671 3860 1864 3946; x_wconf 81' lang='grc' dir='ltr'><strong>ὅλως</strong></span> <span class='ocrx_word' id='word_1_283' title='bbox 1913 3859 2310 3966; x_wconf 78' lang='grc' dir='ltr'><strong>ὑποτρέχον</strong></span> <span class='ocrx_word' id='word_1_284' title='bbox 2345 3871 2473 3942; x_wconf 91' lang='grc' dir='ltr'><strong>τοῦ</strong></span> <span class='ocrx_word' id='word_1_285' title='bbox 2513 3868 2859 3966; x_wconf 83' lang='grc' dir='ltr'><strong>Σωτῆρος</strong></span> <span class='ocrx_word' id='word_1_286' title='bbox 2912 3868 3047 3968; x_wconf 74' lang='grc' dir='ltr'><strong>τὴν</strong></span> 
     </span>
     <span class='ocr_line' id='line_1_31' title="bbox 619 3982 3042 4093; baseline 0.003 -28"><span class='ocrx_word' id='word_1_287' title='bbox 619 3985 987 4093; x_wconf 84' lang='grc' dir='ltr'><strong>ἐξουσίαν,</strong></span> <span class='ocrx_word' id='word_1_288' title='bbox 1027 3983 1307 4090; x_wconf 76' lang='grc' dir='ltr'><strong>μεθέξει</strong></span> <span class='ocrx_word' id='word_1_289' title='bbox 1344 3983 1432 4084; x_wconf 87' lang='grc' dir='ltr'><strong>δὴ</strong></span> <span class='ocrx_word' id='word_1_290' title='bbox 1469 3982 1758 4068; x_wconf 86' lang='grc' dir='ltr'><strong>πάντως</strong></span> <span class='ocrx_word' id='word_1_291' title='bbox 1793 3987 1911 4064; x_wconf 77' lang='grc' dir='ltr'><strong>καὶ</strong></span> <span class='ocrx_word' id='word_1_292' title='bbox 1945 3988 2074 4083; x_wconf 84' lang='grc' dir='ltr'><strong>τῆς</strong></span> <span class='ocrx_word' id='word_1_293' title='bbox 2109 3987 2278 4089; x_wconf 80' lang='grc' dir='ltr'><strong>παρ’</strong></span> <span class='ocrx_word' id='word_1_294' title='bbox 2321 3986 2540 4066; x_wconf 86' lang='grc' dir='ltr'><strong>αὑτοῦ</strong></span> <span class='ocrx_word' id='word_1_295' title='bbox 2578 3985 2762 4088; x_wconf 76' lang='grc' dir='ltr'><strong>ζωῆς</strong></span> <span class='ocrx_word' id='word_1_296' title='bbox 2802 4025 2884 4071; x_wconf 88' lang='grc' dir='ltr'><strong>τε</strong></span> <span class='ocrx_word' id='word_1_297' title='bbox 2926 3996 3042 4072; x_wconf 78' lang='grc' dir='ltr'><strong>καὶ</strong></span> 
     </span>
     <span class='ocr_line' id='line_1_32' title="bbox 564 4106 3122 4278; baseline 0.002 -91.139"><span class='ocrx_word' id='word_1_298' title='bbox 564 4106 936 4278; x_wconf 65' lang='grc' dir='ltr'><strong>θχάριτος.</strong></span> <span class='ocrx_word' id='word_1_299' title='bbox 3064 4153 3122 4211; x_wconf 83' lang='lat'><strong>30</strong></span> 
     </span>
    </p>
   </div>
   <div class='ocr_carea' id='block_1_5' title="bbox 629 4317 3037 4461">
    <p class='ocr_par' dir='ltr' id='par_1_16' title="bbox 629 4317 3037 4461">
     <span class='ocr_line' id='line_1_33' title="bbox 629 4317 3037 4461; baseline 0.002 -86"><span class='ocrx_word' id='word_1_300' title='bbox 629 4333 749 4445; x_wconf 81' lang='lat'><strong>217.</strong></span> <span class='ocrx_word' id='word_1_301' title='bbox 753 4317 974 4461; x_wconf 44' lang='lat' dir='ltr'><strong>tw&amp;</strong></span> <span class='ocrx_word' id='word_1_302' title='bbox 1004 4320 1067 4375; x_wconf 82' lang='grc' dir='ltr'><strong>Ε.</strong></span> <span class='ocrx_word' id='word_1_303' title='bbox 1550 4335 1634 4374; x_wconf 87' lang='lat'><strong>10.</strong></span> <span class='ocrx_word' id='word_1_304' title='bbox 1672 4319 1854 4388; x_wconf 69' lang='grc' dir='ltr'><strong>ἑτέρας</strong></span> <span class='ocrx_word' id='word_1_305' title='bbox 1879 4318 1942 4374; x_wconf 87' lang='grc' dir='ltr'><strong>Ε.</strong></span> <span class='ocrx_word' id='word_1_306' title='bbox 2426 4320 2508 4375; x_wconf 81' lang='lat'><strong>18.</strong></span> <span class='ocrx_word' id='word_1_307' title='bbox 2544 4319 2958 4392; x_wconf 69' lang='grc' dir='ltr'><strong>α’ποτινάξωπς</strong></span> <span class='ocrx_word' id='word_1_308' title='bbox 2980 4325 3037 4380; x_wconf 78' lang='grc' dir='ltr'><strong>Β.</strong></span> 
     </span>
    </p>
   </div>
   <div class='ocr_carea' id='block_1_6' title="bbox 3189 3807 3194 5000">
    <p class='ocr_par' dir='ltr' id='par_1_17' title="bbox 3189 3807 3194 5000">
     <span class='ocr_line' id='line_1_34' title="bbox 3189 3807 3194 5000; baseline 0 0"><span class='ocrx_word' id='word_1_309' title='bbox 3189 3807 3194 5000; x_wconf 95' lang='lat' dir='ltr'><strong> </strong></span> 
     </span>
    </p>
   </div>
  </div>
 </body>
</html>
