3238 5158
585 317 718 382 356
1194 315 1274 380 Β.
1320 313 1739 380 CYRILLI
1798 313 2374 380 ALEXANDR.
2723 309 2856 375 xiii.
2893 308 3001 373 18.

589 479 792 561 ἀλλὰ
826 483 945 561 καὶ
980 487 1194 560 τοῦτο
1230 477 1501 582 νεκρὸν,
1536 478 1638 580 μὴ
1673 480 2174 583 παρεπομένης
2207 480 2402 587 αὐτῷ
2450 482 2579 578 τῆς
2627 475 2718 584 ἐξ
2758 475 3007 579 ἔργων

588 602 1090 711 φαιδρότητος.
1178 609 1334 687 πῶς
1392 603 1518 683 οὖν
1572 603 1703 684 οὐκ
1760 602 2108 705 ἀνόνητον
2161 610 2538 687 παντελῶς·
2597 600 2681 683 τὸ
2738 600 3005 681 εἰδέναι

584 726 719 829 μὲν
773 728 994 833 τυχὸν
1048 728 1124 807 τί
1177 724 1268 807 ἂν
1320 726 1426 827 εἴη
1489 724 1576 807 τὸ
1651 726 1950 830 ἀγαθὸν,
2006 726 2107 827 μὴ
2170 727 2317 829 μὴν
2371 725 2644 808 ἐθέλειν
2699 726 2800 806 ἔτι
2873 730 3000 805 καὶ

586 851 1014 954 ἐπιτηδεύειν
1048 847 1268 947 αὐτός
1321 849 1440 931 διὰ
1474 851 1745 953 ταύτην
1770 861 2154 956 τοιγαροῦν
2179 852 2312 954 τὴν
2339 851 2571 933 αἰτίαν
2597 853 2999 958 μακαρίους

588 976 895 1056 ἔσεσθαί
940 982 1131 1084 φησι
1180 973 1347 1060 τοὺς
1396 976 1653 1056 ἑαυτοῦ
1702 976 2054 1077 μαθητὰς,
2094 975 2255 1077 ἤτοι
2303 974 2471 1061 τοὺς
2519 974 2997 1058 πιστεύοντας
3028 997 3073 1057 5

588 1106 686 1186 εἷς
721 1099 959 1199 αὐτὸν,
987 1100 1070 1179 οὐ
1105 1100 1329 1201 μόνον
1361 1101 1663 1186 ἑλόντας
1698 1106 1844 1179 τῶν
1881 1102 2049 1207 παρ’
2088 1101 2309 1182 αὐτοῦ
2343 1100 2819 1199 λαλουμένων
2856 1095 3001 1197 τὴν

521 1232 565 1299 b
589 1223 888 1326 εἴδησιν,
923 1226 1096 1306 ἀλλ’
1138 1229 1198 1305 εἶ
1236 1228 1352 1306 καὶ
1391 1228 1617 1333 δρῷεν
1655 1223 1864 1305 αὐτά.

492 1500 566 1558 18
592 1491 685 1560 Οὐ
739 1493 890 1584 περὶ
942 1494 1209 1561 πάντων
1263 1494 1446 1572 ὑμῶν
1500 1494 1696 1570 Abs-m·
1758 1494 1892 1570 ὲΓώ
1943 1495 2063 1584 Γάρ
2122 1488 2271 1561 οἶδα
2326 1492 2506 1560 τίνας
2562 1490 2997 1566 ἐξελεξάμην·

687 1619 827 1686 ἀλλ’
880 1619 986 1685 ἴνα
1041 1619 1080 1685 ἡ
1138 1620 1355 1709 τροφή
1413 1624 1736 1711 πληρωθῇ
1771 1619 1860 1685 ‘0
1909 1620 2183 1710 τρώγων
2231 1618 2363 1698 μετ’
2409 1618 2571 1696 ἐμοῦ
2625 1615 2739 1684 τὸν
2786 1615 2996 1705 ἄρτον

686 1746 929 1835 ἐπῆρεν
980 1745 1078 1811 ἐπ’
1141 1743 1260 1822 ἐμὲ
1311 1743 1434 1810 τὴν
1487 1747 1774 1836 πτέρναν
1829 1746 2054 1819 αὐτοῦ.
3033 1763 3119 1803 10

700 1918 818 1996 Οὐ
852 1916 1116 2019 μικρὰν
1152 1919 1192 1998 5
1244 1916 1468 2021 λόγος
1517 1918 1659 2023 ἔχει
1697 1916 1830 2019 τὴν
1867 1919 2233 2027 ἀσάφειαν
2267 1920 2343 1999 ἐν
2379 1918 2677 2000 τούτοις.
2750 1949 2989 2014 μακα-

583 2039 781 2140 ρίους
837 2071 980 2139 γαρ
1035 2036 1340 2116 ἔσεσθαι
1396 2036 1635 2140 λέγων
1688 2036 1853 2122 τοὺς
1908 2041 1985 2118 ἐν
2041 2039 2311 2141 γνώσει
2366 2072 2498 2135 μεν
2551 2037 2845 2142 ἔχοντας
2905 2034 2997 2115 τὸ

587 2159 889 2262 ἀγαθὸν,
945 2161 1131 2270 ἔργω
1194 2159 1270 2240 δὲ
1331 2168 1545 2240 τοῦτο
1602 2170 1936 2310 πληροῦν
1994 2161 2558 2314 σπουδάζρντας·
2628 2160 2997 2262 ἐπήγαγεν

531 2317 568 2362 ο
591 2282 793 2368 εὐθύς
829 2290 936 2365 Οὐ
973 2320 1117 2393 περι
1156 2282 1423 2365 πάντων
1460 2283 1675 2388 λεγω,
1711 2285 1840 2366 τὸν
1874 2284 2237 2391 προδότην
2273 2283 2770 2383 αἰνιττόμενος,
2806 2281 2997 2362 κατά

588 2446 673 2515 γε
717 2410 802 2490 τὸ
844 2401 1156 2494 πολλόΐς
1208 2443 1283 2488 τε
1333 2410 1455 2488 καὶ
1504 2411 1659 2509 ἐμοὶ
1710 2413 1992 2491 δοκοῦν·
2054 2411 2139 2490 οὐ
2173 2410 2318 2516 γὰρ
2352 2414 2427 2491 ἐν
2461 2416 2609 2493 τοῖς
2647 2408 2992 2512 ζηλωτοῖς
3027 2435 3109 2497 15

588 2535 629 2616 5
680 2532 1046 2636 θεομισὴς,
1085 2533 1239 2615 οὐδ’
1282 2530 1372 2614 ἂν
1413 2534 1489 2614 ἐν
1525 2541 1676 2619 τοῖς
1724 2534 2097 2641 μακαρίοις
2149 2533 2626 2640 καταταχθείη
2673 2529 2849 2614 ποτὲ
2895 2536 2990 2637 τῇ

587 2658 911 2765 τοσαύτῃ
950 2658 1350 2765 δυσσεβείᾳ
1385 2657 1517 2758 τὴν
1552 2657 1891 2760 τοιαύτην
1923 2660 2174 2766 ἔνοχον
2209 2659 2680 2760 καταστήσας
2715 2655 2990 2763 ψυχήν.

589 2786 706 2863 καὶ
742 2783 873 2881 μία
906 2781 1040 2884 μὲν
1071 2784 1252 2884 αὕτη
1296 2790 1427 2863 τοῦ
1474 2784 1944 2888 προκειμένου
1997 2784 2273 2865 διάνοια
2320 2781 2743 2888 τετριμμένη
2789 2778 2994 2883 παρὰ

589 2914 740 2991 τοῖς
808 2910 1180 2990 πλείοσιν·Ι
1266 2906 1469 3010 ἑτέρα
1545 2904 1623 2987 δὲ
1700 2908 1791 2986 αὖ
1863 2906 2094 2989 πάλιν
2150 2905 2335 3012 πρὸς
2409 2907 2654 3013 ταύτῃ.
2756 2903 2992 2986 τοιάδε

588 3030 892 3134 μέλλων
937 3031 1080 3137 γὰρ
1136 3034 1318 3136 ἐρεῖν
1366 3034 1406 3111 5
1456 3030 1809 3135 Χριστὸς,
1845 3031 1955 3114 ὅτι
2010 3031 2196 3114 κατὰ
2244 3031 2377 3134 τὴν
2422 3035 2704 3114 τελείαν
2739 3065 2819 3112 τε
2871 3034 2993 3111 καὶ
3025 3064 3113 3106 20

252 3168 502 3224 P⁵·¹l·10·
592 3157 980 3261 ἱερωτάτην
1015 3155 1335 3263 γραφήν·
1396 3157 1437 3237 5
1473 3156 1778 3260 τρώγων
1812 3191 1955 3256 μου
1990 3156 2118 3237 τὸν
2156 3157 2377 3261 ἄρτον
2413 3155 2847 3261 ἐμεγάλυνεν
2881 3156 2989 3237 ἐπ’

524 3288 569 3355 d
590 3279 712 3381 ἐμὲ
745 3280 1210 3383 πτερνισμὸν,
1246 3282 1405 3383 ἤτοι
1444 3279 1664 3390 ἐπῆρεν
1701 3282 1805 3362 ἐπ’
1846 3277 1967 3387 ἐμὲ
2004 3280 2275 3387 πτέρναν
2313 3284 2539 3372 αὑτοῦ,
2575 3288 2995 3384 προαπολο-

592 3410 823 3506 γεΐται
875 3403 1149 3505 τρόπον
1202 3404 1385 3502 τινὰ,
1432 3408 1550 3485 καὶ
1604 3402 1733 3486 τὸν
1786 3402 2097 3506 γνήσιον
2151 3411 2298 3486 τῶν
2346 3406 2605 3510 ἑτέρων
2651 3410 2995 3504 μαθητῶν
3078 3474 3095 3484 x

594 3527 963 3629 θεραπεύει
1036 3527 1277 3632 χορὸν,
1356 3529 1461 3609 ἐνὶ
1532 3531 1651 3610 καὶ
1721 3527 1922 3638 μόνῳ
1996 3525 2130 3628 τὴν
2202 3537 2330 3609 τοῦ
2403 3528 2994 3632 κατηγορήματος

597 3650 898 3750 δύναμιν
969 3652 1274 3736 ἀναθείς.
1370 3651 1610 3752 ἐπειδὴ
1685 3652 1831 3756 γὰρ
1904 3650 2169 3738 πάντες
2241 3653 2502 3755 ἤσθιον
2573 3653 2701 3733 τὸν
2774 3651 2994 3756 ἄρτον
3022 3685 3105 3748 25

596 3777 836 3874 αὐτοῦ,
889 3775 1452 3877 συνεστιώμενοι
1513 3777 1852 3878 δηλονότι
1906 3779 2024 3858 καὶ
2076 3783 2674 3862 συνδαπανῶντες
2741 3776 2835 3857 τὰ
2903 3777 2989 3857 δι’

595 3899 814 3979 αὐτοῦ
860 3898 1458 4004 συγκομιζόμενα,
1497 3897 1615 3981 διὰ
1663 3910 1879 3981 τοῦτο
1929 3903 2308 4007 χρησίμως
2355 3901 2638 3986 εἶκαίοις
2688 3901 2989 4002 συντρί-

594 4026 864 4117 βεσθαι
915 4023 1247 4122 δείμασιν
1284 4024 1412 4104 οὐκ
1452 4027 1536 4132 ἐᾷ
1569 4030 1718 4104 τῶν
1753 4027 2145 4130 ἐλευθέρων
2177 4023 2306 4106 τὸν
2342 4035 2532 4125 νοῦν,
2571 4030 2688 4107 καὶ
2733 4024 2819 4104 τὸ
2868 4027 2998 4124 τῆς

596 4145 916 4254 ὑποψίας
971 4146 1182 4253 δριμὺ
1236 4148 1770 4250 προανακόπτει
1826 4149 2069 4252 λεγων
2123 4155 2261 4230 Οὐ·
2277 4185 2435 4259 περι
2497 4152 2764 4231 πάντων
2819 4146 3001 4255 ὑμων

595 4268 808 4373 λέγω·
887 4270 1023 4376 ἐγω
1084 4270 1221 4381 γᾶρ
1285 4269 1438 4354 οιὸα
1501 4276 1686 4358 τίνας
1758 4272 2187 4382 ἐξελεξάμην·
2274 4277 2444 4354 ἀλλ’
2496 4272 2610 4354 ι’να
2674 4277 2908 4379 φησιν
2963 4277 3000 4369 ἦ
3027 4305 3111 4363 30

594 4505 735 4614 σκιὴ
753 4494 940 4546 τοῦτον
962 4491 1028 4547 Ε.
1245 4505 1298 4565 7.
1319 4490 1506 4549 αὐτούς
1530 4492 1595 4547 Ε.
1816 4509 1900 4561 14.
1936 4492 2107 4565 λέγων
2131 4494 2197 4549 Ε.
2400 4509 2489 4565 30.
2524 4494 2629 4567 γὰρ
2654 4502 2999 4564 assumptum
