3238 5158
634 316 723 379 54
1246 315 1322 380 B.
1370 315 1793 381 CYRILLI
1851 315 2435 383 ALEXANDR.
2782 312 2926 378 viii.
2950 330 3051 399 30.

638 489 683 527 “
720 479 882 561 οὐδὲ
931 480 1180 584 εὑρέθη
1234 479 1451 566 δόλος
1503 484 1580 562 ἐν
1624 487 1728 590 τῷ
1775 478 2091 583 στόματι
2144 482 2435 563 αὐτοῦ·”
2495 476 2683 565 Θεὸς
2734 479 2865 560 οὖν
2906 477 3058 582 ἄρα

634 607 753 685 καὶ
798 606 877 686 ἐκ
915 611 1108 685 Θεοῦ
1160 604 1343 685 κατὰ
1395 607 1627 713 φύσιν
1665 608 1705 686 5
1742 605 1919 690 Υἱὸς
1971 615 2100 688 τοῦ
2149 605 2583 709 ἁμαρτάνειν
2618 607 2737 684 καὶ
2784 604 3049 707 τρέπε-

634 735 815 810 σθαι
850 728 951 828 μὴ
989 726 1277 827 εἰδότος,
1306 732 1423 810 καὶ
1458 727 1542 811 τὸ
1577 729 1853 834 πρέπον
1888 737 1978 836 τῇ
2016 731 2160 838 ἰδίᾳ
2196 731 2416 838 φύσει
2452 729 2554 830 μὴ
2591 726 3058 834 ἐκτρέχοντός

636 887 834 935 ποτε.
920 853 1096 935 ὅταν
1144 857 1271 935 οὖν
1309 890 1402 934 τοι
1448 855 1704 963 eipso-ro}
1754 860 1857 963 τῷ
1907 860 1982 934 Π
1986 889 2148 958 ατρι
2202 862 2428 937 ποιεῖν
2474 857 2802 959 ὁμολογῇ
2856 856 3053 933 παίν-

576 1005 614 1050 θ
638 1013 803 1076 τοτε,
860 978 1456 1083 σκανδαλιζέσθω
1530 981 1793 1080 μηδεὶς,
1853 977 2034 1079 μηδὲ
2108 982 2184 1060 ἐν
2243 978 2631 1060 ἐλάττοσιν
2690 975 2736 1079 ἢ
2799 980 2877 1057 ἐν
2949 975 3058 1062 οἷς
3080 1004 3111 1064 5

636 1102 838 1182 ε’στιν
873 1103 916 1180 5
955 1101 1314 1205 Πατὴρ,
1278 1103 1623 1209 υπάρχειν
1659 1103 1923 1184 οἰέσθω
1974 1100 2103 1183 τὸν
2146 1103 2237 1211 ἐξ
2280 1104 2522 1203 αὐτοῦ,
2561 1102 2912 1209 φρονειτω
2976 1102 3055 1184 δὲ

632 1232 928 1326 μᾶλλον
994 1227 1334 1324 εὐσεβῶς,
1411 1231 1508 1311 ὡς
1580 1227 1659 1307 δὲ
1724 1226 1913 1312 Θεος
1987 1230 2065 1308 ἐκ
2139 1232 2332 1308 Θεοῦ
2397 1227 2582 1307 κατὰ
2653 1227 2883 1334 φύσιν
2954 1233 3053 1312 εἰς

634 1353 1162 1446 ταυτοβουλίαν
1198 1355 1337 1451 καὶ,
1375 1352 1460 1433 ἵν’
1502 1354 1728 1437 οὕτως
1778 1350 1976 1450 εἴπω,
2013 1353 2480 1456 ταυτοεργίαν
2516 1353 2888 1447 ἀναβαίνει
2944 1358 3052 1460 τῷ

635 1474 983 1584 φύσαντι.

531 1736 610 1794 3ο
812 1710 1036 1777 Ταῦτα
1091 1713 1291 1778 αὐτοῦ
1347 1717 1709 1780 λαλοῦντος
1763 1712 1999 1779 πολλοὶ
2053 1711 2441 1780 ἐπίστευσαν
2495 1708 2590 1777 εἰς
2643 1712 2864 1780 αὐτόν.
3078 1738 3138 1778 ιο

748 1882 859 1962 Τὸ
896 1883 1428 1987 σμικροπρεπές
1462 1888 1536 1965 ε’ν
1574 1891 1678 1993 τῷ
1719 1883 1924 1993 λόγῳ
1959 1884 2323 1970 πολλάκις
2359 1884 2866 1984 ἐπιτηδεύοντα
2916 1882 3049 1964 τὸν

634 2004 986 2109 Χριστὸν,
1035 2007 1152 2088 διὰ
1209 2009 1342 2110 τὴν
1390 2016 1535 2091 τῶν
1584 2010 2058 2113 ἀκροωμένων
2109 2007 2504 2107 ἀσθένειαν,
2555 2012 2673 2088 καὶ
2725 2008 2921 2109 με’γα
2977 2044 3047 2089 τι

297 2153 428 2209 582
447 2152 527 2208 Δ.
570 2165 608 2207 a
631 2128 716 2211 τὸ
771 2134 1091 2213 ἐντεῦθεν
1145 2141 1543 2236 κατορθοῦν
1598 2133 1898 2215 εἰωθότα
1953 2131 2290 2237 θαυμάζει
2345 2130 2569 2214 πάλιν
2622 2135 2947 2213 ἐντεῦθεν
3005 2136 3044 2213 5

630 2256 872 2365 σοφὸς
915 2258 1496 2361 Εὖαγγελιστής·
1562 2257 1800 2364 παρὸν
1837 2259 1982 2363 γὰρ
2020 2262 2116 2342 ὡς
2154 2263 2323 2366 Θεῷ
2356 2257 2449 2337 τὰ
2484 2257 2724 2339 πάντα
2760 2266 3042 2355 λαλεῖν,

631 2383 1013 2484 ἐλευθέραν
1060 2417 1138 2461 τε
1188 2385 1306 2463 καὶ
1361 2383 1760 2484 βασιλικὴν
1811 2384 2125 2489 ἔχουσαν
2170 2381 2303 2482 τὴν
2351 2381 2463 2489 ἐφ’
2503 2379 2778 2462 ἅπασιν
2822 2382 3036 2489 ἐξου-
3073 2410 3137 2469 15

634 2506 807 2586 σίαν
841 2513 1204 2589 ποιεῖσθαι
1252 2507 1384 2609 τὴν
1423 2506 1769 2617 διάλεξιν,
1808 2506 2358 2614 συμμετριάσας
2395 2512 2854 2606 οἰκονομικῶς
2896 2506 3043 2615 ἕξει

631 2627 760 2711 τὸν
823 2628 1069 2737 λόγον,
1139 2634 1519 2737 σαγηνεύει
1584 2634 1717 2734 μὲν
1781 2640 1879 2719 εἰς
1944 2634 2333 2716 εὐπείθειαν
2395 2630 2743 2731 πολλοὺς,
2799 2667 3042 2737 προσ-

632 2755 937 2860 εδρεύειν
983 2793 1063 2838 τε
1119 2755 1377 2839 λοιπόν
1420 2756 1747 2843 πολλοὺς
1804 2760 2164 2838 ὑποπείθει
2218 2757 2780 2860 σπουδαιότερον
2815 2758 3033 2865 αὐτῷ.

632 2882 887 2963 οὐκοῦν
937 2884 1064 2964 οὐκ
1123 2889 1386 2964 εἰκαῖον
1435 2888 1538 2992 τῷ
1596 2887 1881 2985 Σωτῆρι
1935 2880 2021 2963 τὸ
2077 2880 2523 2981 ἐπιτήδευμα,
2575 2883 2765 2988 φημὶ
2819 2880 2898 2960 δὲ
2954 2879 3039 2961 τὸ

630 3016 888 3091 λαλεῖν
957 3016 1106 3093 τοῖς
1176 3007 1426 3114 ὄχλοις
1496 3007 2356 3111 ἀνθρωποπρεπέστερον·
2445 3005 3040 3109 ἀπεθρασύνοντο
3068 3041 3141 3080 20

293 3127 373 3247 gf·
388 3146 541 3261 am
631 3129 775 3235 γὰρ
832 3134 916 3212 οὐ
969 3138 1258 3234 μικρῶς,
1296 3135 1416 3213 καὶ
1462 3132 1877 3238 ἀπεφοίτων
1925 3129 2236 3215 εὐκόλως
2290 3131 2508 3210 αὐτοῦ
2562 3135 2709 3210 τῶν
2758 3130 3033 3229 ἀμαθε-

560 3262 609 3327 b
633 3253 910 3357 στέρων
965 3252 1168 3352 τινὲς,
1227 3255 1611 3359 ἄνθρωπον
1674 3255 2092 3352 βλέποντες,
2149 3256 2267 3333 καὶ
2333 3258 2749 3357 θεοπρεπῶν
2811 3253 3037 3335 ἀκού-

635 3413 832 3464 οντες
887 3375 1153 3480 λόγων.
1227 3376 1466 3479 ἐπειδὴ
1523 3380 1599 3460 δὲ
1655 3377 1745 3479 ἦν
1796 3382 1873 3459 ἐν
1922 3380 2160 3486 ταύτῷ
2210 3376 2398 3463 Θεὸς
2453 3378 2571 3458 καὶ
2629 3377 3039 3482 ἄνθρωπος,

634 3500 1173 3607 ἀκατηγόρητον
1209 3501 1393 3608 ἔχων
1428 3505 1534 3585 ἐπ’
1577 3505 1802 3610 ἄμφω
1840 3501 1973 3604 τὴν
2010 3503 2370 3610 ἐξουσίαν,
2408 3503 2525 3582 καὶ
2576 3502 3043 3605 ἀνεγκλήτως

633 3628 799 3708 καθ’
847 3628 1064 3733 ὅνπερ
1103 3626 1192 3709 ἂν
1227 3627 1572 3724 βούλοιτο
1609 3627 1880 3731 τρόπον
1917 3627 2381 3730 διαλέγεσθαι
2431 3624 2841 3723 δυνάμενος,
2880 3635 3041 3712 ταῖς
3072 3655 3145 3717 25

632 3758 780 3832 τῶν
815 3753 1282 3857 ἀκροωμένων
1317 3753 1696 3860 ε’λαφρίαις
1734 3752 1811 3831 εὖ
1845 3749 2051 3851 μάλα
2085 3757 2313 3831 ποιῶν
2346 3750 2904 3849 συνεπλάττετο,
2945 3751 3041 3832 τὰ

632 3878 992 3985 ἀνθρώπῳ
1026 3877 1397 3982 πρέποντα
1432 3873 1797 3960 πολλάκις
1844 3879 2010 3979 περὶ
2059 3877 2309 3955 ἑαυτοῦ
2345 3877 2690 3960 ποικίλως
2725 3875 3032 3983 ἐξηγού-

289 4000 500 4120 3338.
627 4035 859 4100 μενος,
912 3999 1063 4081 οἷον
1113 4002 1198 4083 δέ
1240 4036 1312 4081 τι
1361 4005 1548 4108 φημὶ
1602 3999 1687 4081 τό
1722 3998 1890 4080 Ἀπ’
1931 4003 2238 4099 ἐμαυτοῦ
2291 3998 2492 4080 οὐδὲν
2534 4007 2741 4099 ποιῶ,
2777 4005 2895 4080 καὶ
2946 3998 3044 4080 τὰ

566 4154 602 4199 c
628 4124 906 4211 τούτοις
943 4121 1248 4232 ἀδελφά·
1305 4125 1665 4209 συνιέντες
1712 4122 1855 4227 γὰρ
1905 4122 2095 4208 ὅλως
2140 4122 2364 4222 οὐδὲν,
2403 4125 2924 4223 ἀβασανίστως
2962 4124 3043 4205 δὲ

701 4386 753 4440 5.
793 4371 849 4426 ἐν
870 4371 1150 4429 ἐλάττοσιν
1202 4369 1401 4441 ἐστινὴ
1428 4371 1500 4443 a.)
1527 4370 1633 4497 Ἔα.
1660 4370 1806 4426 Aub.
1832 4369 1889 4426 ἐν
1912 4369 2201 4425 ἐλαττώσει
2223 4369 2351 4440 μηδὶ
2380 4369 2447 4425 Β.
2749 4368 2803 4426 6.
2839 4370 3039 4426 οἰέσθω

626 4437 932 4498 ὁωοηάανίι
956 4444 1138 4501 Holst.
1164 4466 1193 4497 ο
1242 4443 1368 4499 σθαι
1397 4443 1461 4499 Β.
1594 4452 1756 4499 esunt
1781 4440 1944 4496 verba
2074 4459 2136 4495 ca
2161 4441 2219 4495 in
2242 4459 2291 4496 a.
2560 4457 2644 4513 13.
2682 4441 2918 4497 ἐντεῦθεν
2940 4444 3036 4498 alt.

624 4512 787 4570 habet
813 4514 880 4569 B.
1170 4515 1255 4570 16.
1292 4514 1649 4586 συμμετρίσας
1676 4512 1741 4568 Β.
1839 4512 2030 4583 ἕξειέ
1965 4458 2131 4584 faena]
2162 4510 2228 4568 Β.
2253 4511 2442 4581 ἐξίεισι
2469 4512 2569 4569 Ht.
2594 4512 2741 4568 unde
2766 4511 2910 4568 Aub.
2941 4514 3038 4585 qui

625 4586 977 4657 “'oorrupte'
1002 4586 1241 4643 adnotat.
1457 4602 1545 4655 29.
1581 4583 1720 4642 ὅλως
1743 4594 2089 4656 ”cumptum
2112 4599 2179 4637 ex
2208 4581 2274 4639 B.
