3238 5158
234 367 297 408 x.
328 363 560 428 22-24.
629 345 739 411 IN
785 345 852 412 S.
880 345 1148 413 ·JOAN.
1237 346 1600 415 LIB.VII.
1690 347 2276 413 FRAGMENTA.
2510 349 2641 414 249

234 517 487 591 ποιεῖν.
568 508 714 591 α’πό
764 511 890 590 οὖν
936 517 1084 591 τῶν
1126 518 1423 616 καρπῶν
1469 517 1535 592 οἱ
1591 512 1815 594 αἴσιοι
1871 515 2101 618 κριταὶ
2155 513 2644 615 ἐπεγίνωσκον

236 631 477 733 αὐτὸν,
513 632 696 733 μετὰ
734 638 851 715 καὶ
885 644 1017 716 τοῦ
1054 639 1171 716 καὶ
1210 634 1588 740 θαυμάζειν
1622 637 1752 718 τὸν
1786 640 1956 742 παρ’
1996 639 2216 718 αὐτοῦ
2251 635 2499 739 λόγον.

225 908 539 983 ἘΓὲνετο
594 909 666 977 δὲ
726 911 807 979 τὰ
870 911 1160 987 ὲΓκαίνια
1221 914 1291 981 ὲν
1335 915 1822 1004 Ἱεροσολύμοις
1884 921 1991 981 καί
2053 914 2297 1003 χειμὼν
2351 910 2450 980 ιἰν·
2532 912 2638 979 καί
2672 936 2746 978 22
2796 935 2871 994 23

339 1037 727 1125 περιεπάτει
777 1040 813 1107 ὁ
854 1038 1114 1105 Ἰησοῦς
1163 1040 1235 1105 ὲν
1289 1043 1385 1126 τῷ
1440 1038 1596 1131 ἱερῷ
1647 1042 1718 1107 ὲν
1771 1047 1852 1132 τῇ
1909 1046 2068 1133 στοᾷ
2124 1039 2544 1118 Σολομῶνος.

168 1232 208 1293 5
354 1198 614 1303 Παρῆν
653 1200 728 1281 δέ
761 1203 839 1282 ἐν
874 1210 1028 1288 ταῖς
1064 1207 1338 1307 ἑορταῖς·
1375 1205 1415 1284 ὁ
1459 1204 1724 1308 Κύριος
1768 1207 1902 1310 οὐχ
1953 1208 2049 1290 ὡς
2096 1201 2633 1306 συνεορτάσων·

236 1330 394 1408 πῶς
431 1323 621 1427 γᾶρς
686 1327 726 1406 ὃ
765 1326 983 1407 εἰπών
1019 1338 1062 1374 “
1095 1330 1494 1429 Μεμίσηκα
1531 1331 1882 1429 ἀπῶσμαι
1914 1328 2045 1413 τὰς
2082 1326 2331 1432 ἑορτὰς
2372 1326 2637 1428 ὖμῶν·”
2732 1318 2896 1434 ff?

238 1447 414 1527 ἀλλ’
442 1448 559 1528 ἵνα
594 1448 759 1535 τοὺς
793 1453 1189 1558 ἐπωφελεῖς
1226 1454 1443 1533 αὐτοῦ
1480 1450 1748 1556 λόγους·
1784 1455 1900 1534 ἐπὶ
1936 1453 2302 1559 παρουσίᾳ
2335 1457 2644 1532 πολλῶν

236 1571 423 1678 εἴπῃ,
467 1575 752 1680 ἐμφανῆ
808 1574 1062 1655 ἑαυτὸν
1118 1574 1591 1677 καταστήσας
1649 1585 1797 1662 τοῖς
1846 1578 2235 1675 Ἰουδαίοις,
2292 1577 2408 1656 καὶ
2464 1574 2638 1679 ἀζη-

236 1694 470 1794 τήτως
507 1700 742 1784 αὐτοῖς
780 1699 1035 1780 ἑαυτὸν
1072 1702 1490 1808 καταμίξας.
1551 1703 1869 1805 ἐγκαίνια
1898 1701 1973 1782 δὲ
2010 1699 2281 1801 οἶητεόν
2317 1702 2643 1796 ἐνταῦθα,

123 1855 209 1897 10
239 1818 401 1919 ἤτοι
457 1819 591 1920 τὴν
640 1823 936 1925 πρώτην
979 1823 1231 1929 ἑορτὴν
1269 1827 1434 1905 καθ’
1474 1823 1565 1925 ἣν
1616 1827 1656 1905 ὁ
1715 1824 2070 1924 Σολομὼν
2116 1822 2499 1905 ἐπετέλεσε
2554 1823 2644 1904 τὰ

238 1944 662 2047 ἐγκαίνια,ἢ
719 1947 837 2027 ὅτε
896 1950 936 2027 ὃ
996 1949 1432 2052 Ζοροβάβελ
1483 1951 1793 2053 ὕστερον
1836 1947 1979 2029 σὺν
2026 1952 2129 2058 τῷ
2163 1951 2414 2050 Ἰησοῦ
2464 1948 2644 2045 μετὰ

235 2067 377 2169 τὴν
412 2070 490 2149 ἐκ
536 2076 978 2164 Βαβυλῶνος
1027 2071 1374 2154 ἐπάνοδον
1412 2072 1539 2154 τὸν
1579 2073 1752 2154 ναὸν
1788 2074 2230 2182 ᾠκοδόμησε.
2313 2073 2646 2180 χειμῶνος

239 2192 320 2273 δὲ
392 2197 509 2274 καὶ
583 2197 785 2276 ὑετοῦ
847 2195 1052 2281 ὄντος
1119 2206 1526 2298 τηνικαῦτα,
1586 2196 1872 2283 εἰκότως
1945 2198 2254 2285 ἅπαντες
2326 2201 2442 2278 ἐπὶ
2514 2196 2649 2298 τὴν

237 2317 476 2396 στοὰν
531 2318 844 2424 ἔτρεχον·
928 2320 1039 2401 διὸ
1098 2324 1215 2401 καὶ
1279 2324 1318 2401 ὃ
1375 2320 1701 2426 Χριστὸς
1757 2325 1903 2401 ἐκεῖ
1948 2321 2192 2422 ἦλθεν,
2247 2324 2363 2403 ἵνα
2417 2328 2648 2402 πᾶσιν

126 2477 209 2538 15
238 2444 572 2549 γνωρίσῃ
647 2443 900 2525 ἑαυτὸν
972 2452 1120 2529 τοῖς
1191 2443 1541 2526 θέλουσιν
1615 2443 1833 2526 αὐτὸν
1909 2450 2099 2544 ἰδεῖν,
2175 2449 2292 2525 καὶ
2364 2448 2651 2553 μεταδῷ

242 2567 482 2653 αὐτοῖς
532 2570 910 2675 ὠφελείας.
989 2573 1055 2650 οἱ
1091 2567 1236 2673 γὰρ
1276 2571 1580 2674 ὁρῶντες
1616 2571 1980 2672 ἠκονῶντο
2016 2569 2196 2675 πρὸς
2248 2570 2332 2651 τὸ
2380 2574 2652 2675 ἐρωτᾶν

241 2726 317 2773 τι
381 2693 621 2772 αὐτόν·
720 2693 830 2774 ὅτι
895 2697 1010 2774 καὶ
1071 2701 1365 2792 μᾶλλον
1428 2699 1504 2774 ἐν
1569 2702 1724 2779 ταῖς
1790 2695 2071 2796 ἀργιάις
2146 2701 2209 2776 οἱ
2286 2695 2650 2799 ἅνθρωποι

242 2815 618 2924 πεφύκασι
671 2816 837 2903 τοὺς
889 2816 1249 2903 τοιούτους
1304 2822 1661 2920 ἐπιμελῶς
1716 2821 2067 2898 ἀνακινεῖν
2113 2816 2398 2921 λόγους.

237 3102 669 3170 Ἐκύκλωσαν
717 3100 831 3171 οὖν
881 3104 1081 3174 αὐτὸν
1130 3101 1191 3169 οἶ
1228 3099 1560 3183 Ἰουδαῖοι,
1600 3101 1706 3168 καὶ
1760 3101 1987 3178 ἕλει-ον
2034 3103 2214 3186 αὐτῷ
2245 3100 2430 3166 ’Eme
2483 3100 2646 3169 πότε
2677 3128 2751 3183 24

128 3242 218 3282 20
352 3228 471 3296 τήν
532 3229 743 3318 ψυχὴν
815 3230 1002 3309 ἡμῶν
1075 3226 1330 3320 αἴρειο;
1409 3226 1467 3296 εἰ
1541 3229 1618 3297 σὺ
1690 3223 1751 3296 εἷ
1818 3231 1855 3297 ὁ
1926 3228 2218 3319 Χριστὸς,
2278 3224 2424 3293 εἰπὲ
2494 3223 2646 3305 ἡμῖν

351 3356 705 3448 παρῤιισίᾳ.
2672 3386 2718 3453 b

366 3534 828 3633 Παραιρεῖται
877 3526 1011 3628 μὲν
1053 3526 1309 3615 αὐτοὺς
1362 3528 1447 3609 τὸ
1504 3535 1601 3614 εἰς
1654 3529 1906 3610 πίστιν
1950 3526 2084 3635 ὀξὺ
2140 3526 2565 3632 δριμύσσων
2611 3528 2651 3607 ὃ

247 3652 551 3761 φθόνος·
611 3651 1002 3757 ἐκβιάζεται
1060 3653 1136 3734 δὲ
1188 3654 1372 3757 πρὸς
1427 3651 1512 3733 τὸ
1569 3658 1811 3753 θαῦμα
1867 3659 2010 3733 τῶν
2064 3652 2515 3753 τελουμένων
2568 3650 2655 3731 τὸ

328 3907 377 3946 1.
415 3888 605 3962 αἴσιοι]
633 3889 773 3946 ὅσιοι
797 3909 844 3946 a.
847 3892 901 3946 k.
1097 3908 1147 3946 2.
1186 3892 1270 3946 καὶ
1295 3892 1384 3946 alt.
1411 3894 1755 3963 assumptum
1780 3908 1845 3946 ex
1871 3907 1916 3944 a.
1922 3889 1977 3945 k.
2168 3906 2222 3960 3,
2241 3907 2274 3955 4
2300 3888 2483 3944 addidi
2507 3906 2571 3943 ex
2593 3888 2654 3943 k.

242 3963 412 4032 5-18,
454 3962 603 4017 Haec
633 3962 781 4017 dedit
812 3980 841 4016 e
868 3962 985 4017 Cat.
1004 3962 1264 4017 Vaticana
1290 3963 1402 4016 Mai
1429 3963 1450 4033 (
1459 3962 1599 4016 B1b1
1628 3962 1825 4017 Nova
1811 3959 2029 4031 nii.134)
2055 3960 2203 4015 unde
2231 3970 2284 4015 et
2310 3961 2533 4030 Migne3
2582 3958 2658 4013 ita

248 4033 370 4087 sine
394 4033 502 4087 ulla
525 4033 816 4089 lectionum
841 4033 1091 4088 varietate
1114 4051 1162 4088 a.
1164 4035 1220 4088 k.
1284 4033 1435 4092 Quae
1462 4033 1518 4087 S.
1534 4033 1737 4088 Joanni
1758 4032 1869 4086 Chr
1909 4043 2148 4086 sostomo
2171 4049 2343 4103 usque
2368 4032 2435 4086 ad
2460 4030 2654 4103 ᾠκοδό-

246 4125 389 4174 μησε
415 4103 551 4175 (ver.
582 4102 669 4173 12)
698 4121 967 4174 anonymo
1000 4105 1204 4175 reliqua
1234 4104 1462 4172 autem(
1442 4104 1642 4172 (errore
1676 4110 1736 4158 ut
1759 4101 1868 4156 vid.
1872 4050 2110 4170 {tribuit
2143 4103 2260 4156 Cat.
2293 4102 2482 4167 Harl.;
2559 4119 2655 4155 ua·

249 4186 472 4267 ρτοριει·
500 4192 611 4229 nou
644 4174 811 4229 edidit
835 4174 980 4230 Aub.
1056 4174 1235 4229 Verba
1259 4174 1576 4241 (cf-vv.10,
1609 4179 1696 4239 11)
1721 4175 1813 4243 τὴν
1835 4177 2042 4242 πρώτην
2064 4174 2232 4244 φησὶν
2255 4174 2438 4242 ἔορτὴν
2460 4194 2522 4227 κα
2597 4169 2659 4241 ἣν

250 4244 532 4300 επετέλεσε
556 4246 620 4299 τὰ
644 4244 872 4316 ἐγκαίνια
896 4248 927 4299 ὁ
945 4248 1119 4313 Σολομ
1121 4248 1192 4300 ὧν
1212 4245 1273 4298 Β.
1287 4244 1332 4299 C
1398 4245 1487 4299 ino
1505 4245 1755 4300 tribuunt
1777 4247 1815 4299 l.
1834 4244 2138 4307 Cramerun,
2157 4244 2275 4298 Cat.
2299 4244 2450 4297 Harl.
2467 4244 2522 4297 in
2543 4260 2656 4311 mg.

248 4333 307 4389 9.
248 4317 624 4389 9καταμιξ<ις
647 4317 866 4371 ἑαυτὸν
852 4333 1067 4373 mveroo
1091 4316 1278 4371 ordine
1351 4325 1421 4370 at.
1453 4315 1602 4370 Harl.
1897 4331 1979 4369 11.
2015 4313 2192 4384 Ἰησοῦ
2216 4333 2324 4369 om.
2353 4315 2472 4368 Cat.
2501 4313 2656 4367 Harl.

253 4387 454 4459 (spatio
476 4385 704 4454 relicto).
868 4401 950 4457 17.
987 4386 1285 4458 πεφύκασιν
1308 4387 1358 4442 οἱ
1380 4386 1678 4457 ἅνθρωποι·
1666 4403 1879 4441 mverso
1903 4384 2090 4440 ordine
2117 4385 2250 4441 Mai.
2416 4386 2498 4439 18.

248 4460 390 4515 λεῶς
412 4475 512 4529 pro
534 4459 791 4529 ἐπιμελῶς
814 4456 937 4513 Cat.
965 4456 1119 4513 Harl.
1391 4474 1579 4546 19-21.
1616 4458 1702 4511 καὶ
1721 4455 2081 4529 ἔλεγον-πορ
2081 4455 2238 4528 ρησίᾳ
2262 4456 2318 4509 k.
2346 4455 2430 4509 καὶ
2453 4456 2518 4509 τὰ
2541 4455 2660 4523 εξῆς

253 4529 404 4587 Aub.
639 4545 725 4584 22.
763 4531 1102 4599 Παραιρεῖται
1126 4529 1182 4584 k.
1207 4531 1542 4599 Παραιτεῖται
1567 4527 1689 4585 cat.
1717 4529 1870 4584 Harl.
1896 4527 2042 4583 Aub.
2272 4542 2359 4597 23.
2392 4527 2526 4597 πρὸς
2548 4542 2596 4578 a.
2601 4525 2658 4579 k.

252 4601 389 4670 πρὸς
409 4598 541 4669 ἡμᾶς
566 4597 685 4655 Cat.
714 4599 867 4656 Harl.
895 4599 999 4657 Ed

344 4700 490 4748 τοι..
521 4702 599 4747 11.
1412 4701 1457 4746 x
1487 4683 1531 4747 k
