3238 5158
236 239 374 307 xiv.
407 262 510 312 20.
620 245 737 310 IN
799 249 865 312 S.
915 245 1431 314 JOANNEM.
1521 247 1716 312 LIB.
1764 246 1886 313 IX.
1979 241 2181 311 CAP.
2229 245 2286 310 Ι.
2529 244 2662 309 483

238 409 304 486 εἶ
376 406 600 507 μόνον
672 409 757 493 τὸ
829 415 1082 494 ἑαυτοῦ
1166 410 1577 493 διεσώσατο
1653 419 1925 512 σῶμα;
2015 409 2508 509 πιστεύσομεν
2582 408 2660 488 δὲ

237 538 557 633 μᾶλλον,
603 537 701 620 ὡς
755 535 897 642 ὅλῃ
952 541 1044 643 τῇ
1100 535 1324 643 φύσει
1380 534 1467 617 δι’
1508 537 1763 617 ἑαυτοῦ
1826 539 1946 616 καὶ
2013 538 2089 615 ἐν
2144 535 2337 641 αὐτῷ
2389 532 2655 640 πρώτῳ
2683 567 2721 607 a
2772 552 2995 610 821A.

240 654 569 763 καθάπερ
641 660 717 741 ε’ν
792 662 1087 766 ἀπαρχῇ
1161 665 1290 761 τῆς
1365 659 1917 766 ἀνθρωπότητος
1996 657 2493 762 περιποιήσων
2565 653 2659 736 τὰ

240 781 505 881 ἀγαθὰ,
541 783 797 887 γέγονε
841 788 1006 867 καθ’
1050 786 1234 884 ἡμᾶς
1282 787 1323 865 ὁ
1362 783 1816 888 Μονογενής.
1895 780 2144 887 ὥσπερ
2182 781 2325 886 γὰρ
2361 782 2519 886 οὐχὶ
2556 786 2661 887 τῷ

160 921 210 984 5
239 904 530 1015 θανάτῳ
584 908 828 1008 μόνον,
873 911 1046 990 ἀλλ’
1096 909 1293 994 ὅλοις
1347 908 1949 1010 ἠκολουθήσαμεν
2003 916 2153 991 τοῖς
2206 906 2476 988 πάθεσι
2530 910 2661 1006 τῆς

239 1029 538 1132 σαρκὸς,
575 1034 651 1113 ἐν
683 1040 788 1142 τῷ
838 1034 1105 1142 πρώτῳ
1155 1041 1368 1115 τοῦτο
1417 1032 1770 1117 παθόντες
1818 1031 2200 1141 ἀνθρώπῳ,
2238 1028 2358 1109 διά
2405 1064 2482 1109 τε
2527 1029 2661 1129 τὴν
2748 1108 2763 1124 ,

236 1152 670 1256 παράβασιν
705 1162 823 1238 καὶ
856 1158 990 1259 τὴν
1027 1159 1226 1240 θείαν
1259 1155 1463 1262 ἀράν·
1518 1156 1705 1238 κατὰ
1739 1156 1869 1238 τὸν
1906 1156 2123 1237 αὐτὸν
2158 1153 2353 1255 οἶμαι
2389 1153 2662 1256 τρόπον

240 1276 575 1384 ἑψόμεθα
636 1282 1058 1381 σύμπαντες
1119 1275 1249 1392 ‘regi'
1282 1288 1593 1390 Χριστῷ
1652 1279 2078 1384 διασώζοντι
2140 1278 2654 1383 πολυτρόπως,

240 1405 362 1483 καὶ
417 1405 777 1511 ἀγιάζοντι
831 1406 964 1508 τὴν
1011 1411 1141 1508 τῆς
1197 1405 1473 1510 σαρκὸς
1528 1405 1762 1514 φύσιν
1812 1409 1889 1486 ἐν
1939 1408 2191 1513 ἑαυτῷ.
2277 1403 2388 1484 διὸ
2446 1408 2563 1484 καὶ
2619 1404 2660 1482 ὁ

110 1557 212 1601 10
246 1532 549 1614 Παῦλος
602 1529 879 1637 ἔφασκε
914 1541 984 1578 ““
1016 1533 1162 1611 Καὶ
1227 1529 1466 1615 καθὼς
1523 1528 1979 1636 ἐφορέσαμεν
2038 1527 2172 1629 τὴν
2230 1526 2466 1608 εἰκόνα
2532 1534 2660 1608 τοῦ
2683 1547 2727 1615 b
2750 1525 2998 1656 23⁰³·1V·

242 1661 293 1698 ‘⁶
327 1660 594 1758 χοϊκοῦ,
634 1654 1043 1760 φορέσομεν
1084 1657 1203 1735 καὶ
1256 1654 1390 1754 τὴν
1440 1652 1678 1735 εἰκόνα
1724 1663 1853 1734 τοῦ
1904 1650 2394 1756 ἐπουρανίου.”
2454 1651 2662 1732 εἰκὼν

240 1774 391 1880 γὰρ
432 1784 562 1857 τοῦ
610 1788 881 1884 χοϊκοῦ,
916 1777 1294 1860 τουτέστιν
1323 1775 1588 1880 Ἀδὰμ,
1626 1776 1711 1859 τὸ
1749 1779 1825 1857 ἐν
1862 1777 2131 1859 πάθεσι
2169 1777 2507 1880 γενέσθαι
2543 1777 2661 1856 καὶ

241 1906 511 2009 φθορᾷ·
569 1901 777 1983 εἰκὼν
827 1901 904 1983 δὲ
959 1913 1090 1984 τοῦ
1144 1904 1590 2007 ἐπουρανίου,
1639 1901 1970 1983 τουτέστι
2029 1907 2392 2004 Χριστοῦ,
2444 1899 2528 1981 τὸ
2583 1902 2662 1980 ἐν

238 2026 553 2134 ἀπαθείᾳ
590 2025 927 2130 γενέσθαι
964 2032 1081 2108 καὶ
1120 2029 1523 2136 ἀφθαρσίᾳ.
1586 2026 1945 2130 κατέκρινε
1980 2027 2221 2106 τοίνυν
2257 2023 2391 2124 τὴν
2429 2025 2661 2127 ἆμαρ·

118 2175 210 2239 15
240 2149 401 2229 τίαν
436 2153 511 2231 ἐν
547 2157 638 2255 τῇ
687 2153 831 2259 ἰδίᾳ
883 2157 1107 2255 σαρκὶ
1146 2150 1334 2237 Θεὸς
1389 2149 1734 2257 ὑπάρχων
1777 2147 1959 2231 κατὰ
2013 2149 2246 2258 φύσιν
2292 2150 2333 2228 ὁ
2382 2148 2654 2251 Λόγος,

240 2276 489 2377 ἀργεῖν
551 2275 896 2384 ἐπιτάξας
955 2279 1162 2383 αὐτῇ,
1222 2280 1343 2357 καὶ
1405 2276 1994 2380 μεταῤῥυθμίσας
2056 2281 2352 2375 μᾶλλον
2413 2278 2512 2358 εἰς
2574 2270 2660 2353 τὸ

242 2405 593 2480 κινεῖσθαι
628 2401 809 2505 πρὸς
859 2398 946 2482 τὸ
992 2404 1247 2481 δοκοῦν
1283 2405 1386 2509 τῷ
1423 2405 1613 2509 Θεῷ,
1653 2402 1771 2480 καὶ
1816 2397 1918 2499 μὴ
1973 2397 2156 2502 πρὸς
2207 2395 2293 2478 τὸ
2344 2397 2522 2477 ἴδιον
2558 2396 2661 2478 ἔτι

245 2521 557 2625 θέλημα·
628 2526 814 2607 οὕτω
869 2560 949 2608 τε
1005 2524 1325 2633 ψυχικὸν
1381 2522 1708 2632 ὑπάρχον
1754 2521 1840 2605 τὸ
1895 2530 2116 2624 σῶμα
2172 2520 2661 2603 κατεσκεύασε

245 2648 745 2746 πνευματικόν.
862 2649 959 2735 εἷς
1032 2650 1163 2749 μὲν
1228 2650 1358 2730 οὖν
1429 2654 1556 2750 τῆς
1629 2646 2331 2754 ἀνακεφαλαιώσεως
2405 2647 2657 2725 οὑτοσὶ
2684 2678 2720 2723 ο

120 2805 220 2850 20
247 2769 534 2873 τρόπος,
574 2774 615 2852 ὁ
664 2773 741 2853 δὲ
792 2777 909 2854 καὶ
956 2774 1288 2875 μάλιστα
1333 2774 1633 2877 πρέπων
1679 2777 1795 2854 καὶ
1844 2779 1961 2879 τῇ
1987 2778 2135 2853 τῶν
2179 2767 2659 2874 προκειμένων

247 2895 507 3004 θεωρίᾳ
559 2899 1143 3003 χρεωστούμενος
1195 2900 1342 2998 μετ’
1384 2901 1647 2980 ἐκεῖνον
1697 2898 2143 2998 εἶσβήσεται·
2200 2894 2659 2999 προκείσεται

245 3017 323 3099 δὲ
361 3025 578 3101 εἰπεῖν
612 3025 775 3125 περὶ
812 3025 939 3121 τῆς
976 3023 1261 3103 αἰωνίου
1297 3022 1500 3127 ζωῆς,
1537 3026 1658 3102 καὶ
1691 3026 1820 3121 τῆς
1855 3029 1985 3101 τοῦ
2030 3017 2343 3101 θανάτου
2393 3017 2656 3121 νεκρώ-

242 3178 451 3243 σεως,
490 3144 685 3232 ὅπως
723 3181 802 3227 τε
839 3150 967 3245 τῆς
1004 3148 1445 3250 ἀνθρωπείας
1494 3147 1788 3254 φύσεως
1836 3142 1970 3245 τὴν
2006 3147 2083 3225 ἐκ
2131 3147 2261 3244 τῆς
2308 3140 2651 3245 παραβά·

244 3290 434 3354 σε’ως
471 3270 761 3376 φθορὰν
798 3272 1221 3372 ἀπέστησεν
1256 3273 1297 3351 ὀ
1340 3269 1790 3374 Μονογενής.
1871 3271 2124 3350 οὐκοῦν
2159 3279 2203 3316 “
2231 3268 2515 3371 ἐπείπερ
2564 3266 2656 3347 τὰ
2746 3269 2882 3401 {ffb-
2909 3270 2963 3322 ¹¹·

126 3414 216 3476 ²5
245 3404 291 3440 ‘⁶
324 3394 577 3475 παιδία
612 3395 1116 3496 κεκοινώνηκεν
1153 3395 1452 3494 αἵματος
1489 3397 1607 3475 καὶ
1644 3393 1943 3498 σαρκὸς,
1976 3396 2092 3474 καὶ
2145 3391 2361 3477 αὐτὸς
2406 3426 2650 3496 παρα-

246 3527 289 3564 “
323 3520 665 3619 πλησίως
713 3518 1024 3625 μετέσχε
1074 3526 1223 3601 τῶν
1259 3520 1555 3615 αὐτῶν,”
1595 3520 1711 3598 ἵνα
1765 3519 2094 3624 νεκρώσῃ
2144 3516 2272 3597 τὸν
2309 3515 2649 3614 θάνατον,

243 3645 361 3721 καὶ
412 3645 453 3722 ὁ
507 3644 765 3728 κτίσας
816 3646 913 3728 εἶς
962 3643 1390 3751 ἀφθαρσίαν
1425 3641 1520 3722 τὰ
1560 3638 1821 3741 πάντα,
1855 3645 1970 3723 καὶ
2021 3642 2423 3745 σωτηρίους
2472 3643 2653 3720 ἀπο-
2744 3652 2860 3766 {1⁸1³-
2887 3652 2921 3701 ἱ-

245 3765 485 3873 δείξας
559 3765 689 3850 τὰς
762 3768 1077 3869 γενέσεις
1149 3774 1279 3848 τοῦ
1353 3765 1657 3865 κόσμου,
1723 3764 1908 3848 κατὰ
1979 3764 2065 3846 τὸ
2139 3763 2654 3869 γεγραμμένον,
2685 3784 2729 3848 d
2778 3733 2827 3784 4⁰

243 3887 688 3995 μεταπλάσῃ
758 3888 986 3971 πάλιν
1056 3897 1205 3972 τῶν
1275 3890 1726 3995 πραγμάτων
1794 3891 1881 3972 τὸ
1964 3895 2221 3997 σχῆμα
2301 3888 2486 3994 πρὸς
2568 3886 2654 3970 τὸ

133 4056 218 4116 30
245 4014 574 4118 ἀρχαῖον.

361 4137 517 4218 Καί
566 4170 688 4235 μοι
740 4134 968 4218 πάλιν
1018 4138 1059 4217 ὁ
1114 4137 1340 4243 λόγος
1394 4136 1937 4244 περιεργότερον
1984 4139 2118 4241 μὲν
2168 4139 2352 4244 ἤπερ
2405 4144 2652 4246 ἐχρῆν,

318 4440 343 4479 1
357 4440 417 4550 ῐὲ
440 4419 750 4493 φορέσομεν
773 4421 841 4478 Ε.
863 4420 1178 4494 φορέσωμεν
1202 4422 1308 4480 Ed.
1599 4443 1681 4493 14.
1718 4425 2027 4497 ἀφθαρσίαν
2052 4425 2117 4482 E.
2404 4441 2490 4480 20.
2529 4421 2660 4495 πρέ-

242 4517 343 4551 πον
421 4532 438 4549 .

1358 4598 1547 4664 3Q2
