3238 5158
204 354 479 438 νίἰί.44.
570 354 689 422 IN
746 355 815 423 S.
861 353 1375 422 JOANNEM.
1465 353 1659 422 LIB.
1690 354 1772 422 V.
1863 355 2071 424 cAP.
2121 356 2243 421 IV.
2531 355 2615 418 19

206 520 472 601 ἐπείτοι
534 523 657 601 καὶ
721 523 762 602 ὁ
825 520 1204 623 τληπαθὴς
1268 520 1604 626 ἀροτρεὺς
1659 520 2028 621 ἀνατεμὼν
2082 519 2249 601 ἔσθ’
2307 517 2424 600 ὅτε
2480 516 2614 618 τὴν

209 644 553 749 ἄρουραν,
590 649 707 726 καὶ
741 643 1005 731 πόνους
1040 647 1117 726 ἐν
1153 647 1334 752 αὐτῇ
1371 643 1813 746 διηντληκὼς
1849 645 1934 725 οῦ
1967 651 2286 749 βραχεῖς,
2324 646 2443 723 καὶ
2484 639 2612 723 τὸν

209 767 499 874 σπόρον
552 770 1072 876 ἐγκαταχῶσας
1135 776 1283 855 τοῖς
1349 769 1684 877 αὔλαξιν,
1742 766 1832 850 ἂν
1884 769 2000 875 ἴδῃ
2059 765 2605 873 διεφθαρμένον,
2635 793 2675 841 ο

207 897 695 998 παλινδρομεῖ
746 892 929 998 πρὸς
1000 893 1325 999 ἄροτρον,
1391 896 1510 973 καὶ
1581 900 1731 977 τοῖς
1800 893 1938 993 ἤδη
2013 890 2614 1001 κατεφθαρμένοις

140 1036 184 1099 5
210 1017 653 1120 ε’πισπείρειν
709 1019 794 1098 ού
859 1025 1207 1098 κατοκνεῖ.
1306 1016 1799 1121 διημαρτηκὼς
1864 1014 2010 1120 γὰρ
2079 1017 2158 1096 ἐν
2223 1018 2412 1121 ἀρχῇ
2486 1022 2615 1094 τοῦ

211 1149 504 1222 σκοποῦ
565 1140 787 1222 πάθοι
850 1137 941 1222 ἂν
1004 1142 1089 1222 οὐ
1150 1140 1439 1226 πάντως
1501 1143 1579 1221 ἐν
1643 1150 1824 1243 γοῦν
1885 1148 2036 1226 τοῖς
2107 1139 2455 1243 δευτέρως
2522 1136 2615 1218 τὰ

208 1262 724 1367 παραπλήσια.
797 1264 1132 1366 τοιαύτην
1166 1262 1594 1365 ἐπασκήσας
1639 1263 1771 1364 τὴν
1807 1264 1958 1373 ἕξιν
1994 1268 2110 1345 καὶ
2147 1266 2188 1345 ὁ
2227 1261 2614 1348 θεσπέσιος

216 1385 524 1474 Παῦλός
582 1422 727 1469 που
793 1389 1026 1496 φησίν
1080 1400 1124 1438 “
1152 1386 1271 1470 Τὰ
1327 1386 1509 1469 αὐτὰ
1571 1388 1815 1490 λέγειν
1867 1392 2033 1489 ’ὑμῖν
2085 1390 2239 1486 ἐμοὶ
2300 1387 2432 1488 μὲν
2486 1387 2615 1468 οὐκ

213 1521 262 1560 “
299 1510 627 1615 ὀκνηρὸν,
664 1513 829 1611 ὑμῖν
868 1512 943 1592 δὲ
980 1513 1386 1621 ἀσφαλές.”
1467 1515 1644 1620 ὁρᾷς
1692 1511 1888 1598 ὅπως
1936 1511 2149 1593 ὄκνου
2203 1511 2538 1616 κρείττων
2574 1513 2615 1591 ὃ

95 1669 189 1714 10
216 1634 585 1717 διδάσκων
633 1636 1054 1738 εὑρίσκεται,
1090 1636 1253 1718 τότε
1307 1643 1455 1722 τοῖς
1511 1637 1987 1739 ἀκροωμένοις
2033 1635 2118 1717 τὸ
2170 1638 2246 1716 ἐν
2292 1639 2627 1742 ἀσφαλεῖ

215 1768 366 1844 τῶν
393 1761 964 1863 ἐπιτηδευμάτων
998 1763 1337 1867 γενέσθαι
1371 1760 1735 1847 πολλάκις
1772 1765 2198 1860 ἀκολουθεῖ;
2240 1760 2619 1866 χρησίμως

213 1893 600 1988 τοιγαροῦν
663 1882 793 1965 τὸν
860 1886 1043 1991 πρὸς
1104 1887 1492 1971 Ἰουδαίους
1564 1884 2203 1990 ἀναμηρυσάμενος
2277 1883 2504 1988 λόγον
2575 1882 2616 1962 ὁ
2640 1893 2685 1959 d

219 2008 493 2113 Κύριος
559 2009 767 2110 ἡμῶν
825 2011 1115 2111 Ἰησοῦς
1189 2011 1230 2090 ὁ
1295 2007 1647 2114 Χριστὸς,
1712 2011 1841 2090 οὐκ
1914 2012 1990 2090 ἐν
2052 2017 2201 2094 τοῖς
2272 2015 2621 2114 τυχοῦσιν

215 2131 522 2213 ἔσεσθαι
575 2141 705 2214 τοῦ
764 2132 866 2235 μὴ
920 2132 1286 2215 πιστεύειν
1340 2135 1535 2242 αὐτῷ
1588 2129 1725 2234 τὴν
1778 2133 2032 2237 ζημίαν
2087 2131 2614 2236 διισχυρίζεται·

99 2279 129 2319 1
147 2273 191 2335 5
218 2260 365 2337 δεῖν
421 2254 568 2360 γὰρ
622 2254 910 2343 πάντως
963 2259 1023 2340 ἐν
1076 2257 1456 2366 ἁμαρτίαις
1513 2253 1876 2338 ἀποθανεῖν
1930 2253 2098 2341 τοὺς
2153 2254 2622 2337 ἀπειθοῦντας

216 2384 433 2485 φησι,
477 2378 563 2461 τὸ
621 2379 697 2461 δὲ
750 2379 1083 2462 τεθνάναι
1135 2381 1717 2488 πεφορτισμένον
1759 2385 1909 2466 τοῖς
1960 2375 2616 2480 πλημμελήμασιν,

215 2502 331 2586 ὅτι
401 2507 636 2612 φλογὶ
712 2510 803 2613 τῇ
874 2504 1257 2615 παμφάγῳ
1328 2502 1748 2611 παραδώσει
1819 2503 1953 2606 τὴν
2026 2509 2174 2586 τοῦ
2236 2502 2623 2608 ἀνθρώπου

216 2627 492 2738 ψυχὴν,
538 2630 672 2710 οὐκ
725 2631 1170 2738 ἀμφίλογον.

2704 1383 2839 1498 fhil.
2860 1383 2933 1433 iii.

272 2894 442 2962 Ἐὰν
495 2895 617 2986 Γὰρ
666 2897 756 2975 μή
812 2899 1199 2965 πιστεύσητε
1252 2901 1353 2969 ὅτι
1403 2896 1540 2974 &rob
1590 2893 1742 2978 εἰμι,
1797 2891 2234 2963 ἀποθανεῖσθε
2284 2895 2357 2961 ἑν
2409 2892 2553 2961 ταῖς

105 3053 194 3095 20
1128 3037 1476 3131 ἁμαρτίαις
1530 3039 1736 3118 ὑμῶν.
2647 3051 2684 3095 Θ

335 3211 893 3316 Ἀκριβέστερον
937 3217 1327 3315 εἰσηγεῖται
1373 3210 1468 3293 τὰ
1514 3211 2005 3321 συμφέροντα,
2044 3216 2162 3291 καὶ
2213 3204 2625 3318 φανότατον

218 3340 354 3437 τῆς
410 3338 773 3438 σωτηρίας
827 3336 1177 3422 καθιστὰς
1231 3335 1360 3418 τὸν
1402 3335 1675 3441 τρόπον
1718 3335 2151 3418 ὑποδεικνύει
2200 3331 2460 3414 λοιπὸν
2508 3328 2628 3411 διὰ

160 3526 181 3535 ..
219 3462 435 3544 ποίας
493 3459 714 3546 ἰόντες
767 3462 939 3542 ὀδοῦ
991 3459 1174 3564 πρὸς
1226 3459 1360 3560 τὴν
1406 3467 1553 3541 τῶν
1600 3459 1827 3563 ἁγίων
1870 3458 2366 3561 ἀναβήσονται
2410 3452 2620 3557 ζωὴν,

222 3587 345 3664 καὶ
402 3589 499 3669 εἷς
551 3582 685 3683 τὴν
735 3584 885 3665 ἅνω
938 3582 1368 3687 γενήσονται
1421 3582 1668 3677 πόλιν,
1719 3582 1853 3684 τὴν
1899 3581 2317 3687 ἐπουράνιον
2351 3581 2618 3683 Ἱερου-
2714 3648 2720 3654 .

114 3726 194 3787 25
222 3706 511 3808 σαλήμ.
590 3711 709 3788 καὶ
758 3709 844 3788 οὐ
890 3707 1114 3807 μόνον
1160 3706 1271 3787 ὅτι
1318 3707 1670 3813 προσήκει
1718 3706 2119 3787 πιστεῦσαί
2161 3713 2416 3810 φησιν,
2454 3702 2622 3781 ἀλλ’

224 3830 336 3911 ὅτι
373 3835 491 3912 καὶ
526 3837 625 3917 εἷς
661 3830 878 3914 αὐτὸν
913 3841 1127 3913 τοῦτο
1162 3832 1502 3935 γενέσθαι
1539 3831 1781 3932 δεήσει
1818 3829 2340 3935 διισχυρίζεται.
2406 3831 2626 3907 δικαιτ

223 3953 494 4055 ούμεθα
544 3955 688 4069 γὰρ
736 3956 1197 4042 πιστεύοντες
1246 3959 1342 4041 εἷς
1391 3954 1610 4037 αὐτὸν
1647 3959 1745 4040 ὡς
1787 3961 1885 4040 εἷς
1922 3951 2114 4036 Θεὸν
2148 3956 2227 4033 ἐκ
2263 3958 2485 4048 Θεοῦ,
2529 3955 2625 4057 ὡς
2831 4010 2842 4019 -

224 4085 324 4164 εἷς
361 4084 670 4184 Σωτῆρα
703 4083 822 4161 καὶ
857 4079 1233 4185 λυτρωτὴν
1269 4083 1386 4161 καὶ
1421 4079 1743 4175 βασιλέα
1780 4086 1927 4159 τῶν
1963 4076 2158 4159 ὅλων
2196 4080 2312 4158 καὶ
2354 4075 2625 4181 Κύριον
2649 4117 2686 4157 a
2722 4080 2959 4158 5092..

301 4333 351 4372 ¹.
386 4317 582 4372 ἐπείτοι
607 4316 674 4371 Β.
702 4317 912 4388 ἐπείπερ
940 4316 1122 4373 Holst.
1148 4316 1254 4374 Ed.
1410 4318 1463 4373 8.
1501 4318 1619 4386 ὑμῖν
1642 4335 1751 4372 om.
1777 4335 1826 4372 a.
1993 4332 2076 4374 11.
2114 4316 2390 4373 ἀκολουθεῖ
2415 4316 2480 4370 Β.
2505 4316 2626 4371 ἀκο-

223 4387 478 4530 {wan
505 4389 607 4443 Ht.
632 4388 737 4444 Ed.
886 4405 969 4443 12.
993 4388 1449 4460 ἆναμηρυσάμενος
1475 4388 1590 4443 Ba.
1617 4387 1739 4443 Cat.
1768 4387 1919 4443 Harl.
1943 4388 2230 4459 ἀναμερισά
2294 4408 2383 4444 νος
2408 4387 2507 4442 Ht.
2523 4386 2626 4441 Ed.

405 4469 749 4546 assumptum
773 4477 839 4514 ex
868 4459 915 4514 B
935 4476 1203 4542 euprqscr.
1352 4476 1451 4541 ¹⁴2
1470 4459 1843 4583 διισέυρίζεται
1864 4458 1930 4541 ¹3:
1948 4458 2030 4514 ὅτι
2054 4458 2215 4531 Ῑσχυρ
2237 4461 2375 4526 (crac
2404 4456 2502 4511 Ht.
2525 4457 2627 4510 Ed.

231 4544 313 4598 15.
364 4530 649 4585 ἀποθανειν
685 4530 743 4586 ἐν
789 4529 805 4549 ‘
947 4529 1046 4587 ιάις
1084 4547 1298 4585 ιιινεηο
1337 4529 1526 4584 ordme
1622 4569 1636 4583 .
1675 4530 1779 4585 hoc
1817 4529 2006 4585 ordme
2045 4529 2145 4585 Ht.
2187 4529 2292 4586 Ed.
2329 4528 2540 4583 favente
2580 4543 2630 4581 a.

229 4602 312 4658 16.
342 4601 781 4674 πεφορτισμένον
857 4618 926 4658 .a.
955 4601 1055 4657 Ht.
1078 4600 1515 4673 πεφορτισμίνων
1537 4600 1686 4655 Aah.

1371 4702 1415 4747 D
1449 4702 1486 4748 2
