3238 5158
184 333 606 423 xvii-12,13.
679 304 1463 401 I'NS.JOANNEM.
1555 333 1924 400 LIB.x1.
2015 335 2222 401 cAP.
2256 335 2378 402 IX.
2469 338 2595 404 ⁷03

182 497 257 579 δὲ
302 506 637 599 μᾶλλον.
717 507 821 609 τῷ
878 500 1023 605 γὰρ
1078 509 1294 582 τοῦτο
1344 497 1650 601 μαθόντι
1703 505 1929 602 μετῆν
1987 500 2220 602 δήπου
2278 500 2591 600 πάντως,

181 621 375 727 ε’ίπερ
442 623 858 725 ἠβουλήθη,
917 628 1036 706 καὶ
1091 622 1691 728 παραιτήσασθαι
1766 627 1884 705 καὶ
1957 624 2442 733 φυλάξασθαι
2510 624 2595 705 τὸ

180 754 470 846 παθεῖν,
547 746 1049 853 προαιρετικὴν
1119 747 1356 852 ἔχοντι
1434 745 1569 847 τὴν
1643 749 1755 855 ἐφ’
1834 747 2013 852 ὅπερ
2087 747 2179 827 ἂν
2249 749 2595 844 βούλοιτο

372 906 437 953 ν.

124 1011 158 1071 5
179 904 632 1075 ροπ-’Ᾱλλη
598 995 778 1081 ἰ’σως
841 998 1018 1100 ἐρεῖς
1097 1002 1272 1080 Πῶς
1336 995 1463 1075 ουν
1528 992 1633 1075 ἔτι
1694 992 2078 1097 τετήρηκεν
2143 995 2184 1075 ὁ
2249 993 2595 1100 Χριστος,

180 1150 241 1195 ει
275 1125 440 1202 ταῖς
475 1126 630 1199 τῶν
673 1119 870 1201 ἰδίων
906 1118 1337 1221 θελημάτων
1379 1121 1636 1224 ῥοπαῖς
1680 1153 1799 1199 και
1832 1126 2351 1228 προαιρετικοῖς
2388 1119 2588 1221 κινή·
2618 1144 2662 1207 b

181 1274 436 1339 μασιν,
496 1277 569 1323 οι
633 1240 766 1340 μὲν
819 1242 963 1349 ἔξω
1018 1241 1321 1323 δικτύων
1375 1245 1816 1334 διαβολικῶν
1872 1243 2324 1346 εὑρίσκονται
2384 1277 2600 1345 γεγο-

186 1363 405 1463 νότες,
445 1366 615 1466 ἥλω
652 1366 727 1447 δὲ
765 1366 985 1464 μόνος
1019 1365 1294 1450 Ἰούδας
1341 1363 1543 1468 παρὰ
1577 1364 1855 1449 πάντας
1892 1365 1931 1444 ὁ
1971 1367 2321 1450 δείλαιος·
2301 1427 2323 1463 ,
2386 1372 2598 1447 ποῖον

184 1486 308 1566 οὖν
384 1490 537 1592 ἄρα
605 1490 855 1592 γέγονε
931 1487 1015 1569 τὸ
1088 1491 1166 1570 ἐκ
1245 1493 1373 1589 τῆς
1445 1488 1691 1570 ἐνθάδε
1757 1488 2150 1590 λεγομένης
2227 1487 2598 1593 τηρήσεως

96 1646 163 1687 10
186 1608 459 1717 ὄφελος
490 1645 514 1710 ;

291 1731 520 1815 Ἀλλ’
563 1733 623 1816 ὦ
668 1744 967 1839 γενναῖε,
1005 1736 1235 1818 πάλιν
1275 1738 1566 1840 ἐροῦμεν
1603 1736 1818 1835 ἡμεῖς,
1860 1733 2049 1836 καλὴ
2094 1734 2227 1836 μὲν
2262 1736 2307 1835 ἡ
2346 1740 2592 1842 νῆψις,

187 1857 765 1962 ἐπωφελεστάτη
802 1859 879 1941 δὲ
913 1860 1210 1967 σφόδρα
1245 1864 1373 1959 τῆς
1410 1860 1751 1963 ἡμετέρας
1787 1860 2097 1943 διανοίας
2126 1857 2170 1960 ἦ
2198 1859 2594 1967 ἀσφιίλεια,

189 1981 302 2059 καὶ
348 1980 440 2064 τὸ
494 1981 855 2064 σύντονον
904 1985 1187 2084 θέλημα
1239 1973 1423 2086 πρὸς
1471 1983 1962 2086 ἀγαθουργίαν
1999 1986 2115 2062 καὶ
2170 1990 2268 2068 εἰς
2326 1981 2590 2088 κατόρ-

189 2107 420 2185 θωσιν
453 2110 741 2211 ἀρετῆς·
804 2105 1402 2211 κατεργασάμεθα
1434 2105 1574 2211 γὰρ
1597 2109 1784 2188 οὕτω
1821 2116 1868 2153 “
1888 2105 2021 2207 τὴν
2047 2109 2316 2187 ἑαυτῶν
2344 2142 2586 2209 σωτη·

100 2259 166 2320 15
194 2234 236 2273 ‘⁴
266 2230 506 2331 ρίαν·”
580 2229 781 2332 πλὴν
824 2231 952 2311 οὐκ
1007 2231 1295 2334 ἀρκέσει
1350 2238 1564 2311 τοῦτο
1619 2233 1738 2311 καὶ
1791 2230 2015 2330 μόνον
2068 2236 2160 2337 τῇ
2216 2233 2598 2337 ἀνθρώπου
2620 2255 2656 2299 0

192 2354 423 2457 ψυχῇ·
535 2358 757 2434 δεῖται
829 2352 975 2458 γὰρ
1032 2355 1436 2457 ἀναγκαίως
1498 2357 1628 2453 τῆς
1693 2350 1968 2434 ἄνωθεν
2030 2356 2414 2457 συνεργίας
2480 2358 2599 2435 καὶ

193 2471 508 2577 χάριτος,
547 2476 1145 2586 ἐξευμαριῷύσης
1183 2477 1364 2581 αὐτῇ
1400 2472 1492 2556 τὰ
1536 2473 1925 2577 δυσήνυτα,
1964 2478 2263 2576 εὐστιβῆ
2313 2477 2390 2557 δὲ
2432 2477 2600 2557 λίαν

196 2599 703 2702 ἀποτελούσης
750 2598 882 2700 τὴν
924 2600 1194 2702 ἀνάντη
1240 2604 1357 2681 καὶ
1399 2600 1932 2706 τετραχυμένην
1965 2605 2094 2700 τῆς
2143 2601 2601 2702 δικαιοσύνης

197 2720 382 2805 ὁδόν.
459 2726 577 2807 ὅτι
634 2722 779 2827 γὰρ
817 2724 1021 2805 οὐδὲν
1057 2724 1248 2808 ὅλως
1302 2722 1395 2804 τὰ
1450 2725 1619 2827 παρ’
1662 2725 1887 2824 ἡμῶν,
1926 2729 1987 2804 εἰ
2039 2722 2140 2824 μὴ
2198 2723 2290 2805 τὰ
2342 2728 2421 2805 ἐκ
2470 2729 2602 2825 τῆς

109 2874 174 2914 20
199 2846 387 2933 θείας
440 2849 926 2953 προσγένοιτο
981 2847 1299 2954 χάριτος,
1349 2846 1558 2928 ἄκουε
1611 2854 1932 2944 βοῶντος
1987 2855 2117 2928 τοῦ
2172 2847 2600 2955 ψάλλοντος

202 2977 241 3014 “
276 2970 462 3053 Ἐὰν
519 2970 622 3072 μὴ
677 2972 943 3076 Κύριος
993 2969 1434 3077 οἶκοδομήσῃ
1485 2967 1707 3069 οἷκον,
1762 2976 1858 3056 εἶς
1915 2971 2153 3072 μάτην
2203 2973 2601 3053 ἐκοπίασαν

202 3096 244 3136 “
274 3099 340 3176 οἶ
396 3100 938 3196 οἰκοδομοῦντες
989 3094 1237 3175 αὐτόν·
1328 3094 1451 3175 ἐὰν
1509 3095 1612 3195 μὴ
1673 3094 1939 3199 Κύριος
2000 3093 2301 3204 φυλάξῃ
2357 3095 2599 3195 πόλιν,

202 3222 244 3260 “
280 3223 377 3303 εὶς
413 3219 656 3320 μάτην
690 3219 1161 3323 ἠγρύπνησεν
1198 3219 1238 3298 ὁ
1279 3216 1771 3372 φυλάσσων.”

220 3366 229 3374 ·
309 3346 601 3447 Χρῆναι
660 3344 751 3443 δὴ
809 3343 936 3423 οὖν
993 3343 1399 3444 ἀναγκαίως
1455 3344 1646 3446 φημι
1703 3342 1886 3442 ἡμᾶς
1946 3378 2078 3441 μεν
2131 3340 2266 3443 τὴν
2329 3342 2602 3422 οἴκοθεν

111 3498 139 3537 2
149 3496 180 3557 5
206 3466 705 3572 εἶσκομίζειν’
667 3466 1081 3570 εγκρᾶτειαν
1120 3501 1237 3546 και
1287 3464 1420 3565 τὴν
1455 3464 1805 3573 φιλόθεον
1852 3466 2003 3573 ἕξιν
2039 3462 2597 3564 ἐπιτηδεύοντας,
2629 3467 2669 3533 d

207 3592 562 3676 νεανικοῦς
631 3593 943 3693 ὁρᾶσθαι
1005 3590 1190 3694 πρὸς
1252 3624 1337 3671 το
1413 3589 1760 3697 ἐξανῦσαι
1827 3596 2070 3698 φιλεῖν
2134 3588 2265 3690 τὴν
2332 3592 2602 3671 εαυτῶν

207 3717 595 3820 σωτηρίαν,
632 3714 934 3821 ἐξαιτεῖν
980 3711 1059 3792 δὲ
1112 3714 1297 3794 οὕτω
1346 3747 1439 3793 τα
1486 3710 1687 3817 παρὰ
1725 3718 1940 3812 Θεοῦ,
1978 3715 2096 3795 καὶ
2145 3712 2277 3814 τὴν
2330 3713 2604 3795 ἀνωθεν

207 3832 610 3942 ἐπικουρίαν
675 3836 997 3940 καθάπερ
1067 3834 1351 3942 ἄμαχόν
1415 3870 1576 3917 τινα
1641 3841 1759 3917 καὶ
1823 3838 2101 3943 ἀῤῥαγῆ
2166 3839 2602 3944 παντευχίαν

208 3955 504 4046 ἑλόντας
557 3960 1036 4065 ἀνδρίζεσθαι.
1116 3958 1503 4046 δεδωκότος
1553 3958 1628 4042 δὲ
1672 3958 1879 4068 ἅπαξ
1928 3965 2045 4042 καὶ
2100 3962 2601 4048 ἐπινεύσαντος

117 4107 186 4164 30
210 4078 371 4177 ἡμῖν
418 4083 604 4190 πρὸς
654 4094 869 4166 τοῦτο
911 4092 1043 4164 τοῦ
1100 4089 1309 4188 Θεοῦ,
1365 4081 1534 4190 ἐξὸν
1590 4084 1758 4184 ἡμῖν
1806 4084 1943 4186 ἤδη
1994 4082 2128 4185 τὴν
2181 4091 2327 4165 τῶν
2379 4097 2602 4166 πολε-

210 4207 531 4297 μούντων
604 4207 1216 4312 καταγωνίζεσθαι
1285 4207 1586 4305 δύναμιν
1663 4209 1779 4288 καὶ
1857 4207 1991 4309 τὴν
2056 4216 2184 4288 τοῦ
2252 4207 2601 4304 διαβόλου

213 4334 407 4435 χεῖρα
469 4339 942 4431 πλεονεκτεῖν,
1006 4337 1066 4411 εἰ
1139 4329 1241 4432 μὴ
1305 4324 1750 4430 βουλοίμεθα
1811 4333 2186 4413 πείθεσθαι
2261 4338 2602 4412 καλοῦντι

640 4587 686 4625 1.
720 4572 918 4640 μεστῆν
944 4568 1006 4623 Ε.
1590 4568 1675 4624 18.
1712 4569 2084 4641 τετριχωμένην
2111 4569 2176 4624 Ε.

2683 2101 2815 2152 Phil.
2835 2100 2890 2152 ii.

2689 2182 2767 2219 12.

2693 2968 2776 3017 ΡΒ.

2693 3034 2859 3084 cxxvi.
2878 3048 2924 3084 1.
