3238 5158
652 342 736 410 16
1242 344 1319 409 B.
1368 342 1785 409 CYRILLI
1845 341 2463 410 ALEXANDRa
2779 363 2910 406 vm
2939 359 3044 426 23.

587 542 622 586 e
647 507 843 611 λέγω
897 512 1055 590 Οὐκ
1114 512 1259 615 εἶμί
1311 514 1544 614 φησιν
1592 507 1675 589 ἐκ
1727 511 1840 590 τοῧ
1898 509 2158 615 κὸσμου
2213 506 2457 588 τούτου.
2542 506 2797 587 οὐκοῦν
2851 505 3047 583 ἀντι-

644 636 990 734 παραθεὶς
1046 638 1144 717 εἱς
1207 638 1485 735 γνῶσιν
1551 630 1686 731 τὴν
1754 630 2058 732 θεότητα
2125 637 2229 738 τῷ
2289 627 2568 737 κόσμῳ,
2625 626 2848 709 τούτου
2911 624 3048 726 μὲν

645 756 885 863 ἐκείνῳ
958 758 1275 855 δίδωσιν,
1346 755 1598 836 ἑαυτὸν
1665 754 1741 834 δὲ
1816 759 1919 864 τῷ
1992 753 2448 859 γεγεννηκότι
2522 757 2689 861 Θεῷ
2761 755 2879 831 καὶ
2953 755 3046 856 τῇ

645 878 986 960 ἀνωτοῖτω
1040 886 1305 960 πασῶν
1350 881 1566 987 οὐσίᾳ
1618 879 2032 984 προσνέμει.

756 1062 800 1099 ,,
836 1002 1055 1082 Ἀλλ’
1096 1002 1299 1084 οὐδὲν
1350 1002 1695 1103 ἀδικήσει,
1734 1006 1945 1110 φησὶ,
1983 1009 2129 1082 τῶν
2164 999 2504 1103 ἀγγέλων
2552 998 2684 1100 τὴν
2728 1000 2958 1107 φύσιν
3002 1002 3043 1081 ὁ
3071 1026 3106 1086 5
3209 1037 3218 1078 ;

642 1185 688 1222 ,,
727 1124 917 1211 Θεὸς
974 1130 1090 1206 καὶ
1147 1124 1425 1228 Πατὴρ,
1483 1133 1540 1207 εὶ
1594 1123 1697 1226 μὴ
1753 1125 2031 1211 τούτοις
2086 1124 2309 1225 αὐτὴν
2366 1123 2471 1210 οἷς
2527 1128 2644 1204 καὶ
2697 1123 2827 1204 τὸν
2863 1123 3045 1204 Υὶὸν

644 1308 690 1347 ,,
728 1247 914 1351 ἔγνω
949 1257 1183 1349 τιμᾶν.
1268 1250 1513 1331 ἄδικον
1550 1249 1694 1354 γὰρ
1744 1252 2071 1349 οὐδαμῶς
2120 1249 2501 1356 ἀποφαίνει
2545 1247 2675 1327 τὸν
2712 1246 2923 1346 Θεὸν,
2959 1244 3046 1327 τὸ

643 1432 688 1469 ,,
726 1374 804 1453 ἐν
839 1380 930 1480 τῇ
967 1376 1195 1455 κτίσει
1229 1376 1581 1473 ποικίλον,
1616 1372 1663 1475 ἢ
1714 1379 1819 1482 τῷ
1866 1372 2153 1482 ἑκάστω
2201 1372 2617 1476 πρεπόντως
2668 1373 3046 1471 ἀπονέμειν

644 1557 689 1595 ,,
720 1495 854 1598 τὴν
890 1496 1135 1605 δόξαν,
1172 1501 1323 1579 ἐπεὶ
1374 1498 1561 1578 κατά
1604 1532 1768 1579 τινα
1802 1497 2074 1601 τρόπον
2111 1498 2309 1597 ἡμεῖς
2347 1496 2684 1599 ἀγγέλων
2717 1495 3045 1595 ἠλαττώ-

644 1682 687 1719 ,,
722 1627 929 1722 μεθα,
987 1623 1217 1702 καίτοι
1272 1623 1544 1703 δίκαιον
1599 1619 1778 1702 εἶναι
1827 1623 2353 1724 ὁμολογοῦντες
2406 1619 2534 1700 τὸν
2571 1617 2786 1701 Θεόν·
2870 1618 3045 1724 ὅπερ
3075 1653 3143 1694 10

644 1804 690 1842 ‚‚
728 1745 855 1824 οὖν
909 1746 1109 1846 ἡμεῖς
1165 1745 1349 1850 πρὸς
1407 1742 1796 1847 ἀγγέλους,
1861 1754 2075 1826 τοῦτο
2136 1748 2254 1826 καὶ
2312 1745 2615 1846 ἄγγελοι
2677 1742 2859 1846 πρὸς
2916 1743 3047 1823 τὸν

577 1880 623 1946 d
646 1929 691 1968 ‚‚
728 1866 927 1949 Υἱόν·
983 1878 1503 1975 παραχωροῦσι
1541 1869 1616 1950 δὲ
1655 1872 1751 1955 ὡς
1785 1870 2095 1970 ἀμείνονι
2133 1867 2370 1950 καὶτὸ
2406 1871 2482 1948 ἐν
2515 1865 2834 1969 μείζοσιν
2869 1863 3048 1947 εἶναι

644 2053 692 2092 ,,
726 1999 983 2090 τιμαῖς,
1021 1990 1066 2094 ἢ
1104 1997 1179 2073 ἐν
1215 1990 1478 2097 αἶσπέρ
1516 1999 1701 2073 εἰσιν
1740 1992 2012 2073 αὑτοί.”

755 2118 1000 2216 Ἀλλ’,
1025 2114 1084 2196 ὦ
1119 2116 1486 2212 βέλτιστε·
1525 2115 1754 2197 πάλιν
1782 2119 2076 2219 ἐροῦμεν
2102 2112 2230 2196 τὸν
2266 2118 2508 2217 ἀμαθῆ
2547 2118 3046 2200 δυσωποῦντες

647 2241 1022 2344 αἱρετικόν·
1081 2248 1141 2321 εἶ
1180 2246 1296 2321 καὶ
1333 2246 1460 2340 τῆς
1505 2248 1652 2321 τῶν
1689 2239 2028 2342 ἀγγέλων
2065 2240 2283 2347 δόξης
2326 2238 2860 2347 ἀφεστήκαμεν,
2899 2243 3045 2320 ἐπεὶ
3078 2269 3142 2326 15

645 2368 764 2444 καὶ
812 2369 942 2465 τῆς
988 2365 1292 2465 ἐνούσης
1340 2366 1579 2448 αὐτοῖς
1627 2364 1990 2458 εὐσεβείας
2029 2362 2424 2463 ἡττώμεθα,
2462 2366 2579 2443 καὶ
2631 2369 2688 2442 εἱ
2736 2363 2935 2444 πολύ
2977 2399 3048 2443 τι

646 2487 733 2568 τὸ
769 2490 845 2568 ἐν
870 2493 961 2595 τῇ
999 2489 1231 2568 κτίσει
1265 2489 1599 2570 ποικίλον
1627 2490 1746 2568 καὶ
1779 2487 2395 2592 παρηλλαγμένον
2421 2487 2539 2567 καὶ
2574 2495 3050 2568 πλεονεκτοῦν

646 2616 725 2693 ἐν
778 2621 1032 2712 τιμαῖς,
1089 2612 1248 2714 ἤτοι
1310 2611 1929 2713 μειονεκτοῦμενον
1987 2611 2171 2693 κατὰ
2235 2610 2368 2712 τὴν
2421 2620 2550 2692 τοῦ
2610 2611 3049 2713 ποιήσαντος

648 2737 1035 2840 βούλησιν,
1073 2735 1276 2817 ἀλλά
1323 2771 1409 2840 γε
1455 2743 1601 2821 τοῖς
1639 2743 1871 2817 πᾶσιν
1903 2734 1988 2817 τὸ
2024 2736 2350 2816 ἐκτίσθαι
2385 2733 2642 2831 κοινὸν,
2681 2737 2798 2815 καὶ
2846 2734 3051 2815 οὐδὲν

649 2862 841 2946 ὅλως
890 2865 967 2943 ἐν
1001 2860 1277 2946 τούτοις
1325 2858 1411 2942 τὸ
1461 2861 1699 2964 ἕτερον
1737 2862 2163 2964 ὑπερτεροῦν
2199 2856 2245 2960 ἢ
2295 2857 2742 2959 λειπόμενον.
2819 2861 3044 2963 προῦ-
3077 2897 3146 2936 20

648 3022 801 3091 χειν
835 2987 968 3086 μὲν
1003 2987 1147 3090 γὰρ
1183 2985 1259 3067 ἕν
1294 3020 1372 3067 τε
1408 2991 1579 3091 τιμῇ
1616 2988 1734 3065 καὶ
1769 2981 1949 3091 δόξῃ
1985 2991 2114 3063 τοῦ
2150 2982 2533 3087 ἀνθρώπου
2567 2981 2696 3062 τὸν
2730 2981 3052 3085 ἄγγελον

587 3142 623 3186 e
651 3106 1075 3209 θαυμαστὸν
1125 3109 1348 3209 οὐδὲν,
1394 3107 1443 3210 ἢ
1499 3111 1617 3189 καὶ
1672 3116 1801 3188 τοῦ
1856 3103 2185 3209 ἀγγέλου
2238 3105 2365 3187 τὸν
2414 3104 2900 3210 ἀρχάγγελον·
2964 3106 3051 3186 τὸ

650 3231 882 3334 γεμὴν
937 3238 1033 3317 εἷς
1087 3240 1215 3312 τοῦ
1269 3231 1362 3311 τὰ
1414 3232 1655 3314 πάντα
1707 3227 2179 3334 πεποιηκότος
2234 3230 2640 3325 ἀναβαίνειν
2695 3229 3053 3311 δύνασθαι

652 3353 878 3461 δόξαν
943 3356 1169 3435 οὐδενὶ
1233 3361 1381 3434 τῶν
1436 3355 1856 3454 κτισμάτων
1910 3353 2195 3459 προσὸν
2252 3353 2672 3457 εὑρήσομεν·
2759 3354 2844 3432 οὐ
2905 3350 3053 3456 γὰρ

651 3478 859 3557 ἔσται
895 3510 966 3559 τι
1006 3485 1152 3558 τῶν
1187 3476 1594 3581 γεγονότων
1633 3479 1854 3584 φύσει
1888 3477 2095 3577 Θεὸς,
2133 3478 2287 3557 οὐδ’
2329 3477 2658 3577 ἰσότιμον
2693 3476 2902 3557 ἔσται
2946 3483 3054 3585 τῷ
3082 3512 3154 3573 25

653 3598 1003 3708 Δεοπότῃ
1057 3599 1140 3682 τὸ
1197 3607 1482 3700 δοῦλον,
1532 3599 1883 3705 σύνεδρόν
1927 3636 2002 3681 τε
2059 3604 2178 3681 καὶ
2231 3608 2782 3700 συμβασιλεῦον
2828 3601 3049 3707 αὐτῷ.

649 3733 861 3807 ποῖον
916 3728 1042 3807 οὖν
1096 3727 1237 3831 ἄρα
1300 3726 1566 3829 μέτρον
1621 3724 1829 3805 ἔσται
1887 3729 2096 3824 τιμῆς
2161 3732 2264 3834 τῷ
2321 3728 2477 3833 Υἱῷ
2540 3729 2817 3831 γενητῷ
2881 3727 3053 3805 καθ’

649 3851 834 3948 ὑμᾶς
899 3849 1073 3950 ὅντι,
1129 3852 1248 3930 καὶ
1311 3852 1390 3930 ἐκ
1461 3858 1592 3929 τοῦ
1659 3849 1943 3948 κόσμου
2008 3857 2137 3928 τοῦ
2197 3857 2455 3949 νοητοῦ
2519 3845 2603 3929 τὸ
2668 3847 3059 3952 θεοπρεπὲς

647 3972 977 4081 ἀξίωμας
1034 3981 1191 4061 πῶς
1237 3973 1314 4056 δὲ
1364 3979 1462 4060 εἷς
1497 3970 1631 4074 τὴν
1667 3973 1891 4073 αὐτὴν
1924 3975 2433 4076 ἀναδραμεῖται
2469 3970 2694 4080 δόξαν
2729 3978 2833 4080 τῷ
2869 3970 3060 4051 κατὰ

648 4096 879 4203 φύσιν
935 4103 1104 4206 Θεῷ
1167 4096 1252 4179 τὸ
1311 4105 1459 4183 τοῖς
1519 4099 1919 4198 κτίσμασιν
1973 4094 2329 4200 ὁμογενὲς,
2386 4098 2614 4177 καίτοι
2676 4104 2806 4176 τοῦ
2861 4101 3058 4177 Θεοῦ
3084 4126 3164 4184 30

725 4316 773 4355 1.
807 4300 949 4373 λέγω
977 4301 1044 4356 Β.
1066 4302 1135 4356 λ’
1168 4325 1240 4357 ων
1264 4301 1447 4357 Holst.
1474 4301 1578 4357 Ed.
1674 4300 2034 4370 ἀντιπαραθεὶς
2060 4299 2125 4353 Β.
2152 4298 2444 4370 ἀντιπαρεὶς
2472 4298 2571 4355 Ht,
2598 4297 2704 4353 Ed.
2849 4313 2901 4351 2.
2932 4295 3057 4351 τοῦ-

649 4369 769 4443 του]
796 4372 857 4426 τὸ
879 4372 1066 4428 τούτου
1150 4380 1192 4428 t.
1221 4371 1323 4428 Ed.
1470 4385 1518 4444 7.
1542 4369 1629 4445 τὸ]
1652 4374 1743 4427 τὸν
1762 4371 1971 4442 Migne.
2114 4386 2273 4442 9-11.
2298 4369 2752 4452 ἀγγέλων-ἡμεῖς
2775 4385 2883 4422 om.
2903 4367 3056 4422 Aub.

652 4458 734 4497 12.
772 4442 965 4511 μείζονι
992 4443 1056 4497 B.
1080 4443 1382 4499 emendavit
1410 4443 1509 4499 Ht.
1673 4460 1759 4497 22.
1799 4442 2100 4508 θαυμαστὸν
2123 4440 2272 4495 οὐδὲν
2295 4440 2382 4495 hle
2407 4448 2681 4510 expuunt,
2706 4446 2829 4510 post
2852 4439 3057 4510 ἀρχάγ-

644 4516 805 4584 γελον
826 4513 1011 4568 intulit
1036 4513 1102 4569 B.
1292 4532 1299 4537 ·
1387 4528 1475 4586 ²7·
1511 4512 1604 4570 οὖν
1626 4530 1733 4568 ass.
1760 4530 1824 4567 ex
1855 4512 1901 4567 B
1928 4529 2040 4583 mg.
2141 4514 2339 4636 Βενητῷ
2365 4510 2664 4565 emendavi.
2690 4511 2917 4583 ’γεννητῷ
2944 4508 3056 4565 Ed.

647 4583 735 4639 28.
771 4583 902 4655 ὑμᾶς
926 4583 994 4639 Β.
1021 4583 1150 4654 ἡμᾶς
1177 4583 1276 4640 Ht.
1304 4583 1408 4641 Ed.
1627 4599 1714 4655 29.
1750 4582 2118 4654 ἀναδραμεῖται
2197 4623 2212 4637 .
2237 4582 2521 4655 ἀναδράμοι
2544 4603 2602 4636 τε
2629 4581 2728 4637 Ht.
2757 4579 2859 4636 Ed.

3215 2764 3226 2875 Ι
