3238 5158
615 286 748 350 404
1222 286 1302 351 Β.
1349 284 1775 353 CYRILLI
1835 283 2418 352 ALEXANDR.
2713 281 2860 346 xiv.
2893 298 3057 366 2‚3.

283 442 368 495 Ε“·
396 445 520 498 Μ’·
548 456 591 519 b
616 447 819 550 ἀήθει
873 448 1246 554 πράγματι
1299 455 1684 558 μονονουχὶ
1727 452 2280 556 τεθορυβημένω
2324 448 2545 603 φασί
2554 458 2599 496 “
2626 447 2772 530 Τίς
2821 443 3060 529 οὗτος

617 574 739 654 “ὀ
771 573 1354 679 παραγενόμενος
1388 575 1478 683 ἐξ
1509 576 1804 675 Εδῶμ·
1784 637 1806 674 ,
1810 578 1852 604 ”
1904 574 2300 676 τουτέστιν,
2338 578 2417 656 ἐκ
2450 576 2613 676 γῆς·
2677 570 2868 650 ἀλλ
2913 569 3056 649 οὐκ

614 699 997 780 ἀδίδακτον
1030 703 1159 800 τῆς
1196 709 1324 781 τοῦ
1361 706 1557 781 Θεοῦ
1595 736 1713 780 και
1755 699 2046 805 Πατρὸς
2081 697 2536 807 ἀξιαγάοτου
2570 694 2858 800 σοφίας
2905 689 3056 792 τὴν

613 820 761 902 ἀνω
816 820 1107 923 πληθὺν
1156 826 1391 932 ἀφῆκε
1446 822 1530 905 τὸ
1590 830 1910 925 Πνεῦμα,
1957 821 2389 906 διεκελεύετο
2443 820 2520 902 δὲ
2573 826 2882 919 μᾶλλον
2941 820 3057 900 ὥς

611 949 922 1038 βασιλεῖ
968 952 1085 1027 καὶ
1140 956 1287 1029 τῶν
1341 949 1540 1030 ὅλων
1592 947 1944 1054 Δεοπόη]
1999 946 2129 1032 τὰς
2184 947 2554 1051 οὐρανίους·
2605 941 3050 1045 ἀνοιγνύναι
3075 962 3114 1022 5

279 1064 519 1114 P⁰·¹¹ffi·
612 1068 852 1156 πύλας
910 1073 1340 1178 ἀναφωνοῦν
1395 1085 1439 1123 “
1469 1070 1749 1176 Ἀρατε
1805 1073 2047 1159 πύλας
2100 1078 2169 1154 οἱ
2223 1073 2565 1178 ἄρχοντες
2621 1070 2848 1166 ὑμῶν,
2913 1067 3050 1146 καὶ

613 1205 657 1243 “
691 1195 1047 1299 ε’πάρθητε
1090 1195 1318 1278 πύλαι
1363 1198 1652 1297 αἰώνιοι,
1690 1200 1807 1278 καὶ
1858 1198 2344 1278 εἰσελεύσεται
2396 1196 2435 1275 5
2483 1187 2845 1291 βασιλεὺς
2899 1193 3047 1290 τῆς·

613 1330 655 1369 “
693 1319 979 1428 δόξης.”
1050 1322 1436 1402 ἐνεκαίνισε
1487 1324 1725 1403 τοίνυν
1771 1323 1940 1422 ἡμῖν
1985 1323 2026 1402 5
2076 1323 2371 1474 Κύρηιος
2397 1321 2601 1420 ἡμῶν
2633 1315 2940 1417 Ἰησοῦς
2991 1315 3041 1393 5

276 1441 411 1493 Heb.
437 1458 486 1493 ¹·
611 1445 941 1549 Χριστὸς
967 1456 1012 1494 “
1036 1444 1205 1527 ὁδον
1239 1444 1681 1552 πρόσφατον
1717 1482 1835 1527 και
1873 1446 2176 1550 ζῶσαν,”
2204 1449 2302 1530 ὡς
2339 1446 2380 1525 5
2419 1439 2720 1525 Παῦλός
2757 1448 3037 1546 φησιν,

276 1584 376 1633 lb?
362 1598 521 1646 1¹·24·
551 1605 586 1648 ο
610 1571 739 1652 οὐκ
798 1577 966 1655 “εις
1031 1571 1491 1678 χειροποίητα
1555 1568 1729 1672 ἅγια
1794 1567 2169 1669 εισελθων,
2227 1570 2398 1648 ἀλλ’
2459 1573 2553 1652 εἷς
2611 1563 2832 1646 αὐτὸν
2893 1563 3035 1645 τὸν
3062 1599 3135 1641 ιο

610 1704 656 1742 “
691 1692 1016 1797 οὐρανὸν,
1064 1703 1192 1776 νῦν
1239 1695 1776 1802 ἐμφανισθῆναι
1833 1697 1936 1802 τῷ
1989 1694 2368 1803 προσώπῳ
2415 1700 2543 1773 τοῦ
2590 1697 2783 1772 Θεοῦ
2835 1688 3035 1794 ὑπὲρ

611 1828 655 1865 “
693 1818 965 1916 ἡμῶν.”
1024 1819 1108 1898 οὐ
1143 1819 1290 1921 γὰρ
1326 1818 1578 1899 ἑαυτὸν
1615 1819 2040 1925 ἐμφανίσων
2075 1825 2180 1927 τῷ
2224 1818 2604 1924 προσώπῳ
2650 1823 2782 1895 τοῦ
2819 1819 3034 1895 Θεοῦ

609 1944 728 2020 καὶ
786 1940 1080 2045 Πατρός
1133 1942 1582 2043 ἀναβέβηκεν
1638 1945 1679 2023 5
1735 1940 2084 2047 Χριστός·
2163 1940 2255 2043 ἦν
2308 1941 2452 2045 γὰρ
2507 1943 2625 2021 καὶ
2678 1937 2839 2019 ἔστι
2902 1942 3032 2019 καὶ

612 2063 818 2143 ἔσται
882 2063 998 2144 διὰ
1064 2062 1336 2150 παντὸς
1397 2068 1473 2146 ἐν
1528 2070 1792 2171 Πατρὶ,
1850 2070 1969 2149 καὶ
2033 2070 2110 2148 ε’ν
2164 2068 2576 2174 ὀφθαλμοῖς
2638 2070 2767 2144 τοῦ
2832 2065 3030 2143 ἰδίου

273 2199 468 2328 ξὲἷνὲο
611 2186 1053 2291 γεννήτορος,
1119 2188 1330 2274 αὐτὸς
1403 2190 1548 2296 γάρ
1621 2194 1842 2291 ἐστιν,
1906 2189 1966 2300 ᾧ
2030 2193 2460 2346 προσχαίρει
2524 2188 2642 2270 διὰ
2705 2185 3017 2273 παντός·
3053 2226 3122 2286 15

470 2302 482 2315 ’
610 2310 831 2412 ἀνέβη
869 2312 945 2393 δὲ
984 2322 1113 2395 νῦν
1148 2317 1244 2397 ὡς
1282 2314 1661 2418 ἅνθρωπος
1708 2312 2088 2417 ἀσυνήθως
2137 2350 2216 2396 τε
2265 2318 2383 2395 καὶ
2432 2314 2653 2421 ξένως
2694 2315 3012 2417 ἐμφανι-

608 2440 876 2536 σθῆναι
931 2439 972 2516 5
1026 2436 1260 2519 πάλαι
1309 2438 1583 2542 γυμνὸς
1632 2440 2182 2544 ἀνθρωπότητος
2221 2438 2489 2543 Λόγος.
2571 2439 2656 2519 δι’
2699 2437 2888 2536 ἡμᾶς
2939 2435 3020 2517 δὲ

608 2567 822 2641 τοῦτο
887 2563 1004 2643 καὶ
1070 2559 1250 2666 ὑπὲρ
1311 2564 1534 2664 ἡμῶν,
1590 2564 1707 2645 ἵνα
1772 2569 1890 2645 καὶ
1948 2567 2044 2650 ὡς
2104 2564 2479 2668 ἄνθρωπος
2536 2562 2855 2664 εὑρεθεὶς,
2917 2562 3018 2646 ὦς

272 2685 357 2801 ΞΘ·
383 2685 480 2737 ⁰³⁸·
540 2688 585 2753 d
608 2686 856 2772 Yibc’
819 2723 896 2768 εν
932 2686 1225 2788 δυνάμει
1270 2693 1389 2769 καὶ
1437 2688 1622 2788 μετὰ
1659 2688 1933 2794 σαρκὸς
1969 2690 2289 2774 ἀκούσας
2324 2685 2640 2769 καθόλου
2679 2697 2725 2734 “
2754 2684 3016 2767 Κάθου

631 2813 766 2891 (ἐκ
821 2811 1078 2919 δεξιῶν
1128 2814 1328 2911 μου,”
1369 2817 1498 2913 τῆς
1554 2813 1917 2898 υἱοθεσίας
1971 2810 2103 2915 τὴν
2145 2812 2369 2920 δόξαν
2414 2811 2567 2919 ὅλῳ
2622 2811 2711 2891 δι’
2750 2813 3012 2892 ἑαυτοῦ
3041 2845 3112 2886 20

601 2937 1062 3044 παραπέμψῃ
1112 2943 1214 3044 τῷ
1260 2938 1471 3038 γένει·
1535 2935 1633 3021 εἷς
1668 2937 1813 3042 γάρ
1848 2940 2053 3018 ἐστιν
2088 2938 2247 3046 ἐξ
2205 2944 2426 3038 ημῶν,
2465 2934 2644 3016 καθὸ
2688 2936 3014 3043 πέφηνεν

603 3063 1003 3162 ανθρωπος,
1060 3064 1139 3142 ἐκ
1206 3060 1462 3168 δεξιῶν
1518 3069 1646 3141 τοῦ
1712 3067 1905 3143 Θεοῦ
1968 3097 2086 3143 και
2144 3061 2457 3164 Πατρὸς,
2522 3066 2583 3141 εἰ
2647 3095 2767 3140 και
2829 3058 3010 3164 ὑπερ

603 3185 859 3266 πᾶσάν
901 3187 1104 3266 ἐστιν
1143 3186 1277 3286 τὴν
1322 3184 1584 3285 κτίσιν,
1623 3188 1743 3266 καὶ
1797 3187 2180 3287 ὃμοούσιος
2233 3191 2337 3294 τῷ
2392 3187 2545 3294 ιδίῳ
2598 3183 3004 3287 γεννήτορι,

606 3306 784 3389 καθὸ
842 3309 1161 3416 πέφηνεν
1205 3310 1295 3418 ἐξ
1342 3311 1561 3390 αὐτοῦ
1616 3310 1804 3395 Θεὸς
1859 3313 1937 3391 ἐκ
1993 3316 2187 3392 Θεοῦ
2243 3313 2361 3392 καὶ
2416 3316 2575 3416 φῶς
2630 3312 2709 3389 ἐκ
2763 3306 3010 3416 φωτὸς

607 3430 793 3511 κατὰ
827 3433 1197 3533 ἀλήθειαν.
1272 3434 1712 3540 ἐνεφανίσθη
1748 3435 2008 3535 τοίνυν,
2047 3439 2144 3520 ὡς
2179 3435 2556 3540 ἄνθρωπος
2592 3432 2768 3538 ὑπὲρ
2804 3433 3006 3533 ἡμῶν
3031 3468 3103 3528 ²5

547 3585 584 3628 e
609 3561 711 3662 τῷ
761 3558 1023 3659 Πατρὶ,
1058 3556 1177 3636 ἵνα
1224 3556 1413 3655 ἡμᾶς
1461 3558 1628 3644 τοὺς
1674 3561 1753 3640 ἐκ
1806 3560 2210 3664 προσώπου
2263 3558 2653 3663 γεγονότας
2707 3555 2829 3637 διὰ
2873 3556 3004 3659 τὴν

606 3680 913 3785 ἀρχαίαν
974 3680 1425 3782 παράβασιν,
1484 3681 1736 3790 στήσῃ
1809 3683 2036 3765 πάλιν
2109 3688 2207 3768 ὡς
2280 3686 2355 3763 ἐν
2426 3682 2807 3791 προσώπῳ
2875 3690 3004 3763 τοῦ

608 3802 932 3909 Πατρός·
994 3801 1383 3904 κεκάθικεν,
1419 3808 1516 3890 ὡς
1551 3804 1751 3906 Υἱὸς,
1788 3808 1906 3888 ἵνα
1953 3811 2071 3890 καὶ
2118 3809 2317 3909 ἡμεῖς
2352 3811 2448 3892 ὦς
2486 3811 2621 3888 υἱοὶ
2659 3805 2746 3888 δι’
2784 3808 3004 3888 αὐτοῦ

605 3931 1167 4034 χρηματίσωμεν
1202 3932 1319 4011 καὶ
1352 3927 1568 4011 τέκνα
1604 3936 1823 4013 Θεοῦ.
1899 3930 2125 4014 διάτοι
2170 3940 2383 4014 τοῦτο
2416 3936 2539 4034 καὶ
2586 3936 2627 4013 5
2669 3937 2998 4033 Παῦλος,

268 4036 437 4165 ἔξω,
605 4054 645 4132 5
682 4051 808 4132 τὸν
846 4053 1180 4156 Χριστὸν
1215 4054 1400 4159 ἔχειν
1435 4057 1511 4135 ἐν
1547 4056 1776 4162 ἑαυτῷ
1820 4066 2193 4138 λαλοῦντα
2229 4057 2763 4158 διατεινόμενος,
2798 4055 3002 4138 κοινὰ
3024 4087 3095 4146 3ο

604 4183 694 4282 τῇ
769 4177 991 4282 φύσει
1063 4185 1154 4284 τῇ
1225 4180 1634 4287 ἀνθρωπεία
1704 4178 1798 4260 τὰ
1870 4186 1966 4266 εἰς
2040 4181 2258 4263 αὑτὸν
2331 4186 2567 4267 ὶδικῶς
2650 4181 3001 4284 γεγονότα

673 4456 724 4510 6.
762 4458 811 4510 οἱ
833 4457 1081 4546 ἄρχοντες
1104 4476 1212 4514 om.
1239 4459 1303 4514 E.
1483 4461 1535 4514 8.
1572 4462 1602 4514 ὁ
1626 4461 1719 4515 alt.
1744 4472 2084 4534 assumptum
2109 4481 2174 4517 ex
2202 4462 2265 4518 E.
2448 4480 2536 4519 21.
2573 4463 2632 4533 ἐξ
2655 4481 2765 4519 om.
2794 4464 2996 4536 Migne.

602 4543 792 4595 21-24.
833 4529 880 4582 A
904 4527 1136 4601 πέφηνεν
1158 4529 1227 4584 ad
1250 4529 1483 4601 πέφηνεν
1506 4532 1736 4587 transilit
1762 4531 1827 4587 E.
2043 4533 2129 4588 26.
2167 4533 2228 4589 ἵν’
2256 4533 2320 4589 Ε.
