3238 5158
255 345 389 410 xiii.
419 366 520 415 21.
825 350 940 414 IN
1000 350 1069 414 s,
1117 305 1633 416 JOANNlssM.
1724 351 1918 417 LIB.
1969 352 2088 417 1x.
2524 351 2655 415 363

260 519 452 590 νοῦν.
530 517 683 596 πῶς
719 511 863 617 γὰρ
898 514 990 592 ἅν
1023 549 1094 594 τι
1130 519 1250 595 καὶ
1286 514 1572 621 φράσαι
1606 521 1899 624 σαφῶς,
1942 514 1984 596 ὃ
2028 517 2146 596 καὶ
2191 495 2420 615 αὐτὴν
2449 516 2654 614 ἡμῶν

257 635 720 740 ὑπερανίσχει
769 636 902 736 τὴν
937 638 1255 736 ἔννοιαν,
1316 631 1428 719 δεῖ
1466 647 1848 743 τοιγαροῦν
1884 640 2090 739 ἡμᾶς,
2127 637 2454 742 καθάπερ
2493 636 2652 718 τινὰ

257 756 487 837 τύπόν
520 765 666 840 τῶν
709 761 1084 862 νοημάτων
1128 761 1263 861 τὴν
1311 768 1458 843 τῶν
1507 765 1977 866 ἀνθρωπίνων
2024 761 2366 869 ῥημάτων
2414 761 2653 866 παχύ-

257 916 439 984 τητα
489 886 930 990 δεχομένους,
966 885 1075 967 ἐπ’
1115 885 1296 966 αὐτὰ
1341 893 1733 990 πειράσθω
1787 887 2120 991 βαδίζειν,
2159 886 2344 968 κατά
2391 921 2473 990 γε
2525 884 2653 966 τὸν
2677 892 2722 959 b

189 1032 228 1094 5
255 1006 711 1111 ἐγχωροῦντα
756 1007 1046 1111 τρόπον,
1082 1009 1176 1089 τὰ
1209 1015 1338 1109 τῆς
1371 1008 1705 1110 θεότητος
1740 1009 1904 1092 ἴδια.
2005 1011 2234 1092 δεινὸν
2271 1019 2654 1113 τοιγαροῦν

258 1137 357 1214 εἶς
400 1130 741 1236 ἐλέγχους
789 1132 874 1213 τὸ
927 1140 1137 1231 θεῖον,
1176 1136 1292 1213 καὶ
1341 1131 1629 1243 ἀκράτῳ
1676 1136 2156 1242 μισοπονηρίᾳ
2207 1133 2648 1233 κινούμενον,

259 1256 424 1334 καθ’
468 1252 569 1334 ὧν
602 1254 694 1334 ἂν
729 1265 940 1337 τοῦτο
975 1259 1314 1358 γενέσθαι
1365 1258 1623 1360 πρέποι
1675 1257 1914 1366 ψήφῳ
1965 1265 2055 1364 τῇ
2102 1258 2270 1362 παρ’
2311 1261 2556 1357 αὐτοῦ,
2596 1263 2656 1339 εἶ

260 1381 378 1458 καὶ
424 1376 598 1482 ὑπὲρ
647 1379 876 1483 λόγον
911 1381 1327 1487 άνεξικακεῖ.
1391 1380 1565 1461 ὅταν
1600 1382 1727 1463 οὖν
1764 1383 1807 1481 ἡ
1846 1382 2000 1462 θεία
2035 1381 2288 1489 γραφὴ
2325 1416 2650 1484 καταση-

257 1507 477 1602 μῆναι
531 1504 885 1604 βούληται
940 1505 1024 1585 τὸ
1081 1505 1263 1584 κατὰ
1318 1512 1464 1584 τῶν
1507 1505 2070 1600 δυσσεβούντων
2116 1510 2324 1586 οἱονεὶ
2378 1508 2658 1605 κίνημα,

146 1665 231 1703 ιο
260 1627 490 1707 πάλιν
523 1630 601 1707 ἐκ
652 1634 800 1708 τῶν
842 1631 1007 1709 καθ’
1046 1630 1234 1729 ἡμᾶς
1286 1627 1794 1728 λαμβάνουσα,
1831 1632 1949 1710 καὶ
1995 1638 2144 1714 τοῖς
2192 1629 2661 1732 ἀνθρωπίνοις

258 1754 829 1855 άποχρησαμένη
891 1752 1233 1857 ῥήμασιν,
1290 1750 1515 1855 ὀργὴν
1573 1754 1898 1858 ὀνομάζει
1954 1756 2070 1833 καὶ
2127 1752 2376 1853 θυμὸν,
2434 1754 2661 1834 καίτοι

258 1880 389 1974 τῆς
426 1878 617 1961 θείας
652 1876 902 1962 οὐσίας
939 1879 1057 1956 καὶ
1095 1878 1260 1956 καθ’
1301 1876 1687 1977 ὁμοιότητα
1736 1875 1868 1977 τὴν
1906 1878 2108 1978 ἡμῶν
2141 1884 2288 1959 τῶν
2321 1876 2660 1957 τοιούτων

257 2004 516 2079 παθῶν
563 1999 1055 2100 ὑπομενούσης
1110 1998 1334 2098 οὐδὲν,
1371 2001 1783 2102 κινουμένης
1839 2000 1915 2083 δὲ
1968 1998 2191 2102 μόνον
2233 2006 2330 2086 εἶς
2379 1998 2652 2101 ἀγανά-
2683 2037 2720 2081 ο

260 2156 541 2221 κτησιν,
580 2126 676 2207 ὡς
726 2120 880 2205 οἶδε’
919 2158 995 2203 τε
1048 2127 1167 2204 καὶ
1210 2125 1529 2232 πέφὺκεν
1566 2124 1768 2226 αὐτή·
1832 2132 2207 2210 παντελῶς
2242 2123 2386 2227 γὰρ
2422 2124 2652 2229 ἀπόῤ-

151 2278 232 2337 15
258 2250 443 2351 ῥητα
498 2247 593 2326 τὰ
645 2251 804 2352 περὶ
861 2254 1076 2329 Θεοῦ·
1142 2249 1288 2329 ἀπὸ
1344 2246 1420 2329 δὲ
1474 2256 1621 2329 τῶν
1673 2250 2032 2354 ἡμετέρων
2080 2252 2293 2347 ε’θῶν,
2337 2247 2661 2351 καθάπερ

260 2371 520 2473 ἀρτίως
567 2369 961 2474 εἶρήκαμεν,
998 2370 1091 2451 τὰ
1148 2371 1322 2475 ὑπὲρ
1377 2374 1566 2474 ἡμᾶς
1614 2373 2108 2481 καταγράφειν
2149 2374 2308 2458 ἔθος
2362 2378 2454 2480 τῇ
2507 2372 2665 2479 θείᾳ

260 2500 542 2600 γραφῇ.
619 2493 1040 2607 τεταράχθαι
1094 2502 1480 2602 τοιγαροῦν
1527 2497 1834 2579 κάνθάδε
1891 2503 2125 2604 φησὶν
2175 2501 2216 2578 ὀ
2273 2496 2664 2581 θεσπέσιος

264 2617 823 2721 Εὐαγγελιστὴς
872 2618 1000 2700 τὸν
1035 2619 1371 2723 Χριστὸν
1406 2631 1502 2730 τῷ
1552 2622 1912 2728 πνεύματι,
1951 2621 2035 2703 τὸ
2085 2620 2490 2720 μισόκακον
2534 2628 2665 2701 τοῦ

269 2742 692 2841 Πνεύματος
726 2743 989 2845 κίνημα
1024 2743 1352 2849 ταραχὴν
1390 2745 1782 2845 ὀνομάσας·
1840 2747 1923 2826 οὐ
1957 2745 2101 2847 γὰρ
2138 2742 2251 2844 ἦν,
2289 2747 2386 2829 ὡς
2424 2741 2664 2841 ἔοικεν,

150 2905 237 2946 20
265 2865 519 2970 ἑτέρως
554 2872 793 2948 εἰπεῖν.
874 2865 1058 2951 εἰκὸς
1097 2866 1173 2949 δὲ
1212 2866 1445 2969 δήπου
1494 2870 1613 2949 καὶ
1657 2868 1793 2968 τὴν
1827 2873 1956 2969 τῆς
2000 2867 2336 2967 θεότητος
2380 2866 2666 2964 κίνησιν

266 2991 396 3070 οῦκ
459 2992 896 3093 ἐνεγκοῦσαν
956 2989 1091 3092 τὴν
1146 2989 1415 3095 σάρκα,
1470 2994 1716 3097 βραχύ
1775 3028 1845 3073 τι
1910 2995 2027 3073 καὶ
2090 2991 2486 3098 ὑποφρίξαι
2545 2991 2663 3069 καὶ
2687 2994 2731 3059 d

264 3112 585 3218 θορύβου
638 3118 897 3220 σχῆμα
948 3121 1228 3213 παθεῖν,
1285 3121 1405 3196 καὶ
1463 3124 1768 3217 σημεῖον
1829 3117 2051 3221 ὀργῆς
2109 3113 2471 3222 ἐπιδεῖξαι,
2524 3147 2657 3193 κα·-

263 3237 495 3343 θάπερ
529 3240 656 3320 οὖν
692 3239 942 3339 ἀμέλει
979 3244 1097 3319 καὶ
1133 3241 1250 3320 ἐπι
1222 3238 1582 3349 Λαζάρῳ
1622 3274 2049 3345 γεγραπται,
2072 3238 2182 3320 ὅτι
2219 3249 2264 3287 “
2287 3235 2657 3341 ἐμβριμώ-

265 3376 556 3462 “μενος
591 3366 818 3472 ἑαυτῷ
856 3365 896 3443 ὁ
932 3365 1220 3464 Ἰησοῦς
1257 3369 1353 3448 εἷς
1389 3398 1474 3446 το
1511 3365 1879 3466 μνημεῖον’
1882 3362 2363 3466 ’ἐνεβάδιᾷν.
2442 3395 2660 3464 ονπερ

150 3517 237 3577 25
264 3487 409 3591 γὰρ
480 3488 754 3591 τρόπον
816 3490 894 3567 ἐν
953 3488 1241 3572 ἐκείνοις
1307 3487 1440 3588 τὴν
1509 3523 1696 3570 κατα
1759 3498 1888 3570 τοῦ
1954 3488 2269 3570 θανάτου
2342 3493 2661 3593 δριμεῖαν

263 3610 571 3711 ἀπειλὴν
606 3612 1049 3716 ἐμβρίμησιν
1083 3610 1246 3717 ἔφη,
1283 3645 1473 3691 ουτω
1508 3610 1815 3693 κάνθάδε
1851 3646 1938 3693 το
1975 3647 2160 3693 κατα
2201 3619 2330 3692 τοῦ
2380 3615 2652 3692 δυσσε-

261 3743 442 3833 βοῦς
503 3733 861 3837 προδότου
919 3735 1181 3835 κίνημα
1256 3739 1358 3844 τῷ
1421 3738 1549 3834 τῆς
1613 3741 1935 3843 ταραχῆς
2000 3735 2295 3837 ὀνόματι
2354 3738 2662 3839 κατεσή-

260 3894 536 3959 μαινεν.
618 3854 950 3968 ἐταράχθη
1007 3856 1084 3937 δὲ
1144 3857 1452 3956 εἰκότως,
1507 3863 1623 3941 ἐπὶ
1685 3868 1839 3945 ταῖς
1894 3859 2134 3940 Ἰούδα
2197 3863 2664 3964 δυστροπίαις

263 3986 716 4084 ἀγανακτῶν.
794 3983 873 4062 τί
918 3979 1063 4085 γὰρ
1119 3980 1210 4062 ἂν
1255 3981 1534 4085 γένοιτο
1591 3987 1721 4082 τῆς
1774 3984 2040 4065 ἐκείνου
2089 3987 2521 4078 δυσσεβείας
2575 3983 2661 4066 τὸ

148 4142 238 4201 30
261 4105 600 4204 ἐπέκεινα,
654 4104 757 4191 ὅς·
792 4139 878 4209 γε
937 4113 1087 4190 τοῖς
1146 4106 1404 4190 ἄλλοις
1460 4109 1539 4188 ἐν
1593 4104 1734 4215 ἴσῳ
1793 4113 2147 4209 μαθηταῖς
2205 4109 2662 4210 τετιμημένος
2686 4147 2722 4191 e

260 4265 342 4312 τε
381 4233 782 4337 ὑπερφυῶς,
821 4231 938 4309 καὶ
972 4232 1050 4310 ἐν
1086 4236 1235 4315 τοῖς
1285 4229 1710 4316 άπολέκτοις
1761 4230 2393 4335 κατατεταγμένος,
2431 4230 2661 4340 ὀλίγῳ

340 4457 424 4498 12.
461 4442 546 4496 καὶ
569 4450 908 4514 assumptum
933 4459 998 4497 ex
1024 4441 1090 4497 Ε.
1308 4459 1372 4510 14
1337 4461 1390 4510 4.
1427 4441 1511 4515 τε]
1537 4465 1616 4499 τις
1645 4443 1709 4498 E.
1929 4458 2012 4514 17.
2049 4444 2134 4497 καὶ
2153 4442 2332 4497 ἐνθάδε
2359 4441 2424 4497 Ε.
2448 4442 2663 4496 κάνθάδε

263 4513 544 4656 lggbegtss.
569 4510 803 4637 {25ng
981 4527 989 4536 '
1036 4514 1120 4568 18.
1157 4510 1314 4584 τῷ]’
1285 4535 1341 4568 εν
1363 4516 1437 4585 τῷ
1462 4531 1510 4569 c.
1540 4513 1705 4569 Cord.
2009 4530 2095 4570 21.
2133 4513 2251 4585 οὒκ]
2276 4514 2347 4583 μὴ
2372 4531 2420 4569 a.
2423 4530 2470 4568 c.
2499 4511 2665 4569 Cord

1378 4686 1563 4751 3A2

2754 3245 2918 3310 Supra

2753 3313 2822 3363 xi.
2847 3314 2928 3375 38.
