3238 5158
176 339 372 402 xv.8.
551 339 666 404 IN
728 340 798 407 S.
846 337 1363 405 JOANNEM.
1456 337 1650 402 LIB.
1699 336 1783 401 X.
1872 335 2076 402 C'AP.
2123 334 2218 399 11.
2451 333 2578 396 565

175 501 509 588 ποδαπὸς
549 503 678 584 τὸν
718 503 988 607 τρόπον
1034 505 1074 585 6
1111 501 1692 609 προσευχόμενος
1732 505 1849 583 καὶ
1899 499 2302 599 λαμβάνειν
2356 498 2583 606 ἀξιῶν

176 622 366 730 ἅπερ
396 623 490 706 ἂν
524 629 880 730 βούληται
914 631 1113 731 παρὰ
1151 634 1360 726 Θεοῦ,
1388 628 1521 729 τὴν
1548 630 1819 708 ἑαυτῶν
1845 631 1943 711 εἷς
1978 633 2191 706 τοῦτο
2232 620 2583 707 διαπλάτ-

178 784 419 850 τωμεν
473 754 863 850 πολιτείαν,
900 758 958 833 εἰ
1011 759 1245 857 τυχεῖν
1300 751 1650 857 εὐχόμεθα
1703 756 1830 850 τῆς
1886 750 2157 831 ἄνωθεν
2206 749 2579 848 εὐμενείας.

179 880 244 953 εἰ
318 872 395 954 δὲ
469 874 571 975 μὴ
638 875 912 956 σαυτὸν
972 873 1192 957 οἶσθα
1263 874 1609 980 γεγονότα
1686 882 2032 973 τοιοῦτον,
2102 877 2351 954 ὁποῖον
2414 874 2584 974 ἡμῖν

105 1026 150 1087 5
179 1000 443 1101 ἀρτίως
487 1000 846 1107 ὑπέδειξεν
892 1002 933 1080 ὁ
981 997 1324 1102 Χριστὸς,
1372 998 1474 1101 μὴ
1531 999 1883 1106 δυσφόρει
1930 997 2578 1102 παρακρουόμενος.

178 1130 243 1202 εἰ
304 1122 391 1203 δέ
445 1157 571 1204 σοι
638 1128 836 1204 δοκεῖ
895 1123 979 1203 τὸ
1045 1130 1349 1226 πρᾶγμα
1410 1120 1775 1228 φορτικὸν,
1833 1121 2434 1229 συμπαραζεύξας
2493 1129 2584 1226 τῇ

179 1247 429 1327 πίστει
467 1245 561 1328 τὰ
596 1251 674 1328 ἐκ
710 1252 837 1348 τῆς
871 1249 1356 1351 ἀγαθουργίας
1387 1249 1836 1352 καυχήματα·
1878 1255 2089 1327 τοῦτο
2124 1248 2268 1350 γάρ
2304 1250 2463 1327 ἐστι
2500 1245 2584 1328 τὸ

178 1368 422 1466 μένειν
477 1373 554 1451 ἐν
609 1377 916 1479 Χριστῷ
971 1375 1091 1451 καὶ
1140 1371 1327 1476 ἔχειν
1380 1374 1457 1452 ἐν
1520 1372 1749 1480 ἑαυτῷ
1797 1370 1959 1456 τοὺς
2017 1368 2283 1472 λόγους
2340 1374 2581 1452 αὐτοῦ·

180 1493 484 1596 πρόσιθι
555 1494 936 1594 πεποιθὼς,
993 1500 1110 1577 καὶ
1173 1493 1389 1602 λήψῃ
1449 1499 1565 1576 καὶ
1632 1495 1846 1581 αὐτὸς
1916 1503 2356 1596 μελλησμοῦ
2420 1498 2585 1600 δίχα
2610 1546 2646 1589 0

66 1658 157 1698 10
185 1618 483 1717 παντὸς,
519 1618 693 1722 ὅπερ
727 1618 819 1700 ἂν
855 1618 1159 1727 αἰτήσῃς
1192 1618 1393 1724 παρὰ
1433 1625 1656 1701 Θεοῦ.

180 1903 304 1970 Ἐν
360 1906 570 1991 τούτῳ
615 1906 944 1976 ἐδοξάσθη
1002 1909 1040 1973 ὁ
1104 1908 1336 1997 Πατήρ
1390 1930 1533 1989 μου,
1584 1907 1693 1973 ἵνα
1748 1908 1999 1996 καρπὸν
2053 1905 2261 1972 πολὺν
2315 1908 2584 1995 φέρητε,
2615 1930 2651 1988 g

852 2033 958 2098 καὶ
1014 2035 1360 2109 Γενήσεσθε
1412 2034 1562 2111 ἐμοὶ
1621 2033 1924 2111 μαθηταί.

302 2198 771 2319 Δεδοξάσθαι
808 2217 995 2318 φησὶ
1033 2214 1160 2295 τὸν
1197 2216 1448 2295 ἑαυτοῦ
1485 2215 1777 2319 Πατέρα
1815 2217 1928 2296 καὶ
1960 2213 2170 2312 Θεὸν,
2209 2216 2314 2294 ἐπ’
2355 2216 2582 2316 ἀσυγ-

187 2339 414 2442 κρίτῳ
470 2336 753 2420 δικαίως
807 2335 1340 2441 θαυμαζόμενον
1395 2338 1805 2441 ἀγαθότητι,
1864 2341 1980 2419 καὶ
2035 2343 2160 2438 τῆς
2218 2344 2312 2422 εἶς
2369 2339 2590 2441 ἄκρον

73 2488 157 2550 15
190 2458 445 2559 ἰούσης
518 2456 948 2562 ἡμερότητος
991 2460 1325 2565 ’καθάπερ
1384 2462 1544 2542 τινα
1599 2465 1970 2569 στέφανον
2044 2462 2590 2562 άναδησάμενον

187 2582 327 2685 τὴν
362 2584 750 2691 ἀπόδειξιν·
824 2596 870 2632 “
886 2584 1280 2687 Ἤγάπησε
1317 2585 1460 2690 γὰρ
1501 2588 1686 2667 οὕτω
1723 2584 1851 2667 τὸν
1887 2585 2236 2687 κόσμον,”
2277 2622 2462 2667 κατα
2506 2622 2589 2669 το
2679 2594 2854 2712 {21²¹}

190 2708 713 2811 γεγραμμένον,
749 2721 792 2755 “
820 2708 1011 2790 ὥστε
1066 2710 1193 2790 τὸν
1224 2708 1407 2789 Υἱὸν
1454 2712 1671 2791 αὐτοῦ
1725 2709 1853 2791 τὸν
1893 2714 2275 2811 Μονογενῆ
2312 2710 2590 2808 ἔδωκεν,
2616 2738 2662 2804 d

195 2843 241 2878 ‘⁶
277 2832 393 2911 ἵνα
429 2837 572 2916 πᾶς
628 2835 667 2911 ὁ
704 2831 1068 2913 πιστεύων
1103 2840 1200 2917 εἷς
1237 2832 1456 2914 αὐτὸν
1492 2833 1593 2935 μὴ
1632 2833 1993 2934 ἀπόληται
2030 2835 2199 2913 ἀλλ’
2241 2834 2369 2939 ἔχῃ
2409 2833 2593 2938 ζωὴν

194 2953 631 3034 “αἶώνιον.”
706 2955 979 3059 καρπὸς
1035 2958 1162 3037 οὖν
1220 2959 1359 3061 ἄρα
1409 2963 1536 3057 τῆς
1580 2957 2011 3061 ἡμερότητος
2060 2966 2188 3038 τοῦ
2235 2963 2427 3038 Θεοῦ
2478 2964 2594 3037 καὶ

76 3117 169 3158 20
200 3077 517 3182 Πατρὸς,
558 3080 602 3179 ἡ
647 3078 940 3161 πάντων
988 3081 1151 3185 ζωὴ,
1187 3082 1648 3186 πληρουμένη
1699 3083 2035 3183 δηλονότι
2087 3081 2205 3162 διὰ
2240 3087 2592 3184 Χριστοῦ.

196 3201 316 3284 διὰ
369 3212 582 3284 τοῦτο
638 3207 755 3284 καὶ
813 3205 1024 3290 αὐτὸς
1083 3205 1223 3312 ἔφη
1277 3240 1441 3305 που,
1479 3206 1988 3306 διαλεγόμενος
2033 3208 2129 3290 ὡς
2182 3207 2364 3309 πρὸς
2405 3204 2595 3285 Θεὸν

196 3329 314 3407 καὶ
356 3326 649 3430 Πατέρα
693 3339 738 3376 “
764 3328 961 3431 Ἐγώ
1001 3363 1090 3409 σε
1127 3329 1447 3437 ἐδόξασα
1498 3333 1613 3410 ἐπὶ
1650 3332 1778 3429 τῆς
1815 3333 1949 3430 γῆς
1987 3364 2072 3430 το
2110 3328 2322 3433 ἔργον
2357 3339 2590 3409 τελει-
2685 3341 2829 3459 ἐξ·

224 3451 483 3536 (ὦσας,
518 3487 557 3532 ο
599 3450 906 3537 δέδωκας
958 3488 1079 3553 μοι
1122 3454 1236 3534 ἵνα
1282 3454 1660 3558 πληρώσω
1698 3453 1923 3533 αὐτό.’
2018 3450 2597 3606 ἐγχειρισάμενος

198 3610 344 3680 γαρ
380 3577 581 3680 παρὰ
626 3585 754 3657 τοῦ
795 3576 1086 3680 Πατρὸς
1131 3576 1381 3682 ὥσπερ
1428 3577 1560 3677 τὴν
1606 3576 1945 3658 ἁπάντων
1995 3579 2195 3676 ἡμῶν
2232 3577 2600 3683 σωτηρίαν
2620 3616 2657 3660 e

83 3729 172 3790 25
200 3700 242 3778 6
283 3700 726 3802 Μονογενὴς,
764 3702 840 3781 εὖ
876 3700 1082 3800 μάλα
1133 3701 1622 3804 κατώρθωκεν,
1660 3703 1789 3782 οὐκ
1835 3705 1911 3782 ἐν
1962 3703 2350 3806 ὑπουργίας
2398 3700 2599 3808 τάξει

200 3829 727 3930 παραληφθεὶς,
790 3827 961 3905 ἀλλ’
1035 3828 1441 3933 αὐτοσοφία
1504 3829 1621 3905 καὶ
1684 3827 1976 3924 δύναμις
2035 3834 2161 3906 τοῦ
2225 3825 2603 3931 φύσαντος

202 3947 571 4052 ὑπάρχων,
609 3948 694 4049 ἧς
733 3951 847 4027 καὶ
886 3948 1053 4054 δίχα
1087 3950 1365 4050 γένοιτο
1401 3946 1486 4030 τὸ
1522 3947 1868 4052 παράπαν
1904 3949 2123 4030 οὐδέν.
2179 3949 2419 4030 πάντα
2455 3949 2601 4054 γὰρ

203 4070 289 4151 δι’
347 4073 589 4170 αὐτοῦ,
644 4071 829 4152 κατὰ
882 4070 1010 4153 τὸν
1054 4069 1264 4177 ἅγιον
1322 4073 1903 4176 Εὐαγγελιστὴν,
1950 4071 2319 4180 ἐξαιρέτως
2376 4071 2452 4153 δὲ
2510 4075 2601 4154 τὰ

202 4198 356 4286 καθ’
416 4197 626 4296 ἡμᾶς.
735 4203 851 4276 καὶ
918 4204 1099 4296 γοῦν,
1167 4200 1208 4276 ὁ
1273 4196 1619 4301 μακάριος
1677 4200 1946 4277 Δαυεὶδ
1997 4203 2144 4277 τῶν
2202 4195 2359 4278 καθ’
2420 4199 2603 4298 ἡμᾶς

88 4368 176 4428 30
200 4320 653 4427 πραγμάτων
716 4318 846 4421 τὴν
920 4320 1350 4418 οὶίεονομίαν,
1418 4322 1533 4400 καὶ
1608 4323 1735 4419 τῆς
1810 4319 2149 4401 ἁπάντων
2221 4320 2398 4424 ζωῆς
2471 4321 2605 4422 τὴν

2832 3424 2881 3473 4.

274 4533 321 4571 2.
348 4516 746 4581 διπλόη-ταμεν
770 4513 836 4568 Ε.
863 4512 1066 4585 Migne
1093 4513 1474 4584 διαπλάττομεν
1498 4511 1602 4566 Ed.
1955 4529 2041 4584 23.
2078 4512 2514 4585 ὅγχειρησόμενος
2539 4512 2603 4567 Ε.

202 4581 282 4642 28.
309 4607 561 4657 μακαριον
584 4603 682 4657 pro
704 4586 853 4656 ἅγιον
878 4584 942 4639 Ε.
2015 4617 2022 4622 -
