3238 5158
641 344 771 411 ⁷32
1250 340 1330 406 Β.
1377 339 1797 406 CYRILLI
1855 336 2441 403 ALEXANDR.
2613 334 2769 398 xvii.
2803 352 2910 409 20,
2937 352 3039 397 21.

639 505 827 613 χίαις
864 542 960 593 εις
995 506 1292 608 ενότητα
1324 504 1762 658 συνδρομήν.
1845 509 1962 584 καὶ
1998 506 2082 584 οὐ
2119 505 2348 604 δήπου
2379 501 2670 586 πάντως
2705 507 3032 607 φιλονει·

581 670 619 714 ο
645 629 850 732 κήσει
878 635 1027 732 τῆς
1075 634 1152 712 ἐν
1185 630 1353 730 ἡμῖν
1388 629 1676 732 ἀγάπης
1725 630 1766 708 ὁ
1812 626 2223 726 σύνδεσμος
2271 630 2387 707 καὶ
2436 631 2564 726 τῆς
2613 625 2951 723 ὁμονοίας
2996 623 3039 721 ἡ

642 756 937 854 δύναμις
999 761 1095 841 εἷς
1158 752 1244 835 τὸ
1309 756 1534 839 οὕτως
1594 752 1782 858 ἔχειν
1835 755 2437 856 ἀπαραλλάκτως,
2493 753 2591 836 ὡς
2655 748 2751 829 ἂν
2807 745 2946 827 εἷεν
2999 748 3039 826 ὁ

644 879 903 984 Πατήρ
951 913 1031 960 τε
1080 883 1197 959 καὶ
1248 880 1288 958 ὁ
1330 876 1525 975 Υἱὸς,
1561 880 1638 957 ἐν
1687 883 1778 981 τῇ
1824 881 1952 977 τῆς
1999 879 2253 960 οὐσίας
2301 875 2683 976 ταυτότητι
2737 874 2869 955 τὸν
2914 879 3040 973 τῆς

638 1002 967 1104 ἑνότητος
1003 1001 1498 1106 ἀποσώζοντες
1534 999 1830 1105 τρόπον.
1907 1003 1952 1102 ἡ
1986 1001 2119 1099 μὲν
2153 1001 2297 1104 γὰρ
2334 1006 2592 1082 νοεῖται
2636 997 2922 1107 φυσική
2964 1032 3035 1078 τε
3062 1027 3096 1086 5

639 1131 756 1208 καὶ
793 1126 1071 1228 ἀληθὴς
1106 1129 1221 1208 καὶ
1258 1127 1335 1206 ἐν
1372 1133 1476 1234 τῷ
1509 1129 1639 1226 τῆς
1678 1125 2046 1234 ὑπάρξεως
2090 1126 2295 1232 λόγῳ
2344 1124 2818 1228 θεωρουμένη·
2881 1123 2928 1223 ἡ
2965 1121 3037 1201 δὲ

639 1250 723 1333 τὸ
773 1256 901 1351 τῆς
948 1254 1262 1349 ἀληθοῦς
1313 1249 1641 1351 ἑνότητος
1691 1251 2134 1353 ὑποκρίνεται
2182 1254 2459 1354 σχῆμα.
2535 1255 2696 1334 πῶς
2749 1247 2900 1351 γὰρ
2955 1245 3039 1327 ἀν

639 1372 778 1456 εἷεν
813 1378 888 1455 ἐν
923 1375 1063 1484 ἴσῳ
1098 1381 1474 1460 παντελῶς
1509 1382 1657 1459 τοῖς
1693 1374 2121 1481 ἀρχετύποις
2155 1372 2248 1455 τὰ
2282 1375 2632 1456 ἀντίτυπα
2663 1408 2685 1471 ;
2750 1375 2904 1453 ἐπεὶ
2940 1370 3039 1472 μὴ

637 1497 901 1581 ταύτὸν
960 1506 1058 1584 εἶς
1120 1499 1375 1599 νόησιν
1444 1495 1629 1601 πρὸς
1688 1496 2036 1599 ἀλήθειαν
2099 1498 2322 1598 αὐτὴν
2384 1496 2510 1598 τὴς
2580 1496 2926 1597 ἀληθείας
2996 1496 3038 1594 ἦ

640 1622 1045 1729 μόρφωσις·
1106 1623 1276 1703 ἀλλ’
1317 1624 1394 1702 ἐν
1436 1622 1624 1707 ἰ’σοις
1671 1622 1802 1721 μὲν
1851 1624 2102 1726 ὁρᾶται
2156 1622 2516 1729 σχήμασι,
2554 1620 2921 1729 διεστήξει
2968 1621 3034 1700 δ’
3069 1656 3134 1696 10

573 1758 618 1825 d
643 1749 768 1830 οὖν
803 1748 997 1848 ὅμως
1032 1750 1160 1829 οὐκ
1193 1747 1658 1851 ἐντυχούσαις
1694 1752 2092 1854 διαφοραῖς.

742 1871 987 1953 Ὅταν
1021 1873 1146 1952 οὖν
1179 1871 1415 1965 οἴηταί
1441 1905 1549 1956 τις
1585 1877 1732 1952 τῶν
1767 1871 2200 1979 ἑτεροδόξων
2235 1869 2653 1974 ἀνατρέπειν
2688 1869 3041 1950 δύνασθαι

641 1996 774 2098 τὴν
832 1995 1015 2101 πρὸς
1074 1995 1267 2077 Θεὸν
1331 1998 1446 2075 καὶ
1509 1994 1805 2097 Πατέρα
1866 1997 2269 2097 ταυτότητα
2335 1995 2678 2103 φυσικὴν,
2733 1996 2854 2074 καὶ
2911 1995 3042 2091 τὴν

641 2123 959 2201 ε’ντεῦθεν
1000 2119 1299 2221 ἑνότητα
1354 2127 1482 2200 τοῦ
1517 2123 1720 2218 Υὶοῦ,
1758 2117 1910 2200 εἶτα
1963 2117 2147 2223 πρὸς
2201 2118 2568 2226 ἀπόδειξιν
2616 2123 2734 2198 καὶ
2787 2118 3041 2223 ὀχυρό-

640 2278 822 2342 τητα
890 2249 1018 2341 τῆς
1086 2247 1338 2325 ἑαυτοῦ
1413 2244 1860 2338 δυσβουλίας
1930 2244 2022 2324 τά
2096 2245 2264 2325 καθ’
2332 2245 2517 2344 ἡμᾶς
2589 2242 3041 2348 προσκομίζῇ
3070 2272 3136 2333 15

640 2367 877 2471 λέγων
920 2369 1218 2470 Ὥσπερ
1274 2370 1470 2469 ἡμεῖς
1521 2370 1604 2447 οὐ
1660 2373 1750 2472 τῇ
1807 2374 1953 2448 τῶν
1996 2367 2360 2468 σωμάτων
2415 2374 2511 2452 εἷς
2566 2366 2643 2448 ἓν
2699 2366 3045 2473 νοουμένῃ

638 2492 1037 2593 ταυτότητι,
1091 2491 1263 2573 ἀλλ’
1321 2490 1479 2572 οὐδὲ
1530 2491 1649 2572 διὰ
1702 2497 1832 2593 τῆς
1888 2498 1986 2576 εἰς
2046 2489 2385 2594 ἀλλήλας
2446 2489 3044 2593 ἀντανακράσεως

637 2625 786 2698 τῶν
822 2624 1109 2725 ψυχῶν,
1148 2618 1224 2697 ἕν
1268 2620 1490 2714 ἐσμεν
1534 2621 1603 2697 οἱ
1652 2615 1937 2717 πάντες,
1980 2616 2183 2698 ἀλλά
2237 2619 2494 2723 σχέσει
2552 2620 2672 2697 καὶ
2726 2617 3041 2697 διαθέσει

640 2751 732 2848 τῇ
795 2742 978 2823 κατὰ
1045 2740 1360 2844 ἀγάπην,
1417 2743 1905 2849 ταυτοβουλίᾳ
1963 2744 2081 2822 καὶ
2145 2742 2554 2823 συναινέσει
2626 2747 2716 2847 τῇ
2789 2748 2889 2825 εἶς
2960 2739 3043 2821 τὸ

583 2899 620 2943 ο
644 2865 930 2967 θέλημα
965 2874 1092 2948 τοῦ
1127 2872 1341 2964 Θεοῦ,
1378 2867 1564 2946 οὕτω
1602 2870 1720 2946 καὶ
1759 2868 1800 2945 ὁ
1837 2863 2014 2951 Υἱὸς
2051 2868 2126 2946 ἕν
2160 2869 2321 2946 ἐστι
2354 2865 2536 2970 πρὸς
2571 2864 2699 2945 τὸν
2724 2866 3040 2969 Πατέρα·
3070 2901 3141 2941 20

640 2988 1135 3095 παρωσόμεθα
1170 2988 1259 3091 δὴ
1296 2987 1583 3074 πάντως
1619 2992 1864 3091 ἀμαθῆ
1901 3025 1977 3071 τε
2016 2989 2189 3071 ὄντα
2228 2995 2347 3072 καὶ
2383 2990 2736 3071 ἀσύνετον
2762 2995 3041 3090 κομιδῆ.

641 3116 758 3194 καὶ
803 3112 921 3195 διὰ
961 3115 1177 3195 ποίαν
1211 3115 1491 3212 αἶτίαν;
1554 3116 1841 3218 ἐπείπερ
1892 3115 1977 3195 οὗ
2028 3114 2318 3199 πάντως
2368 3113 2850 3214 ἀκολουθήσει
2899 3124 3048 3200 τοῖς

642 3238 806 3320 καθ’
874 3241 1060 3340 ἡμᾶς
1124 3238 1216 3319 τὰ
1282 3223 1499 3343 ὑπὲρ.
1530 3241 1737 3339 ἡμᾶς,
1803 3239 1974 3319 ἀλλ’
2046 3239 2207 3320 οὐδὲ
2272 3240 2405 3341 τὴν
2468 3247 2615 3320 τῶν
2678 3241 3048 3340 σωμοίτων

641 3362 962 3466 ἀνάγκην
999 3364 1368 3463 ὑπομείναι
1415 3362 1499 3442 τὸ
1552 3363 1967 3461 ἀσώματον,
2005 3366 2167 3444 οὔτε
2204 3363 2348 3464 μὴν
2383 3371 2528 3448 τοῖς
2573 3365 3049 3467 ἀνθρωπίνοις

641 3487 896 3595 ἕψεται
944 3487 1038 3568 τὰ
1085 3496 1211 3568 τοῦ
1249 3493 1463 3568 Θεοῦ.
1543 3493 1603 3568 εὶ
1656 3487 1788 3584 μὲν
1824 3486 1968 3591 γάρ
2017 3486 2101 3568 τὸ
2158 3493 2464 3591 διεῖργον
2509 3487 2712 3568 οὐδὲν
2755 3484 2802 3587 ἢ
2852 3491 3039 3568 ἀπο·
3075 3517 3138 3577 25

639 3611 921 3714 μερίζὸν
972 3611 1162 3695 ὅλως
1219 3617 1316 3697 εἷς
1372 3611 1729 3717 διαφορὰν
1776 3613 1961 3711 ἡμᾶς
2014 3647 2091 3693 τε
2150 3617 2265 3691 καὶ
2313 3611 2527 3710 Θεὸν,
2565 3612 2873 3692 νοείσθω
2930 3615 3049 3692 καὶ

641 3733 806 3814 καθ’
847 3737 1031 3834 ἡμᾶς
1085 3735 1178 3815 τὰ
1229 3740 1393 3839 περὶ
1446 3741 1664 3817 Θεοῦ·
1739 3743 1798 3816 εὶ
1855 3734 1931 3815 δὲ
1987 3734 2498 3835 ἀκατάληπτόν
2543 3771 2613 3816 τι
2674 3736 2760 3816 τὸ
2814 3771 3044 3835 μεσο-

312 3873 446 3931 997
468 3873 551 3929 A·
585 3887 621 3928 a
644 3865 920 3953 λαβοῦν
977 3861 1396 3962 εὑρίσκεται,
1455 3860 1530 3941 τί
1576 3861 1670 3941 τὰ
1729 3865 1856 3959 τῆς
1920 3861 2260 3962 ἡμετέρας
2321 3859 2612 3966 φύσεως
2671 3860 3050 3960 ἡττήματα

643 3981 908 4064 κανόνα
965 3986 1082 4064 καὶ
1147 3982 1480 4084 σταθμὸν
1539 3985 1852 4087 ὁρίζουσι
1911 3990 2013 4091 τῷ
2068 3990 2258 4091 Θεῷ,
2308 3986 2384 4064 ἐκ
2434 3992 2580 4065 τῶν
2635 3984 2802 4064 καθ’
2863 3987 3047 4084 ἡμᾶς
3217 4015 3218 4074 1

642 4105 1010 4190 ἀδυνάτων
1046 4105 1387 4211 ἀνάγκαις
1436 4107 1881 4191 ὑποτιθέντες
1931 4108 2062 4208 τὴν
2100 4106 2390 4207 ἀπάσης
2437 4110 2757 4211 ἀνάγκης
2807 4109 3040 4213 κρείτ·
3072 4136 3138 4194 30

642 4265 816 4311 τονα
853 4230 1101 4339 φύσιν,
1141 4234 1383 4312 ἁλοῖεν
1421 4231 1487 4312 δ’
1528 4230 1617 4312 ἀν
1656 4233 1758 4312 ἔτι
1806 4239 2109 4334 πρᾶγμα
2155 4238 2458 4335 δρῶντες
2502 4232 2777 4313 ἄτοπόν
2812 4268 2893 4313 τε
2930 4237 3044 4312 καὶ
3217 4225 3218 4306 J

3217 4357 3218 4404 ι

718 4458 800 4498 11.
839 4440 1176 4534 ἐντυχουσαις
1201 4443 1285 4498 δια
1333 4446 1477 4512 οραῖς
1503 4443 1567 4501 Ε.
1596 4441 1913 4516 ἐντυχούσης
1929 4443 2193 4536 διαφορᾶς
2217 4444 2321 4500 Ed.
2539 4456 2623 4514 17.
2662 4445 2955 4534 ram-dmm
2979 4444 3041 4498 E.

639 4511 876 4581 ἀλλήλας
900 4513 967 4568 Ε.
990 4513 1254 4583 ἀλλήλους
1328 4513 1383 4568 d.
1764 4528 1851 4586 27.
1887 4515 1952 4570 τὰ
1979 4533 2089 4573 om.
2115 4515 2183 4572 Ε.
2569 4530 2660 4584 3ο.
2696 4513 2954 4572 ἀδύνατον
2979 4515 3040 4570 Ε.

642 4599 732 4652 31.
768 4581 981 4638 ἅλλοιεν
1005 4583 1071 4638 Ε.
3217 4589 3218 4592 ’
