3238 5158
271 302 665 390 xiii.23-26.
843 304 958 368 IN
1019 305 1085 369 S.
1135 305 1653 378 JOANNEM.
1743 308 1938 374 LIB.
1985 309 2107 375 IX.
2540 309 2668 373 865

275 466 605 547 διαπέσοι
643 466 844 553 κενὸς
880 477 1009 551 τοῦ
1050 474 1388 574 Σωτῆρος
1435 474 1476 551 6
1527 471 1774 575 λόγος,
1809 472 1894 554 τό
1930 507 2008 554 τε
2045 471 2274 576 γεμὴν
2311 478 2408 557 εἰς
2456 480 2671 554 τοῦτο

272 593 711 690 δυσσεβείας
784 594 1404 695 κατωλισθηκέναι
1476 603 1624 677 τῶν
1687 599 1764 677 ἐν
1827 603 2186 698 μαθηταῖς
2250 598 2664 699 ἀπηριθμη-

268 715 505 813 με’νων
553 716 737 816 τινὰ,
783 715 1012 797 δεινὸν
1060 720 1178 798 καὶ
1232 717 1604 827 ἀφόρητον
1654 716 1830 801 εἶναι
1885 718 2350 824 λογιζόμενοι,
2401 717 2486 799 τὸ
2540 717 2673 818 μὲν

267 839 450 920 ἰ’διον
485 839 797 922 ἑκάστου
840 841 1167 926 συνειδὸς
1216 843 1701 947 ἀνακρίνουσι,
1738 846 1855 924 καὶ
1903 851 2378 948 περιαθροῦσι
2428 846 2671 927 δεινῶς

197 985 238 1047 5
269 965 388 1044 ἐπὶ
421 966 584 1045 τίνα
621 969 749 1065 τῆς
785 966 1149 1051 ἀπωλείας
1192 967 1235 1046 6
1284 970 1553 1071 κλῆρος
1601 973 1952 1066 πεσεῖται,
1991 972 2108 1049 καὶ
2142 968 2391 1066 πόθεν,
2429 966 2475 1068 ἢ
2512 972 2669 1051 πῶς

268 1087 565 1193 ἰσχύσει
619 1097 977 1171 τοσοῦτον
1026 1090 1068 1169 6
1123 1096 1469 1189 σατανᾶς,
1505 1091 1601 1175 ὦς
1657 1092 1777 1171 καὶ
1828 1091 2065 1171 αὐτῶν
2113 1091 2467 1198 ἐκκλέψαι
2522 1096 2671 1172 τῶν

268 1213 598 1314 γνησίων
643 1210 828 1293 τινά.

251 1441 387 1511 Ἠν
442 1445 869 1523 ἀνακείμενος
924 1441 1020 1513 εἷο
1071 1447 1147 1512 ἐκ
1198 1445 1332 1512 τῶν
1385 1446 1700 1524 μαθητῶν
1755 1446 1953 1513 αὐτοῦ
2003 1447 2073 1513 ἒν
2126 1449 2222 1532 τῷ
2277 1446 2507 1530 κόλπῳ
2557 1450 2671 1511 τοῦ
2699 1459 2774 1518 23

2694 1542 2730 1584 e

360 1570 597 1652 Ἰησοῦ,
650 1572 725 1639 ὃν
780 1572 1001 1646 (ardna
1055 1573 1093 1638 6
1137 1571 1404 1639 Ἰι-ισοΰε·
1479 1573 1664 1654 νεύει,
1703 1567 1817 1637 οὖν
1870 1572 2086 1657 τούτῳ
2144 1570 2367 1649 Σίμων
2420 1571 2668 1660 Πὲτμοε
2699 1627 2774 1682 24

148 1707 238 1747 10
371 1697 687 1764 πυθέσθαι
748 1695 843 1764 τίς
910 1696 990 1763 ἂν
1054 1692 1159 1762 εἴη
1230 1697 1379 1787 περὶ
1442 1693 1517 1762 οὗ
1580 1698 1778 1773 λέπει.
1867 1696 2218 1764 ἀναπεσὼν
2282 1697 2353 1763 δὲ
2414 1693 2667 1762 ἐκεῖνος
2697 1712 2772 1773 25

371 1823 585 1888 οὕτως.
637 1822 746 1888 ἐπὶ
790 1823 866 1888 τὸ
915 1829 1150 1889 στῆθος
1197 1827 1312 1888 τοῦ
1342 1823 1563 1890 Ἰι-ισοῦ
1605 1824 1780 1898 λὲΓει
1827 1823 2008 1909 αὐτῷ
2058 1823 2265 1912 Κύριε,
2309 1823 2405 1888 τίς
2447 1822 2622 1890 ἐστιν
2644 1853 2663 1906 3

371 1945 797 2037 ἀποκρίνεται
858 1942 971 2014 οὖν
1033 1949 1069 2015 6
1120 1949 1373 2016 Ἰι-ισοῦε
1416 1944 1720 2015 Ἐκεῖνός
1779 1949 1953 2017 ἔστιν
2007 1947 2064 2036 ᾧ
2111 1949 2245 2025 &sch
2308 1950 2524 2028 βάψας
2584 1948 2661 2016 τὸ
2693 1952 2770 2008 26

284 2116 290 2120 -
369 2070 631 2150 ψωμίον
686 2070 887 2140 δώσω
940 2074 1141 2159 αὐτῷ.

383 2244 918 2346 Θαυμάσαιμεν
977 2245 1070 2327 ἀν
1128 2246 1414 2332 εἰκότως
1478 2252 1596 2328 καὶ
1660 2252 1738 2328 ἐν
1792 2245 2023 2356 τούτῳ
2088 2245 2178 2348 δὴ
2235 2245 2465 2329 πάλιν
2517 2252 2666 2328 τῶν

154 2392 238 2454 15
268 2369 498 2472 ἁγίων
566 2376 911 2470 μαθητῶν
985 2368 1070 2451 τὸ
1141 2369 1418 2475 γοργὸν
1489 2377 1588 2455 εἷς
1662 2370 2071 2477 φιλοθεΐαν,
2140 2375 2257 2452 καὶ
2338 2370 2424 2450 τὸ
2497 2373 2668 2452 λίαν

269 2492 562 2597 ἀκριβὲς
622 2499 719 2578 εἰς
776 2491 1185 2590 εὐλάβειαν·
1263 2494 1349 2574 οὐ
1407 2493 1551 2599 γὰρ
1607 2493 1890 2600 ἔχοντες
1946 2495 2035 2604 ἐξ
2088 2495 2358 2575 ἑαυτῶν
2412 2494 2666 2575 εἰδέναι
2686 2524 2724 2565 a
2770 2509 2899 2567 ’136
2917 2507 3001 2567 Δ·

272 2618 598 2699 ὖπαίτιόν
646 2653 830 2719 τινα,
875 2620 1046 2700 ἀλλ’
1086 2618 1247 2700 οὐδὲ
1300 2626 1454 2703 ταῖς
1512 2622 1592 2699 ἐκ
1648 2626 2101 2726 στοχασμῶν
2151 2617 2460 2704 ἀπάταις
2514 2621 2667 2701 ἐπι-

272 2743 799 2846 θαρσήσαντες,
863 2749 1450 2851 φιλοπευοτοῦσι
1521 2740 1772 2841 πάλιν,
1836 2745 1957 2823 καὶ
2026 2741 2413 2843 μανθάνειν
2474 2745 2663 2824 ἐπεί·

270 2900 522 2969 γονται
569 2869 654 2947 δι’
694 2866 852 2952 ἑνὸς
906 2874 1037 2947 τοῦ
1088 2869 1554 2972 προῦχοντος,
1597 2867 1874 2970 Πέτρος
1928 2864 2003 2946 δὲ
2058 2866 2265 2952 οὗτός
2318 2869 2542 2967 ἐστιν,
2589 2864 2667 2953 ὃς

154 3020 242 3060 20
271 2990 765 3094 προσεκόμισε
820 2989 962 3105 ,μὲν
1020 2991 1351 3090 οὐδαμῶς
1412 2989 1501 3069 δι’
1562 2992 1819 3071 ἑαυτοῦ
1882 2989 2018 3092 τὴν
2080 3000 2363 3089 πεῦσιν,
2421 2997 2524 3099 τῷ
2589 2990 2666 3073 δὲ

271 3116 595 3214 πλησίον
634 3119 753 3196 καὶ
787 3114 1243 3223 ἀγαπωμένῳ
1281 3113 1398 3194 διὰ
1432 3112 1517 3194 τὸ
1555 3118 1685 3214 τῆς
1720 3114 2003 3218 ἁγνείας
2040 3114 2546 3220 λαμπρότερον
2582 3115 2666 3196 τὸ

272 3240 617 3342 διερωτᾶν
662 3239 982 3347 ἐφίησιν·
1041 3235 1378 3339 Ἰωάννης
1434 3237 1511 3317 δὲ
1574 3237 1782 3323 οὗτός
1840 3241 2043 3320 ἐστιν
2098 3241 2140 3320 6
2194 3248 2324 3320 τοῦ
2373 3273 2666 3344 προκει-

270 3365 490 3461 με’νου
542 3365 843 3461 βιβλίου
894 3360 1389 3469 συγγραφεὺς,
1445 3360 1545 3459 ὃς,
1600 3363 1889 3466 ἐπείπερ
1950 3363 2387 3465 ἠγαπῆσθαί
2437 3371 2671 3470 φησιν

270 3487 546 3586 ἑαυτὸν,
601 3487 687 3568 τὸ
746 3492 1003 3568 οἰκεῖον
1057 3486 1504 3594 κατέκρυψεν
1560 3485 1809 3585 ὄνομα,
1867 3492 2048 3594 σιγῇ
2112 3488 2588 3592 παραδους,“
2556 3523 2671 3568 ινα

154 3632 239 3693 25
269 3611 374 3712 μή
428 3645 532 3720 τερ
586 3610 795 3720 δόξαι
849 3617 1351 3719 φιλοκομπεΐν.
1426 3610 1800 3714 ἐλεύθερος
1851 3610 1996 3716 γὰρ
2046 3611 2475 3720 φιλοδοξίας
2521 3619 2669 3693 τῶν
2691 3626 2735 3689 b

272 3736 501 3838 ἁγίων
574 3738 615 3816 6
700 3743 888 3820 νοῦς.
1008 3736 1238 3838 ἠρέμα
1321 3736 1559 3816 τοίνυν
1633 3742 1737 3843 τῷ
1829 3737 2255 3845 διδασκάλῳ
2338 3770 2665 3840 προσκε-

270 3860 624 3960 κλιμένος,
669 3858 1142 3966 διαψιθυρίζει
1196 3857 1456 3962 λάθρα,
1504 3862 1624 3939 καὶ
1677 3858 2069 3960 μανθάνειν
2119 3861 2317 3967 ἀξιοῖ
2363 3861 2492 3941 τὸν
2540 3863 2671 3961 τῆς

269 3984 635 4069 ἀπωλείας
679 3979 854 4063 υἱόν·
914 3981 1264 4088 ἀλλὀὐχ
1305 3983 1547 4087 ἕτερόν
1581 4017 1656 4063 τι
1705 3991 2008 4085 σημεῖον
2047 3986 2241 4092 αὐτῷ
2292 3985 2660 4065 δίδωσιν
2626 4019 2667 4064 ο
2756 3982 2991 4108 ἓξὲξ*

271 4107 533 4210 Σωτὴρ
569 4115 697 4188 τοῦ
739 4105 1189 4212 πράγματος,
1227 4106 1274 4209 ἢ
1324 4141 1409 4188 το
1463 4105 1582 4188 διὰ
1630 4112 1760 4208 τῆς
1807 4116 1936 4189 τοῦ
1984 4107 2366 4214 προφήτου
2418 4113 2666 4217 φωνῆς

343 4320 397 4374 8.
422 4314 557 4389 Ἦν]
591 4325 649 4384 4
680 4319 737 4373 δὲ
765 4318 870 4375 Ed.
893 4318 1062 4375 invito
1086 4318 1154 4374 Ε.
1322 4334 1403 4374 10.
1438 4319 1715 4374 ἀναπεσὸν
1739 4317 1804 4400 Ε.
1829 4318 2093 4373 ἐπιπεσὼν
2117 4317 2220 4375 Ed.
2387 4338 2470 4377 11.
2508 4319 2670 4380 οὕτως

272 4401 613 4460 assumptum
635 4407 700 4444 ex
726 4388 792 4445 E.
994 4405 1076 4460 13.
1112 4389 1250 4477 αὐτῷ
1275 4388 1458 4445 addidi
1480 4408 1547 4444 ex
1574 4390 1659 4452 E„
1642 4388 1792 4515 ‚g'ui
1794 4389 1975 4530 ger-git
1997 4386 2061 4458 ἦν
2083 4390 2196 4533 61⁶9
2164 4413 2672 4530 Ἢῖιμεέοςῆννεέἑι

273 4459 430 4587 (ἐν
386 4464 541 4515 τοῦτο
605 4484 652 4504 ==
625 4458 867 4599 τουΕ-Ἓ)
894 4460 1064 4531 σίμων
1084 4459 1275 4532 πίτρος
1296 4459 1557 4516 πυθίσθαι
1580 4459 1660 4516 τίς

400 4531 548 4587 ἐστιν
