3238 5158
238 342 383 408 x.8.
600 346 721 413 IN
782 349 848 416 S.
895 347 1411 417 JOANNEM.
1500 351 1696 417 LIB.
1726 352 1850 418 VI.
1941 352 2148 419 CAP.
2193 352 2251 418 1.
2496 350 2632 417 213

235 589 480 658 Πάντες
529 591 679 702 ὅροι
733 592 937 665 ἦλθον
989 600 1261 664 κλέπται
1315 594 1439 664 εἰσί
1495 598 1603 664 καί
1657 597 1911 691 Aquom(-
1973 597 2113 664 ἀλλ’
2166 600 2283 663 οὐκ
2336 588 2691 728 ἐίκουσοινῗ3

1064 723 1284 790 αὐτῶν
1338 723 1417 791 τὰ
1473 725 1793 815 πρόβατα.

343 890 818 996 Πανταχόθεν
860 889 993 992 τὴν
1041 893 1394 974 ἀτίθασον
1431 900 1577 973 τῶν
1613 898 2038 998 Φαρισαίων
2084 889 2632 994 καταγοητεύων

232 1008 564 1111 διάνοιαν,
621 1019 739 1094 καὶ
792 1013 976 1119 πρὸς
1031 1017 1359 1122 ἔμφρονα
1412 1022 1808 1115 μετατιθεὶς
1861 1015 2247 1120 λογισμὸν,
2302 1021 2629 1118 πειρᾶται

173 1148 207 1209 5
231 1134 564 1217 δεικνύειν
633 1142 730 1224 ὡς
804 1141 1155 1240 ἀνόνητόν
1227 1176 1296 1222 τι
1369 1145 1618 1247 χρῆμα
1690 1145 1807 1222 καὶ
1880 1140 2477 1250 σφαλερώτατον,
2542 1136 2628 1220 τὸ

229 1267 701 1363 καθηγεῖσθαι
756 1272 1060 1363 τολμᾶν,
1116 1267 1201 1345 οὐ
1260 1269 1378 1346 διὰ
1440 1270 1568 1365 τῆς
1634 1267 1906 1347 ἄνωθεν
1960 1266 2414 1371 χειροτονίας,
2468 1263 2629 1343 οὐδὲ

228 1384 341 1465 διὰ
405 1391 538 1488 τῆς
601 1389 793 1473 θείας·
857 1387 1306 1490 βουλήσεως,
1373 1388 1547 1469 ἀλλ’
1614 1388 1706 1498 ἐξ
1772 1388 2224 1492 ἀνθρωπίνης
2285 1389 2627 1472 ἀπονοίας

227 1513 585 1612 οἰομένους
660 1511 769 1593 ὅτι
842 1513 1293 1618 περιέσονται
1364 1519 1491 1615 τῆς
1567 1517 1816 1620 ἀρχῆς,
1879 1513 2015 1595 κάν
2077 1514 2118 1592 ὃ
2191 1510 2455 1612 ταύτης
2524 1510 2625 1611 μὴ
2651 1525 2694 1590 d

134 1655 141 1662 '
223 1636 583 1737 βούληται
635 1636 969 1742 χορηγός.
1055 1636 1310 1718 ἐαυτὸν
1362 1648 1749 1743 τοιγαροῦν
1803 1639 2031 1741 θύραν
2084 1635 2472 1742 διαῤῥήδην
2518 1642 2617 1716 εἰ·

136 1786 208 1829 10
225 1757 400 1858 πων,
462 1759 587 1841 ἅτε
644 1761 732 1863 δὴ
788 1766 905 1842 καὶ
958 1760 1182 1862 μόνον
1236 1762 1729 1868 εἰσκομίζὸντα
1783 1760 1966 1867 πρὸς
2023 1762 2408 1865 ἡγεμονίαν
2462 1760 2628 1846 τοῦς

225 1884 679 1986 ἐπιτηδείους,
711 1885 806 1967 τὰ
854 1894 1003 1967 τῶν
1047 1889 1530 1994 ἀρχαιοτέρων
1575 1886 2090 1994 ἐπιχειρήματα
2138 1888 2628 1990 παρατίθησιν

225 2006 451 2108 εὐθὺς,
506 2009 623 2089 ἵνα
678 2009 1001 2116 καθάπερ
1059 2015 1134 2091 ἐν
1192 2012 1435 2093 πίνακι
1494 2011 2179 2120 σκιαγραφουμένην
2233 2008 2627 2104 βλέποντες

224 2131 353 2233 τὴν
423 2138 526 2219 εἷς
596 2133 808 2220 τέλος
880 2144 1011 2217 τοῦ
1082 2136 1508 2240 πράγματος
1579 2135 2053 2243 διεξαγωγὴν,
2120 2137 2416 2235 μάθοιεν
2488 2137 2628 2237 ἤδη

222 2263 489 2365 σαφῶς
544 2261 642 2344 ὦς
696 2258 781 2341 τὸ
836 2260 1191 2341 δύνασθαι
1241 2268 1524 2364 κρατεῖν
1572 2264 1691 2342 καὶ
1748 2267 2228 2364 προηγεῖσθαι
2277 2262 2628 2361 ποιμνίων

133 2403 200 2467 15
224 2386 337 2461 καὶ
372 2388 601 2481 λαῶν,
639 2383 759 2463 διὰ
793 2383 1018 2485 μόνης
1052 2389 1181 2484 τῆς
1224 2386 1498 2466 ἄνωθεν
1536 2382 1840 2491 ὑπάρχει
1875 2383 2187 2490 χάριτος,
2224 2387 2343 2465 καὶ
2380 2385 2509 2465 οὐκ
2541 2382 2634 2492 ἐξ

222 2507 789 2614 ἐπιχειρημάτων
850 2515 1311 2613 τυραννικῶν.
1422 2511 1802 2615 χρησίμως
1873 2517 2256 2616 τοιγαροῦν
2318 2508 2627 2590 κάνθάδε
2651 2545 2690 2590 e

223 2636 410 2737 φησὶ
467 2631 653 2737 πρὸς
708 2631 1116 2735 ἀνάμνησιν
1164 2633 1608 2738 ἀνακομίζων
1651 2632 1787 2734 τὴν
1827 2636 1905 2714 ἐν
1946 2642 2095 2719 τοῖς
2145 2631 2631 2739 ἀρχαιοτέροις

225 2788 332 2836 οτι
396 2757 645 2845 πάντες
722 2795 858 2840 οσοι
931 2753 1116 2853 ηλθον
1178 2755 1489 2839 κλέπται
1557 2764 1682 2838 εἶσὶ
1752 2762 1871 2838 καὶ
1951 2767 2201 2871 λῃσταὶ
2269 2763 2440 2860 ἀλλ]
2510 2763 2630 2838 οὐκ

128 2894 145 2917 ”
224 2916 491 2971 nuovo-ev
555 2880 766 2963 αὐτων
830 2879 922 2963 ταὶ
995 2884 1347 2990 πρόβατα.
1450 2880 1990 2983 ὑποκρινάμενοι
2062 2878 2208 2983 γὰρ
2280 2877 2414 2980 τὴν
2483 2886 2632 2960 τῶν

131 3030 202 3074 20
225 3005 523 3106 ἀγαθῶν
595 3005 952 3103 ποιμένων
1015 3006 1454 3086 ἐπιστασίαν
1515 3006 1899 3108 παρῆλθον
1962 3038 2060 3089 εις
2121 3002 2351 3102 μέσον
2411 3002 2624 3102 τινὲς,

221 3128 458 3229 ἐπειδὴ
508 3129 589 3210 δὲ
638 3132 767 3211 οὐκ
814 3127 906 3231 ἦν
942 3132 1183 3214 αὐτοῖς
1221 3132 1262 3210 ὃ
1297 3130 1653 3213 ὑποτιθεὶς
1690 3126 1776 3208 τὸ
1814 3126 2238 3232 ἡγούμενον,
2279 3130 2396 3207 καὶ
2436 3161 2620 3209 υπα-

221 3251 453 3333 κούειν
486 3255 892 3336 ἀναπείθων
923 3250 1022 3334 ὧν
1058 3253 1509 3357 ἡγεμονεύειν
1542 3254 1783 3358 ἐχρῆν,
1820 3253 2355 3358 ἀπεσκίρτησεν
2390 3251 2437 3352 ἡ
2483 3259 2630 3333 τῶν

221 3373 615 3480 προβάτων
649 3378 957 3480 πληθύς.

328 3502 873 3605 ’Υποτοπητέον
911 3498 985 3581 δὲ
1035 3503 1365 3601 οὐδαμῶς
1413 3500 1532 3582 διὰ
1581 3502 1669 3582 τό
1725 3503 1985 3588 Πάντες
2036 3508 2280 3602 εἰπεῖν,
2317 3504 2622 3608 ἀκυροῦ-

131 3648 197 3707 ²5
221 3628 398 3704 σθαι
450 3624 653 3731 παρὰ
714 3636 843 3708 τοῦ
902 3632 1239 3730 Σωτῆρος
1302 3627 1505 3728 ἡμῶν
1556 3632 1891 3730 Χριστοῦ
1950 3633 2096 3708 τῶν
2151 3627 2378 3731 ἁγίων
2430 3662 2617 3732 προ·

224 3752 475 3853 φητῶν
533 3750 666 3850 τὴν
725 3749 1180 3852 ἀποστολήν·
1268 3754 1354 3831 οὐ
1415 3748 1560 3855 γὰρ
1622 3753 1775 3832 κατ’
1835 3753 2139 3849 ἐκείνων,
2193 3750 2397 3831 ἀλλὰ
2456 3754 2623 3832 καθ’
2649 3783 2686 3825 a
2742 3767 2962 3824 641Δ.

222 3869 479 3976 ἑτέρων
533 3876 576 3954 ὁ
639 3874 891 3977 λόγος.
993 3874 1234 3976 ἐπειδὴ
1290 3874 1437 3981 γὰρ
1489 3877 1660 3981 περί
1707 3911 1787 3958 τε
1841 3876 2453 3983 ψευδοποιμένων,
2507 3879 2626 3959 καὶ

221 4001 364 4076 τῶν
400 3995 815 4104 ἀλλαχόθεν
854 3998 1391 4094 ἀναβαινόντων
1437 4004 1535 4085 εἷς
1583 3999 1720 4100 τὴν
1769 3999 2002 4100 αὐλὴν
2045 4006 2192 4080 τῶν
2233 3999 2626 4104 προβάτων

220 4122 593 4223 προῦκειτο
647 4122 905 4227 λέγειν,
948 4125 1355 4227 ἀναγκαίως
1408 4123 1547 4226 ἤδη
1598 4123 2262 4229 προσημανθέντων
2307 4128 2626 4230 ἐναργῶς

222 4390 231 4399 “
295 4397 343 4435 1.
380 4378 531 4451 ὅσοι]
564 4386 622 4444 -Ι-
649 4380 753 4451 πρὸ
776 4379 903 4450 ἐμοῦ
928 4379 1075 4435 Aub.
1171 4383 1401 4451 ἤκουσαν
1421 4378 1584 4435 habet
1609 4379 1679 4434 Β.
1858 4378 1912 4437 6.
1948 4380 2148 4450 τολμᾶν
2172 4379 2239 4434 Β.
2242 4396 2291 4436 a.
2320 4378 2438 4436 Cat.
2466 4379 2622 4435 HarI.

217 4448 539 4519 τιμᾶνΗο18
491 4449 710 4506 lLtEd.
968 4448 1828 4525 θῦραν]-Ι·εἷναι808ῐ.ιιῐνὶἆ.
1853 4449 1999 4506 Aub.
2025 4451 2249 4506 etitaa.
2422 4451 2504 4506 18.
2542 4450 2623 4505 ὅτι

218 4530 563 4591 “cumptum
588 4538 651 4576 ex
676 4539 724 4577 ιι.
1237 4540 1321 4595 19.
1355 4525 1578 4594 ἤκουσεν
1603 4521 1670 4577 Β.
1695 4525 1926 4593 ἤκουσαν
1947 4521 2249 4578 emendavit
2275 4520 2374 4576 Ht.
2400 4530 2454 4575 et
2475 4521 2549 4576 ita
2572 4538 2621 4575 a.

221 4607 309 4663 29.
344 4469 917 4664 mind-pas:
