3238 5158
253 3713 417 3779 Supra

251 3796 357 3831 vor.
379 3779 427 3832 8.

572 301 705 367 348
1180 300 1259 365 B.
1306 297 1733 364 CYRILLI
1793 297 2375 364 ALEXANDR.
2436 271 2448 291 ’
2751 296 2889 362 xiii.
2912 317 2993 383 9.

575 464 944 549 πλουσίαν
1004 472 1154 550 τοῖς
1219 465 1596 569 ὁρωμένοις
1671 463 1990 572 εἰσφέρει
2051 462 2185 565 τὴν
2246 463 2523 565 ὄνησιν,
2586 460 2999 563 οἱησόμεθά

575 624 732 675 πως
780 591 916 669 κάν
960 588 1193 697 τούτῳ
1243 588 1486 692 λέγειν
1532 587 1774 688 αὑτὸν,
1812 592 1911 674 ὥς
1961 593 2022 669 εἰ
2067 587 2171 688 μή
2219 622 2330 673 τις
2376 588 2817 696 ἀπονίψαιτο
2863 586 2996 668 διὰ

576 716 707 814 τῆς
744 713 964 793 αὐτοῦ
1001 709 1294 818 χάριτος
1328 712 1458 794 τὸν
1491 713 1571 793 ἐκ
1611 716 1742 813 τῆς
1791 713 2141 816 ἁμαρτίας
2186 714 2303 793 καὶ
2350 720 2480 794 τοῦ
2527 718 2996 812 πλημμελεῖν

577 832 988 937 μολυσμόν,
1026 836 1378 943 ἀμέτοχος
1412 834 1624 917 ἔσται
1658 840 1786 937 τῆς
1823 837 1993 941 παρ’
2033 838 2253 919 αὐτοῦ
2290 834 2492 938 ζωῆς,
2526 838 2642 918 καὶ
2674 841 2801 937 τῆς
2837 842 2996 916 τῶν

578 963 899 1065 οὐρανῶν
951 962 1335 1056 βασιλείας
1390 962 1747 1064 ἄγευστος
1802 963 2162 1062 ἀπομενεῖ.
2257 961 2342 1041 οὐ
2398 958 2543 1065 γὰρ
2602 967 2750 1046 τοῖς
2802 961 2983 1040 ἀκα·
3023 979 3071 1042 5

579 1084 865 1189 θάρτοις
903 1089 1003 1170 εἶς
1038 1083 1167 1169 τὰς
1204 1085 1355 1165 ἅνω
1391 1083 1617 1185 μονὰς
1653 1084 1945 1166 εἰσιέναι
1981 1084 2200 1185 θέμις,
2237 1082 2441 1166 ἀλλὰ
2490 1091 2640 1170 τοῖς
2690 1081 2808 1165 διὰ
2854 1087 2990 1184 τῆς

581 1212 677 1295 εἷς
711 1206 1046 1313 Χριστὸν
1081 1205 1370 1312 ἀγάπης
1421 1208 1739 1312 καθαρὸν
1785 1209 2038 1314 ἔχουσι
2086 1206 2172 1290 τὸ
2219 1206 2566 1308 συνειδὸς,
2603 1212 2722 1290 καὶ
2772 1208 2984 1311 ἡγια-

522 1363 561 1407 ο
582 1332 876 1432 σμένοις
912 1334 988 1413 ἐν
1027 1333 1398 1435 Πνεύματι
1434 1330 1553 1414 διὰ
1586 1341 1717 1413 τοῦ
1756 1333 1965 1436 ἁγίου
2000 1332 2532 1433 βαπτίσματος.

519 1581 558 1639 9
615 1571 796 1649 Akra
849 1571 1032 1659 αὐτῷ
1081 1571 1305 1651 Σίμων
1357 1572 1610 1662 Πὲτροο
1668 1570 1878 1661 Κύριε,
1930 1570 2019 1649 μή
2074 1570 2227 1637 τοὺς
2278 1569 2489 1638 πόδας.
2540 1592 2664 1647 μου
2716 1568 2939 1650 μόνον,

1034 1697 1206 1763 ἀλλὰ
1264 1697 1370 1762 καὶ
1422 1696 1541 1763 τὰς
1593 1693 1817 1787 χεῖρας
1871 1697 1978 1763 καὶ
2030 1695 2149 1763 τήν
2206 1696 2524 1785 κεφαλήν.
3018 1717 3119 1762 10

690 1869 790 1948 Ὁ
853 1866 1220 1968 τοσαύτην
1268 1868 1442 1969 ἡμῖν
1496 1869 1757 1973 ἀρτίως
1819 1868 2176 1976 ἐπιδείξας
2241 1866 2374 1969 τὴν
2437 1865 2807 1965 ἔνστασιν,
2866 1865 2992 1945 καὶ

581 1989 1011 2091 ἀπαυδήσας
1069 1992 1391 2096 ἐναργῶς
1451 2001 1606 2074 τοῖν
1663 1996 1918 2075 ποδοῖν
1972 1989 2107 2092 τὴν
2161 1991 2535 2099 ἀπόνιψιν,
2590 1991 2729 2097 οὐχ
2791 1988 2992 2073 ὅπως

582 2112 839 2198 αὐτοὺς
873 2114 1324 2218 παρατίθησι
1358 2113 1645 2216 μόνους,
1682 2115 1885 2198 ἀλλά
1926 2125 2045 2199 καὶ
2085 2122 2323 2225 χεῖρας
2364 2123 2486 2199 καὶ
2528 2115 2864 2223 κεφαλήν.
2926 2117 2991 2194 εἶ

581 2236 729 2341 γὰρ
772 2235 1140 2338 μέλλοιμι,
1181 2244 1435 2347 φησὶν,
1471 2242 2008 2323 ἀποπεσεῖσθαι
2058 2240 2177 2322 διὰ
2223 2249 2438 2322 τοῦτο
2485 2242 2613 2340 τῆς
2660 2236 2845 2342 πρὸς
2893 2235 2988 2317 σὲ

513 2378 559 2444 d
585 2362 982 2460 κοινωνίας,
1024 2365 1142 2443 καὶ
1177 2363 1465 2469 μακράν
1500 2399 1644 2446 που
1693 2370 1978 2446 κεῖσθαι
2027 2371 2173 2446 τῶν
2211 2368 2286 2448 ἐν
2320 2365 2617 2445 ἐλπίσιν
2652 2365 2981 2466 ἀγαθῶν,
3022 2392 3104 2454 15

586 2488 648 2565 εἶ
680 2482 782 2588 μή
819 2519 946 2566 σοι
980 2489 1098 2567 καὶ
1135 2495 1351 2568 τοῦτο
1388 2492 1567 2594 δρᾶν
1602 2486 1931 2570 ἐθέλοντι
1981 2491 2097 2570 καὶ
2139 2489 2601 2597 προελομένῳ
2637 2486 2978 2568 κατανεύ-

584 2643 798 2710 σαιμι
842 2612 961 2691 καὶ
1010 2612 1449 2719 ἀπονίψαιμι
1487 2611 1655 2697 τοὺς
1689 2610 1940 2713 πόδας,
1976 2612 2386 2718 παραθήσω
2424 2615 2542 2693 καὶ
2591 2609 2686 2692 τὰ
2728 2609 2982 2709 λοιπὰ,

585 2734 719 2836 τὴν
763 2735 950 2816 οὕτω
1001 2736 1598 2842 φρικωδεστάτην
1643 2737 1898 2841 ζημίαν
1944 2736 2531 2841 παραιτούμενος.
2608 2736 2988 2832 εὐλαβείας

586 2859 715 2941 οὖν
750 2856 842 2960 ἦν
877 2859 1020 2965 ἄρα
1056 2858 1332 2965 καρπὸς
1366 2861 1411 2963 ἦ
1447 2863 1524 2942 ἐν
1560 2864 1815 2968 ἀρχαῖς
1849 2863 2311 2966 παραίτησις,
2348 2869 2465 2944 καὶ
2502 2859 2588 2943 τὸ
2625 2858 2989 2967 δυσαχθές

587 2982 902 3069 δεδιότος
964 2991 1094 3065 τοῦ
1155 2983 1604 3090 πράγματος,
1664 2987 1824 3092 οὐχὶ
1886 2984 1977 3086 δὴ
2036 2985 2326 3072 πάντως
2384 2984 2986 3089 ἀντιπράττοντος
3015 3024 3101 3069 20

587 3115 737 3193 τοῖς
774 3113 1230 3194 δεσποτικοῖς
1264 3107 1777 3213 ἐπιτάγμασιν.
1853 3112 2116 3190 ἐννοῶν
2152 3145 2230 3192 τε
2267 3108 2432 3215 γὰρ,
2468 3114 2566 3196 ὡς
2609 3110 2816 3217 ἔφην,
2852 3107 2988 3211 τήν

588 3265 667 3312 τε
714 3241 843 3312 τοῦ
891 3236 1227 3337 Σωτῆρος
1276 3233 1510 3341 ἀξίαν,
1545 3237 1664 3316 καὶ
1717 3238 1845 3336 τῆς
1898 3235 2154 3316 ἑαυτοῦ
2212 3235 2502 3341 φύσεως
2548 3232 2634 3315 τὸ
2683 3266 2988 3335 σμικρο-

529 3393 565 3437 e
590 3354 877 3458 πρεπές,
914 3357 1193 3459 ἠρνεῖτο
1247 3355 1378 3457 μὲν
1421 3361 1498 3438 ἐν
1542 3361 1822 3463 ἀρχαῖς·
1889 3358 2143 3458 μαθων
2175 3357 2252 3438 δὲ
2299 3357 2385 3439 τὸ
2432 3357 2744 3455 βλάβος,
2781 3354 2988 3442 εὐθὺς

589 3478 1003 3582 μετατρέχει
1041 3478 1225 3583 πρὸς
1259 3481 1344 3560 τὸ
1380 3481 1790 3577 βούλεσθαι
1826 3481 1912 3563 τὸ
1945 3487 2049 3591 τῷ
2083 3490 2464 3586 κρατοῦντι
2500 3486 2779 3564 δοκοῦν.

689 3600 1062 3705 Ἐπιτήρει
1087 3601 1165 3683 δὲ
1193 3601 1421 3684 πάλιν
1446 3610 1564 3686 καὶ
1590 3608 1805 3713 δέχου
1839 3605 1924 3688 τὸ
1960 3606 2471 3711 πεπραγμένον
2497 3611 2595 3692 εἶς
2632 3605 2988 3712 ὠφελείας
3015 3641 3098 3703 25

594 3724 1088 3831 ὖπογραμμόν·
1164 3727 1394 3808 καίτοι
1440 3726 1587 3832 γάρ
1637 3731 1931 3835 εἰρηκώς
1968 3741 2011 3780 “
2040 3733 2159 3812 Οὐ
2207 3730 2309 3833 μὴ
2361 3733 2584 3839 νίψῃς
2631 3763 2772 3831 μου
2820 3727 2989 3816 τοὺς

590 3860 637 3899 “
669 3847 899 3936 πόδας
954 3853 1052 3936 εἰς
1101 3849 1230 3933 τὸν
1284 3850 1571 3952 αἶῶνα,”
1619 3857 2049 3955 μεθίσταται
2106 3860 2552 3961 παραχρῆμα
2611 3863 2741 3936 τοῦ
2802 3851 2990 3958 πρὸς

589 3982 804 4055 τοῦτο
864 3973 1272 4071 βλέποντος
1336 3985 1485 4078 νοῦ,
1545 3979 1676 4059 οὐκ
1751 3980 1975 4062 ἐκεῖνο
2046 3978 2380 4081 μάλιστα
2442 3977 2814 4080 ἐννοήσας,
2876 3977 2992 4060 ὅτι

585 4095 947 4200 προσήκοι
1001 4109 1149 4186 τοῖς
1205 4101 1406 4188 ἰδίοις
1460 4101 1680 4184 αὐτὸν
1735 4103 2131 4205 ἐμμένοντα
2189 4102 2439 4208 λόγοις
2496 4105 2739 4205 ἀληθῆ
2804 4104 2984 4210 φαί-

589 4228 844 4303 νεσθαι
879 4224 1050 4327 παρ’
1091 4226 1280 4327 ἡμῖν,
1319 4228 1490 4307 ἀλλ’
1531 4227 1643 4308 ὅτι
1677 4227 1963 4331 μείζονα
2001 4231 2118 4310 καὶ
2153 4228 2668 4337 χαλεπωτέραν
2703 4227 2992 4332 εὑρήσει
3015 4263 3100 4322 3ο

660 4405 709 4444 2.
747 4388 1005 4461 ἀπονίψαι
1028 4396 1089 4448 τὸ
1113 4395 1179 4449 Ε.
1202 4393 1523 4466 ἀπονίψηται
1546 4415 1596 4452 a.
2005 4419 2060 4468 4.
2095 4399 2249 4470 ἀμίτε
2289 4422 2348 4457 ος
2372 4398 2518 4455 Aub.
2544 4396 2826 4454 emendavi
2848 4415 2915 4453 ex
2939 4416 2989 4453 a.

585 4477 674 4602 ἐξ.
711 4460 1126 4602 ξὴμὲἴοέοῖνῖὴν
1147 4464 1414 4537 ἀπόνηψιν
1439 4468 1565 4539 (sic)
1592 4468 1661 4524 Ε.
2063 4486 2148 4539 14.
2185 4472 2218 4528 δ
2291 4473 2448 4527 τοῦτο
2474 4469 2541 4526 Ε.
2565 4470 2650 4526 διὸ
2672 4468 2860 4525 τούτου
2884 4468 2991 4526 Ed.
