3238 5158
627 376 757 439 552
1234 374 1313 438 B.
1360 373 1776 439 CYRILLI
1835 374 2417 440 ALEXANDR.
2849 395 2954 437 xv.
2979 391 3032 437 2.

626 538 759 638 μὲν
796 541 879 619 οὐ
927 541 1307 640 δεδεημένα
1355 545 1599 641 τομῆς,
1638 540 2087 641 ἀπομένοντα
2140 542 2217 622 δὲ
2271 545 2348 621 ἐν
2391 547 2484 647 τῇ
2541 538 2880 648 ἀμπέλῳ,
2927 542 3036 618 καὶ

627 667 718 770 τῇ
795 666 951 773 θείᾳ
1024 666 1353 771 φροντίδι
1427 667 2016 769 διακαθαίρεσθαι
2087 663 2484 765 μέλλοντα,
2558 665 2730 748 τούς
2806 698 2890 744 τε
2961 664 3042 770 ἐξ

296 808 527 867 87οΔ.
570 824 606 864 a
630 791 865 869 αὐτῶν
920 787 1491 875 πεπιστευκότας
1544 797 1691 870 τῶν
1746 788 2130 888 Ἰουδαίων,
2188 794 2305 869 καὶ
2360 790 2525 874 τούς
2579 792 2690 870 ἐπ’
2749 790 3038 872 ἐκείνοις

628 913 1199 1017 ἐπιστρέφοντας
1248 914 1335 1021 ἐξ
1381 918 1626 1013 ἐθνῶν,
1663 914 1766 999 οἷς
1812 917 1943 1013 μία
1976 914 2184 1015 μὲνὴ
2230 914 2606 1018 κάθαρσις·
2669 916 2751 993 ἐν
2794 913 3030 993 Πνεύ-

626 1073 799 1139 ματι
854 1037 1000 1141 γὰρ
1058 1047 1364 1119 τελεῖται
1430 1044 1532 1147 τῷ
1585 1040 1838 1148 Ἀγίῳ,
1895 1039 2078 1121 κατὰ
2134 1039 2263 1124 τὰς
2322 1038 2637 1145 γραφάς·
2729 1039 3086 1139 {reputas-s

627 1158 858 1265 γεμὴν
943 1167 1061 1243 καὶ
1144 1164 1756 1267 παρηλλαγμένος
1841 1166 1882 1243 5
1966 1173 2094 1244 τοῦ
2173 1165 2641 1267 καθαίρεσθαι
2734 1160 3029 1264 τρόπος.

629 1287 1097 1388 ἀποτέμνεται
1151 1287 1297 1390 γὰρ
1352 1295 1499 1368 τῶν
1553 1287 1643 1394 ἐξ
1691 1286 2004 1392 Ἰσραὴλ
2058 1288 2144 1368 τὸ
2200 1285 2387 1367 κατὰ
2445 1284 2668 1384 νόμον
2726 1287 2792 1365 ἔι
2813 1323 2840 1366 ι
2901 1286 3026 1367 τὸν

633 1412 1082 1493 Μωυσαῖκὸν
1138 1412 1391 1515 διαζῆν
1447 1412 1718 1493 ἐθέλειν
1777 1447 1894 1492 και
1957 1412 2489 1505 πολιτεύεσθαι,
2549 1415 2681 1510 τῆς
2748 1410 2836 1491 δε
2897 1419 3034 1491 τῶν

629 1536 1348 1640 εἶδωλολατρούντων
1386 1537 1677 1640 καρδίας
1725 1544 2172 1639 παραιρεῖται
2222 1540 2350 1634 τῆς
2398 1536 2704 1640 ἀρχαίας
2757 1535 3032 1637 ἀπατης

631 1662 670 1738 5
698 1660 995 1759 σκοπὸς,
1026 1665 1143 1741 καὶ
1173 1665 1302 1761 τῆς
1329 1668 1474 1740 τῶν
1504 1663 1876 1741 ἀσυνέτων
1903 1664 2082 1741 ἐθῶν
2104 1658 2609 1761 ἀκαθαρσίας
2576 1693 2617 1737 ο
2647 1660 3026 1767 συρφετὸς,
3051 1692 3103 1732 10

631 1821 746 1864 ινα
794 1786 1140 1866 δύνωνται
1192 1784 1434 1893 φέρειν
1483 1791 1611 1886 τῆς
1668 1785 1859 1870 θείας
1915 1819 1990 1865 τε
2050 1788 2167 1866 καὶ
2216 1785 2685 1884 εὐαγγελικῆς
2734 1785 3025 1865 παιδεύ-

557 1922 601 1986 b
629 1943 817 1994 σεως
852 1908 979 1990 τὸν
1013 1911 1357 2008 ἐδώδιμον
1394 1907 1647 2012 ὥσπερ
1682 1915 1786 2017 τῷ
1824 1915 1991 2018 Θεῷ
2041 1915 2157 1989 καὶ
2207 1910 2428 2015 φίλον
2465 1907 2692 1993 ὄντως
2727 1909 3022 2013 καρπόν.

630 2032 739 2112 ὅτι
796 2032 871 2113 δὲ
925 2034 1153 2113 πάλιν
1206 2035 1375 2135 ἡμῖν
1431 2034 1695 2134 ἀληθὲς
1753 2035 2080 2141 φαίνεται
2131 2034 2216 2113 τὸ
2273 2031 2661 2135 εἰρημένον,
2714 2034 3031 2138 χαλεπὸν

629 2155 832 2237 οὐδὲν
902 2164 1474 2264 πληροφορῆσαι
1557 2159 1646 2266 ἐξ
1724 2161 1959 2239 αὐτῶν
2042 2164 2188 2238 τῶν
2271 2159 2479 2237 θείων
2557 2158 3025 2260 γραμμάτων.

629 2280 1043 2362 ἐπιστέλλει
1094 2281 1239 2386 γὰρ
1290 2287 1329 2362 5
1383 2283 1770 2368 θεσπέσιος
1819 2289 2114 2368 Παῦλος
2170 2290 2317 2366 τοῖς
2370 2279 2504 2379 μὲν
2540 2281 2631 2387 ἐξ
2675 2283 3034 2364 Ἰουδαίων
3058 2314 3105 2371 15

628 2406 1213 2507 πεπιστευκόσιν,
1273 2408 1390 2489 ὅτε
1457 2415 1603 2488 τῶν
1661 2408 2150 2509 εὐαγγελικῶν
2220 2405 2601 2508 δογμάτων
2670 2406 3033 2510 ὀλιγωρῆ·

634 2564 917 2629 σαντες,
978 2533 1216 2613 ὀπίσω
1284 2533 1512 2614 πάλιν
1574 2529 1856 2641 ᾤχοντο
1918 2530 2045 2616 τὰς
2110 2539 2237 2611 τοῦ
2304 2531 2525 2630 νόμου
2584 2532 3042 2633 τετιμηκότες

295 2674 406 2724 Gal-
431 2689 541 2737 v·4·
633 2655 845 2741 σκιάς
898 2667 942 2704 “
978 2658 1667 2761 Ἀπηλλοτριῶθητε
1735 2656 1880 2737 ἀπὸ
1940 2661 2274 2759 Χριστοῦ
2335 2655 2409 2735 οἵ
2462 2689 2647 2740 τινες
2711 2659 2797 2736 ἐν
2857 2658 3042 2765 νόμῳ

291 2793 372 2843 Ib·
395 2809 439 2844 2·
632 2789 675 2825 “
715 2784 1147 2880 δικαιοῦσθε,
1207 2789 1335 2881 τῆς
1397 2781 1689 2887 χάριτος
1764 2781 2212 2888 ἐξεπέσατε,”
2277 2782 2395 2860 καὶ
2464 2778 2696 2859 πάλιν
2759 2792 2810 2829 “
2839 2785 3044 2884 Λέγω

633 2915 675 2952 “
711 2904 856 3007 γὰρ
940 2909 1104 3007 ὑμῖν
1179 2906 1288 2987 ὅτι
1370 2906 1494 2987 ἐὰν
1566 2906 2088 3008 περιτέμνησθε
2160 2904 2488 3006 Χριστὸς
2571 2905 2764 3003 ὑμᾶς
2853 2907 3046 2986 οὐδὲν
3065 2942 3106 2981 ει
3173 2965 3174 2998 2

634 3040 676 3077 “
715 3029 1155 3137 ὧφελήσει.”
1243 3036 1302 3111 εὶ
1371 3031 1446 3111 δὲ
1513 3032 1597 3111 τὸ
1667 3032 2074 3128 βούλεσθαι
2148 3033 2598 3108 δικαιοῦσθαι
2666 3029 2866 3110 κατὰ
2930 3030 3050 3111 τὸν

491 3239 509 3249 ‚
571 3184 606 3226 e
635 3151 854 3250 νόμον
890 3157 1321 3258 ἀλλοτρίους
1371 3156 1626 3242 αὐτοὺς
1677 3155 2058 3260 ἀποφαίνει
2106 3163 2235 3234 τοῦ
2271 3159 2633 3256 Χριστοῦ,
2678 3161 2850 3240 πῶς
2898 3158 3050 3260 οὐχὶ

631 3279 919 3363 πάντως
990 3282 1517 3389 ἀναμφίλογον,
1592 3281 1705 3361 ὅτι
1781 3283 1908 3378 τῆς
1985 3277 2168 3358 κατὰ
2251 3277 2472 3377 νόμον
2541 3279 2935 3365 πολιτείας
3012 3279 3050 3376 ἡ

633 3400 981 3489 ἀπόθεσις
1019 3410 1147 3505 τῆς
1186 3412 1284 3491 εἶς
1319 3406 1652 3509 Χριστὸν
1688 3403 2085 3509 συναφείας
2133 3397 2471 3509 προξενεῖ
2512 3400 2645 3500 τὴν
2685 3404 3044 3505 δύναμινς

631 3529 1116 3628 περιτέμνεται
1172 3530 1413 3610 τοίνυν
1470 3532 1657 3610 οὕτω
1713 3527 1844 3627 μὲν
1901 3530 1940 3605 5
1995 3526 2322 3630 Ἰσραὴλ,
2381 3526 2930 3628 διακαθαίρεται
2987 3527 3054 3609 δὲ
3071 3563 3115 3616 :3

631 3656 923 3750 μᾶλλον
961 3654 1079 3731 καὶ
1115 3656 1154 3733 5
1189 3652 1365 3734 ποτὲ
1402 3661 1491 3758 τῇ
1530 3655 1759 3733 κτίσει
1798 3649 2205 3754 λατρεύσας
2241 3648 2441 3751 παρὰ
2482 3647 2611 3728 τὸν
2649 3653 3048 3746 κτίσαντα,

632 3771 765 3872 τὴν
838 3776 1143 3880 ἀρχαίαν
1219 3776 1442 3856 νόσον
1515 3775 1940 3870 ἀποβαλών.
2057 3776 2132 3855 τί
2195 3773 2341 3876 γὰρ
2412 3771 2594 3873 πρὸς
2669 3775 2948 3861 αὐτοὺς
3019 3778 3054 3854 5

296 3905 443 4020 ξξω·
458 3921 506 3953 v.
636 3901 932 3985 Παῦλός
993 3908 1271 4008 φησιν·
1253 3961 1273 3999 ,
1346 3911 1388 3948 “
1419 3906 1509 3981 Ει
1565 3900 1712 4006 γὰρ
1767 3903 2007 4006 ἐχθροι
2063 3898 2262 3984 ὄντες
2320 3897 3056 4000 κατηλλάγημεντω
3027 3905 3054 3920 ““

634 4034 677 4070 “
715 4029 880 4131 Θεῷ
946 4023 1062 4105 δια
1125 4033 1251 4105 τοῦ
1316 4027 1627 4107 θανάτου
1692 4034 1819 4105 τοῦ
1874 4030 2058 4104 Υιοῦ
2124 4026 2361 4120 αὐτοῦ,
2420 4028 2690 4129 πολλῷ
2750 4032 3058 4122 μᾶλλον

634 4149 1289 4252 “καταλλαγεντες
1345 4148 1839 4250 σωθησόμεθα
1895 4151 1970 4228 ἐν
2024 4153 2116 4253 τῇ
2172 4147 2315 4252 ζωῇ
2369 4147 2638 4225 αυτοῦ)
2734 4154 3106 4232 αἰτιᾶταιΞ

294 4291 537 4356 GaLiv.9.
565 4290 610 4355 d
635 4269 712 4352 δὲ
761 4275 886 4352 καί
931 4281 1165 4381 φησιν
1199 4277 1275 4353 ἐν
1311 4275 1569 4377 ἑτέροις
1588 4283 1652 4366 ,“
1683 4277 1868 4353 Νυνὶ
1921 4271 1997 4351 δὲ
2048 4270 2340 4373 γνόντες
2377 4267 2593 4362 Θεὸν,
2632 4277 2951 4369 μᾶλλον
2988 4273 3056 4353 δὲ

703 4558 756 4611 9.
791 4544 1113 4612 παραιρεῖται
1138 4540 1204 4594 Ε.
1212 4539 1269 4595 F.
1291 4560 1614 4610 παραιτειται
1639 4536 1744 4593 Ed.
1767 4536 1845 4592 ἵσ.
1870 4538 2190 4609 παραφεῖται
2218 4535 2321 4590 Ed.
2347 4552 2459 4606 mg.
2680 4553 2765 4592 10.
2805 4539 2946 4595 ἐθῶν
2969 4557 3056 4594 n-

631 4621 910 4680 sumptum
936 4631 1003 4665 ex
1032 4612 1096 4665 E.
1319 4628 1402 4680 15.
1440 4608 1570 4681 γὰρ]
1598 4610 1692 4678 μὲν
1715 4612 1816 4679 γὰρ
1846 4608 1909 4663 Ε.
2129 4607 2212 4661 16.
2252 4606 2663 4678 ὀλιγωρίσαντες
2689 4607 2756 4662 Β.
