3238 5158
626 349 760 412 590
1234 350 1317 415 B.
1364 349 1787 416 CYRILLI
1844 350 2433 417 ALEXANDR.
2809 371 2926 414 xv.
2961 367 3062 433 ¹9·

630 511 1093 614 διαιτήσεται,
1140 519 1259 596 καὶ
1317 517 1487 596 λίαν
1535 517 1759 618 ἡδέως
1811 516 2054 599 ἔσεται
2110 517 2296 599 κατὰ
2347 515 2614 599 ταύτὸν
2665 519 2792 596 καὶ
2849 513 3070 596 συνέ-

626 671 802 717 σται
838 637 1334 745 φιλοφρόνως·
1395 640 1700 751 βεβήλῳ
1751 641 1827 724 δε
1874 642 2104 724 πάλιν
2139 644 2180 723 5
2216 651 2536 727 τοιοῦτος
2576 640 2710 723 τὸν
2748 637 3062 744 τρόπον.

289 767 412 883 {gv-
436 784 487 819 ¹·
625 761 961 864 ταύτητοι
1008 767 1128 845 καὶ
1180 764 1395 865 νόμος
1445 767 1487 845 5
1538 766 1657 846 διὰ
1696 767 2078 852 Μωυσέως
2127 765 2598 866 διαστολὴν’
2559 772 2884 846 εποιεῖτο
2935 762 3072 864 τὴν

625 885 764 967 ἀνά
797 887 1031 987 μέσον
1067 890 1278 991 ἁγίου
1313 924 1391 968 τε
1425 893 1545 970 καὶ
1580 888 1912 990 βεβήλου
1949 894 2158 999 φημὶ,
2196 888 2461 990 ἄμικτοί
2489 924 2650 973 πως
2683 888 3072 990 ἀλλήλας

624 1016 744 1092 καὶ
801 1009 1188 1117 ἀσύγχυτα
1245 1012 1339 1092 τὰ
1397 1020 1694 1094 τοιαῦτα
1757 1020 2019 1116 τηρῶν,
2076 1012 2261 1094 κατά
2328 1009 2412 1116 γέ
2476 1011 2607 1094 τὸν
2662 1015 2744 1093 ἐν
2805 1013 3068 1118 ἀγάπῃ
3089 1029 3118 1087 5

287 1145 476 1274 ἑξῡέὃ
623 1135 883 1238 λόγον·
962 1147 1006 1185 “
1034 1137 1426 1239 Φθείρουσι
1488 1136 1634 1241 γὰρ
1688 1138 1841 1239 ἤθη
1905 1137 2199 1243 χρηστὰ
2249 1138 2535 1237 ὁμιλίαι
2594 1136 2888 1236 nannai?
2953 1140 3068 1216 καὶ

623 1267 937 1361 πολεμεῖ
963 1296 1120 1348 πως
1157 1262 1515 1362 ἀλλήλοις
1550 1260 1646 1342 τὰ
1681 1263 2169 1367 ἑτεροτροπεῖν
2205 1261 2549 1368 ᾑρημένα,
2585 1264 2708 1341 καὶ
2761 1260 2870 1341 τὰ
2918 1270 3070 1345 τοῖς

557 1402 604 1469 d
626 1391 723 1470 εὶς
775 1386 861 1467 τὸ
929 1387 1247 1467 ἐναντίον
1301 1386 1667 1482 βλέπουσι
1723 1386 2161 1494 διῳκισμένα
2224 1383 2592 1486 θελήμασι
2660 1391 3066 1491 μονανουχὶ

625 1512 743 1590 καὶ
809 1510 1165 1611 ἀλλήλων
1225 1516 1629 1613 κατηγορεῖ,
1695 1508 2025 1615 ἑκατέρου
2087 1510 2173 1592 τὸ
2237 1515 2488 1591 οἰκεῖον
2556 1507 3063 1615 θαυμάζοντος

625 1634 1074 1737 ἐπιτήδευμα.
1176 1635 1434 1715 οὐκοῦν
1498 1634 1779 1738 ἀνάγκη
1844 1640 2220 1735 μισεῖσθαι
2282 1633 2414 1715 τὸν
2472 1634 2916 1740 φιλάρετον,
2976 1627 3060 1716 δι’
3083 1660 3134 1701 ¹⁸

625 1757 728 1840 ὧν
764 1757 977 1845 αὐτὸς
1015 1756 1444 1862 θαυμάζοιτο
1479 1757 1612 1859 τὴν
1651 1758 2084 1866 φαυλότητα
2133 1760 2624 1863 διελέγχοντα,
2665 1762 2796 1840 καὶ
2849 1759 2942 1841 τὸ
2991 1763 3062 1840 ἐν

627 1891 777 1970 τοῖς
825 1891 1164 1986 πονηροῖς
1215 1881 1477 1989 αἶσχος
1529 1885 2164 1983 ἀπολευκαίνοντα,
2198 1887 2289 1990 τῇ
2338 1890 2486 1962 τῶν
2529 1884 2820 1963 οἰκείων
2855 1888 3052 1965 ἀντι·

628 2007 1023 2111 παραθέσει
1060 2008 1373 2112 τρόπων·
1430 2006 2033 2113 παραδειχθέντος
2084 2006 2227 2111 γὰρ
2276 2015 2405 2087 τοῦ
2454 2010 2761 2110 ἀγαθοῦ,
2805 2009 3056 2108 πολλή

627 2167 785 2217 πως
834 2130 1113 2234 ἀνάγκη
1163 2130 1249 2212 τὸ
1299 2138 1588 2237 φαῦλον
1633 2135 2099 2237 ἀσχημονεῖν.
2188 2130 2305 2211 διὰ
2352 2130 2620 2233 ταύτην
2669 2128 2882 2231 οἷμωι
2931 2132 3058 2234 τὴν

574 2300 611 2345 e
630 2257 862 2338 αἰτίαν
901 2265 1050 2342 τοῖς
1094 2255 1508 2367 φιλαρετοις
1564 2253 2091 2356 ε’πιμεμήνασιν
2136 2260 2204 2336 οἱ
2257 2253 2359 2354 μὴ
2413 2254 2543 2337 τὸν
2593 2254 2766 2336 ἴσον
2815 2259 3055 2343 αὐτοῖς
3077 2280 3125 2335 15

628 2381 1060 2487 ἐζηλωκότες
1102 2378 1395 2485 τρόπον.
1477 2381 1607 2461 οὐκ
1643 2383 1727 2488 ἐᾷ
1762 2387 2145 2484 τοιγαροῦν
2182 2384 2573 2461 λυπεῖσθαι
2606 2378 2781 2464 τοὺς
2821 2388 3052 2482 μαθη-

625 2505 777 2605 τὰς,
834 2504 969 2588 κᾶν
1023 2505 1569 2612 ἀπηχθημένους
1624 2501 1913 2591 ἑαυτοὺς
1983 2506 2212 2610 ὁρῶσι
2276 2508 2382 2614 τῷ
2446 2503 2706 2614 κόσμῳ
2783 2506 2913 2586 διὰ
2973 2505 3054 2587 τὸ

626 2631 1019 2741 φιλάρετον
1054 2635 1173 2712 καὶ
1217 2630 1350 2731 τὴν
1388 2636 1485 2715 εἷς
1530 2626 1751 2710 αὐτὸν
1787 2628 2176 2729 εὐσέβειαν,
2214 2630 2488 2735 χαίρειν
2522 2628 2601 2709 δὲ
2635 2635 2951 2732 μᾶλλον
2982 2635 3054 2712 ἐκ

623 2763 772 2837 τῶν
818 2755 1155 2837 ἐναντίων
1203 2760 1595 2857 εἰσηγεῖται
1652 2757 1819 2853 δεῖν,
1867 2753 2290 2860 δεχομένους
2346 2760 2445 2838 εἰς
2498 2752 2886 2862 ἀπόδειξιν
2929 2765 3052 2838 τοῦ

622 2880 826 2984 παρὰ
868 2886 1035 2989 Θεῷ
1084 2876 1465 2983 λαμπροὺς
1514 2877 1817 2958 ἔσεσθαι
1872 2882 1991 2958 καὶ
2041 2875 2270 2981 λόγου
2317 2877 2590 2963 παντὸς
2617 2877 2930 2987 ἀξιους,
2973 2880 3050 2961 τὸ
3073 2907 3124 2948 ²³

623 3011 1002 3107 μισεῖσθαι
1065 3002 1266 3105 παρὰ
1329 3004 1444 3083 τοῧ
1513 3002 1794 3108 κόσμου.
1890 3001 2126 3099 βλέπε
2188 3001 2335 3107 γὰρ
2400 3001 2597 3087 ὅπως
2657 3006 3052 3111 σφαλερω

625 3129 1015 3237 ἀπεδειξεν,
1082 3124 1262 3231 ὅπερ
1336 3123 1427 3228 ἦν
1497 3125 1682 3210 εἰκὸς
1755 3123 2055 3207 ἑλέσθαι
2126 3125 2378 3231 τυχὸν,
2438 3133 2854 3227 τληπαθεῖν
2927 3132 3051 3210 οὐκ

626 3254 1117 3360 ἀνεχομένους.
1197 3249 1284 3332 τὸ
1338 3248 1472 3349 μὲν
1510 3246 1657 3353 γὰρ
1713 3256 2090 3348 μισεῖσθαι
2142 3249 2342 3353 παρά
2390 3284 2624 3348 τινων,
2672 3247 2765 3351 ἦν
2819 3251 3052 3354 δήπου

625 3378 916 3463 πάντως
964 3378 1099 3481 οὐχ
1149 3372 1574 3477 ὁλοκλήρως
1625 3371 1944 3478 ἀζήμιον·
2006 3376 2175 3454 ἀλλ’
2215 3374 2346 3454 οὐκ
2395 3373 2540 3522 ἔχει
2590 3409 2726 3476 την
2771 3379 3046 3481 παραί·

294 3535 532 3597 ΒΒΒΑ,
571 3535 843 3603 ατησιν
879 3500 1263 3602 ἐλευθέραν
1294 3495 1496 3603 παρὰ
1534 3502 1727 3605 Θεῷ,
1763 3495 1962 3578 πολυ
2011 3496 2088 3578 δὲ
2140 3496 2228 3597 δή
2279 3531 2349 3579 τι
2399 3497 2486 3578 τὸ
2533 3498 2781 3601 κέρδος
2839 3537 2921 3583 εν
2957 3513 3122 3611 τῷιε

627 3627 922 3725 μᾶλλον
965 3626 1313 3722 ἐθελῆσαι
1360 3628 1618 3704 παθεῖν
1664 3620 1862 3702 αὑτό.
1943 3627 2004 3702 εἲ
2057 3619 2202 3726 γὰρ
2257 3622 2298 3701 5
2354 3621 2794 3721 μισούμενος
2855 3626 3054 3730 παρὰ

627 3754 774 3828 τῶν
811 3745 903 3828 τὰ
937 3750 1013 3828 ἐν
1049 3744 1309 3854 κόσμῳ
1344 3743 1928 3854 πεφρονηκότων,
1969 3748 2067 3830 ὡς
2102 3744 2244 3853 ἔξω
2287 3744 2541 3852 κόσμου
2579 3745 3048 3849 λελόγισται,

624 3868 755 3951 τὸν
800 3870 943 3974 ἄρα
990 3870 1092 3971 μὴ
1144 3869 1569 3972 μισηθέντα,
1616 3877 1765 3954 τοῖς
1817 3878 1947 3952 τοῦ
2001 3868 2284 3970 κόσμου
2331 3875 2572 3954 κακοῖς
2616 3873 3050 3955 συνδεῖσθαι

625 3992 892 4075 λοιπὸν
928 3992 1207 4098 ἀνάγκη
1246 4002 1457 4076 νοεῖν.

738 4117 845 4199 Τί
889 4119 1017 4200 οὖν
1072 4118 1217 4223 ἄρα
1277 4118 1395 4199 διὰ
1448 4118 1726 4199 τούτων
1780 4115 2245 4228 ᾠκονόμησεν
2292 4120 2333 4199 5
2378 4118 2763 4223 Χριστόςς
2830 4119 2924 4204 τὸ
2979 4124 3048 4203 ἐν
3067 4139 3113 4199 ³²

624 4243 998 4351 παῤῥησίᾳ
1032 4249 1399 4325 ποιεῖσθαι
1436 4242 1564 4324 τὸν
1599 4242 1830 4346 λόγον
1867 4243 2144 4342 αὐτοὺς,
2178 4247 2295 4324 καὶ
2348 4242 2450 4344 μὴ
2498 4245 2692 4323 αἰδοῖ
2735 4245 2832 4350 τῇ
2887 4246 3054 4349 περί

625 4403 821 4453 τινας
875 4375 1022 4448 τῶν
1071 4366 1609 4472 ἡμαρτηκότων,
1662 4367 1888 4470 ἤγουν
1938 4370 2254 4450 ἀπειθεῖν
2301 4366 2662 4468 ἑλομένων
2714 4373 2822 4478 τῷ
2881 4368 3047 4479 θείῳ

986 4602 1070 4662 15.
1109 4589 1529 4660 ε’πιμεμενίκασιν
1553 4586 1623 4644 Ε.
2151 4600 2236 4657 17.
2271 4582 2594 4658 ἀχθημένους
2617 4585 2686 4643 Ε.
