3238 5158
178 348 295 426 ,ἑκ
329 353 420 416 16.
580 352 696 416 IN
760 352 826 416 S.
876 349 1388 417 JOANNEM.
1481 352 1674 417 LIB.
1709 351 1827 417 VI.
1922 352 2126 417 CAP.
2175 353 2229 417 Ι.
2483 351 2610 416 169

220 515 348 619 γὰρ
382 517 512 616 μὲν
550 520 655 604 τίς
691 518 949 605 αὐτοὺς
985 526 1359 615 βουθυτεῖν
1395 519 1777 618 ἑλομένους
1827 520 2010 600 κατὰ
2060 519 2143 600 τὸ
2192 519 2602 616 σάββατον,

217 636 259 739 ἢ
292 646 402 721 καὶ
439 640 605 727 τοῦς
643 649 788 722 τῶν
825 642 1081 723 ἄλλων
1120 649 1392 723 θυσιῶν
1428 643 1968 743 ἐπιτηδεύοντας
2004 643 2353 747 τρόπους,
2397 645 2607 744 ἐγκα-

216 764 419 845 λέσαι
469 766 601 866 μὲν
649 767 875 847 πάλιν
917 774 1214 866 μᾶλλον
1264 765 1548 852 εἰκότως
1604 774 1663 846 εἶ
1720 765 1820 867 μὴ
1881 772 2107 876 δρῷεν
2145 764 2192 848 ἃ
2247 772 2454 872 χρῆν,
2491 768 2606 846 καὶ
2630 774 2674 839 b

216 895 353 972 τοῖς
387 894 515 990 τῆς
551 893 886 994 λατρείας
927 891 1165 990 νόμοις
1216 893 1588 999 ὠφείλετο.
1668 891 1786 971 ὅτε
1835 894 2074 971 τοίνυν
2110 891 2202 971 τὰ
2254 889 2430 992 ὑπὲρ
2479 892 2607 988 τῆς

158 1028 190 1087 5
216 1045 416 1093 τινων
452 1015 816 1117 σωτηρίας
862 1014 1047 1096 κατὰ
1102 1013 1320 1111 νόμον
1358 1014 1885 1113 καθοσιούμενα
1935 1016 2439 1097 ἀδιακωλύτως
2491 1016 2610 1093 καὶ

213 1137 283 1213 ἐν
316 1136 678 1246 σαββάτῳ
714 1138 896 1241 πρὸς
933 1136 1020 1219 τὸ
1056 1145 1245 1218 θεῖον
1281 1140 1652 1232 ἀναβαίνει
1698 1139 2241 1241 θυσιαστήριον,
2276 1146 2428 1223 πῶς
2481 1140 2610 1218 οὐκ

213 1257 298 1337 ἀν
330 1270 623 1357 μᾶλλον
658 1267 1057 1343 ἐπιτελοῖτο
1090 1263 1686 1365 πρεπωδέστερον
1722 1264 1766 1363 ἡ
1805 1270 1901 1348 εἶς
1948 1264 2331 1366 ἄνθρωπον
2368 1262 2603 1369 χάρις,

213 1387 290 1461 δι’
350 1383 433 1464 ὃν
492 1384 578 1466 τὸ
644 1393 884 1485 θαῦμα
945 1391 1060 1467 καὶ
1119 1389 1196 1466 ἐν
1251 1383 1616 1481 σαββάτω
1678 1385 1977 1483 δεκτόν;
2060 1396 2402 1494 λογισμῷ
2454 1422 2602 1467 τοι·

211 1519 473 1609 γαροῦν
510 1516 614 1620 τῷ
645 1513 992 1614 πρέποντι
1027 1509 1209 1613 πρὸς
1258 1510 1343 1590 τὸ
1394 1512 1656 1613 κρίνειν
1693 1510 1961 1613 ἄριστα
2000 1513 2425 1613 κεκλημένοι
2463 1519 2609 1591 τῶν
2634 1539 2671 1583 0

123 1649 190 1690 ¹0
212 1632 567 1713 Ἰουδαίων
607 1635 806 1732 τινὲς,
844 1639 960 1715 καὶ
1012 1637 1225 1733 μόλις
1276 1640 1404 1736 τῆς
1453 1641 1559 1743 τῷ
1605 1635 1791 1714 ἔθνει
1836 1637 2266 1738 προσούσης
2303 1635 2611 1734 ἀμαθίας

210 1754 336 1855 τὴν
383 1757 622 1864 ἀχλὺν
669 1767 815 1839 τῶν
864 1765 991 1858 τῆς
1048 1761 1357 1844 διανοίας
1413 1758 1760 1859 ὀμμάτων
1811 1759 2440 1861 ἀποπεμψάμενοι,
2479 1759 2612 1859 τὴν

209 1890 332 1960 τοῦ
370 1888 708 1985 Σωτῆρος
745 1882 1187 1987 θαυμάζουσι
1224 1883 1471 1991 δόξαν,
1509 1890 1567 1963 εἱ
1604 1888 1720 1963 καὶ
1759 1886 1959 1964 οὔπω
1996 1883 2297 1991 σφόδρα
2337 1892 2606 1969 καλῶς·

211 2004 554 2087 ἐλάττονα
590 2007 736 2110 γὰρ
769 2010 952 2113 ἤπερ
987 2011 1205 2113 ἐχρῆν
1245 2017 1564 2087 λαλοῦσι
1607 2012 1771 2110 περὶ
1821 2010 2060 2106 αὑτοῦ,
2098 2006 2614 2114 ἀποσχίζονται

211 2129 282 2208 δὲ
331 2139 479 2209 τῶν
524 2131 817 2230 ἑτοίμως
868 2132 1439 2236 κατακρινόντων
1485 2131 1728 2211 αὐτόν.
1807 2137 1871 2212 οἱ
1925 2131 2059 2233 μὲν
2103 2130 2248 2236 γὰρ
2303 2135 2613 2217 ἀνοσίως

119 2273 185 2334 15
210 2254 458 2363 φθόνῳ
513 2254 599 2336 τὸ
655 2264 855 2336 νικᾶν
909 2255 954 2358 ἢ
1014 2262 1352 2365 λογισμῷ
1406 2256 1718 2340 διδόντες
1773 2262 1877 2364 τῷ
1929 2257 2298 2358 πρέποντι,
2355 2261 2470 2337 καὶ
2525 2256 2612 2336 τὸ

207 2379 619 2478 μηδαμόθεν
683 2383 1152 2482 ἐγκαλεῖσθαι
1214 2381 1537 2485 πεφυκὸς
1600 2386 1699 2465 εἶς
1772 2383 2219 2483 παρανομίας
2287 2383 2614 2487 δέχονται

209 2500 525 2601 δύναμιν·
604 2510 670 2586 οἱ
722 2508 798 2586 δὲ
846 2512 937 2611 τῇ
992 2505 1212 2614 φύσει
1261 2514 1390 2586 τοῦ
1441 2504 1869 2610 πράγματος
1925 2508 2305 2610 ἐνορῶντες
2361 2509 2613 2610 ὀρθῶς,

208 2631 331 2726 τῆς
366 2631 652 2710 ἐκείνων
684 2632 956 2732 μωρίας
996 2630 1611 2734 καταδικάζουσιν.
2635 2626 2681 2692 d

320 2752 537 2838 Εἰκὸς
588 2752 663 2834 δὲ
715 2755 944 2855 δήπου
994 2759 1110 2835 καὶ
1163 2753 1405 2858 ἕτερόν
1441 2789 1510 2834 τι
1549 2759 1947 2856 κατορθοῦν
1981 2753 2362 2852 ἑλομένους
2400 2759 2615 2834 εἶπεῖν

115 2907 185 2948 20
207 2872 288 2956 τό
331 2877 493 2963 Πῶς
542 2873 819 2959 δύναται
872 2877 1204 2986 ἅνθρωπος
1256 2876 1670 2985 ἁμαρτωλὶς
1722 2878 2002 2957 τοιαῦτα
2053 2882 2307 2980 σημεῖα
2364 2884 2611 2974 ποιεῖν,

208 2999 357 3109 ὅλῳ
396 2999 563 3106 γὰρ,
593 3005 689 3087 ὡς
726 3003 894 3087 ἔπος
931 3008 1168 3097 εἰπεῖν,
1196 3009 1592 3083 συναθλεῖν
1626 3000 2026 3101 ἐπείγονται
2064 3006 2167 3108 τῷ
2204 3007 2351 3080 τῶν
2390 3002 2617 3102 ἁγίων

208 3130 485 3234 θεσμῷ.
568 3132 627 3206 εὶ
683 3125 827 3231 γὰρ
882 3127 1073 3210 ὅλως
1128 3127 1408 3233 ἐξεῖναι,
1455 3129 1713 3235 φασὶν,
1750 3124 2256 3230 ἐπιτρέψομεν,
2295 3127 2412 3204 καὶ
2468 3131 2618 3209 τοῖς

207 3250 502 3329 εἶωθόσι
559 3258 1015 3351 πλημμελεῖν
1070 3258 1218 3335 τοῖς
1280 3251 1456 3355 ὑπὲρ
1521 3249 1752 3353 λόγον
1811 3247 2438 3347 ἐπισεμνύνεσθαι,
2501 3250 2617 3327 καὶ

208 3371 598 3473 θαυμάτων
657 3375 969 3479 ὁρᾶσθαι
1033 3374 1288 3459 αὐτοὺς
1348 3370 1840 3477 δημιουργοὺς,
1895 3373 1973 3451 τί
2024 3371 2109 3451 τὸ
2177 3371 2462 3452 κωλύον
2517 3373 2619 3452 ἔτι

114 3522 180 3580 ²5
209 3506 540 3601 φανεῖται
594 3497 758 3582 τοὺς
815 3497 1406 3605 φιλεγκλήμονας
1461 3501 1590 3597 τῆς
1645 3503 1789 3576 τῶν
1842 3502 2243 3603 προφητῶν
2290 3496 2619 3597 πληθύος

206 3628 655 3725 κατηγορεῖν,
720 3621 766 3723 ἢ
842 3626 959 3702 καὶ
1034 3623 1228 3729 αὐτῷ
1291 3620 1551 3702 λοιπὸν
1616 3620 2049 3727 ἐπιφύεσθαι
2125 3626 2229 3728 τῷ
2290 3621 2618 3728 μακαρίῳ

211 3747 548 3843 Μωυσεῖ,
587 3749 703 3824 καὶ
752 3747 828 3825 ἐν
864 3747 1111 3846 μηδενὶ
1159 3751 1523 3825 ποιεῖσθαι
1572 3743 1779 3851 λόγῳ
1827 3741 1956 3822 τὸν
1993 3744 2177 3822 οὕτω
2226 3741 2521 3842 σεπτὸν,
2561 3750 2618 3822 εἶ
2639 3777 2675 3820 e

207 3873 323 3947 καὶ
380 3872 501 3949 ἐπὶ
555 3876 702 3953 τοῖς
758 3870 1098 3949 ἁπάντων
1147 3870 1471 3970 ἀρίστοις
1518 3871 1952 3970 μαρτυροῖτο
2001 3868 2610 3969 κατορθώμασιν;

206 3993 470 4072 οὐκοῦν
514 3996 630 4072 καὶ
682 3994 882 4072 αὐτοὶ
931 3992 1500 4095 συναγορεύουσι
1554 3995 1647 4097 τῇ
1697 3997 1843 4069 τῶν
1888 3990 2218 4092 πατέρων
2266 3990 2446 4097 δόξῃ
2504 3988 2622 4071 διὰ

116 4136 184 4194 30
208 4113 566 4220 Χριστὸν,
599 4116 979 4223 πρόφασιν
1016 4114 1268 4221 ῶσπερ
1302 4114 1461 4196 τινὰ
1511 4120 1640 4215 τῆς
1690 4120 1787 4198 εἰς
1837 4114 2135 4197 ἐκείνους
2180 4114 2467 4215 ἀγάπης
2504 4117 2622 4194 καὶ

205 4238 297 4318 τὰ
334 4237 452 4320 ἐπ’
491 4240 686 4347 αὐτῷ
719 4239 1113 4347 δεξάμενοι.

278 4462 334 4515 8.
373 4463 622 4548 λογισμῷ
647 4463 924 4532 τοιγαροῦν
946 4459 1050 4515 hoc
1074 4460 1262 4515 ordine
1288 4460 1356 4516 Β.
1502 4479 1553 4531 9.
1589 4458 1887 4530 κεκλημένοι
1909 4458 1975 4513 Β.
2002 4457 2288 4529 κεκλιμένοι
2315 4458 2495 4513 Holst.
2515 4458 2619 4513 Ed.

214 4548 298 4586 10.
335 4552 652 4601 προσουσης
678 4530 742 4585 Β.
767 4529 1070 4599 πρεπούσης
1099 4531 1193 4585 Ht.
1223 4532 1326 4586 Ed.
1655 4549 1737 4598 14.
1771 4530 1992 4588 ἀνοσίως
2019 4530 2137 4585 B.a.
2163 4530 2360 4602 ἀνοσίῳ
2391 4529 2488 4584 Ht.
2516 4529 2618 4583 Ed.

210 4619 298 4657 22.
336 4603 527 4674 θεσμῷ
557 4601 620 4658 Β.
651 4601 748 4657 Ht.
774 4602 920 4676 ἐσμῷ
945 4601 1248 4656 emendavit
1272 4613 1334 4657 ut
1358 4602 1582 4657 adnotat
1603 4604 1718 4673 ipse
1743 4602 1889 4656 Λεὼ.

298 4703 450 4749 VOL.
486 4703 560 4748 11.
1443 4705 1477 4747 Z
