3238 5158
596 334 720 398 132
1194 332 1272 396 Β.
1318 330 1742 396 CYRILLI
1801 330 2376 396 ALEXANDR.
2729 347 2863 389 vm
2887 322 3000 408 58.

596 501 692 581 ὡς
745 495 969 597 μηδὲν
1017 496 1101 577 τὸ
1155 495 1501 600 παράπαν
1544 496 1903 577 δύνασθαι
1957 492 2059 576 ὧν
2110 497 2330 600 ἐχρῆν
2378 498 2662 576 ἐννοεῖν.
2740 490 3004 591 μυρίας

595 619 740 726 γὰρ
799 619 1043 724 λόγων
1094 619 1592 727 περιστροφὰς
1656 622 2107 705 ἐπινοοῦντος
2171 620 2411 703 αὐτοῖς
2477 626 2603 698 τοῦ
2664 617 3005 716 Σωτῆρος

597 745 800 845 ἡμῶν
853 749 1204 847 Χριστοῦ,
1265 744 1413 824 ἅνω
1478 779 1556 824 τε
1624 747 1741 825 καὶ
1816 742 2013 824 κάτω
2082 741 2202 823 διὰ
2263 750 2410 824 τῶν
2471 743 2709 822 αὐτῶν
2771 738 3005 818 ἰόντος

594 866 956 972 ῥημάτων,
992 870 1111 947 καὶ
1142 866 1277 967 τὴν
1314 869 1498 948 ἰδίαν
1535 869 1776 952 αὐτοῖς
1825 867 2194 967 ἀϊδιότητα
2243 863 2723 968 πολυτρόπως
2772 894 2999 943 κατα-

597 991 1098 1091 σημαίνοντος,
1137 989 1341 1071 οὐδὲν
1377 991 1570 1075 ὅλως
1613 988 2141 1093 διαλογίζονται
2189 990 2418 1071 πλέον
2451 986 2554 1069 ὧν
2590 989 2819 1091 ὁρῶσι
2852 990 3008 1068 τοῖς
3038 1002 3075 1065 5

596 1123 725 1195 τοῦ
780 1113 1121 1212 σώματος
1175 1115 1606 1221 ὀφθαλμοῖς,
1664 1112 1917 1217 ὥσπερ
1972 1113 2051 1194 δὲ
2107 1120 2484 1198 παντελῶς
2537 1108 3008 1220 ἐξεστηκότες

536 1264 573 1308 0
599 1241 716 1319 καὶ
765 1237 1381 1341 παρακεκομμένοι
1433 1245 1561 1317 τοῦ
1612 1245 1740 1317 νοῦ
1790 1236 1921 1337 τὴν
1957 1235 2336 1340 ἐνέργειαν,
2375 1238 2504 1317 οὐκ
2553 1236 3008 1316 ἀνατείνουσι

596 1361 728 1463 τὴν
764 1362 1060 1466 καρδίαν
1095 1368 1192 1446 εἷς
1226 1360 1321 1442 τὰ
1354 1360 1726 1466 πρέποντα
1763 1366 1951 1469 Θεῷ,
1987 1359 2215 1443 πάλιν
2253 1359 2329 1441 δέ
2366 1364 2463 1446 ὡς
2500 1362 2601 1442 ἑνὶ
2645 1365 2793 1440 τῶν
2829 1356 3004 1437 καθ’

597 1486 783 1586 ἡμᾶς
831 1485 1233 1589 ἀνθρωπων
1276 1482 1440 1566 τότε
1495 1483 1712 1585 μόλις
1766 1484 2149 1593 ἀρξαμένῳ
2201 1519 2288 1565 το
2337 1481 2513 1565 εἶναι
2566 1486 2684 1563 καὶ
2733 1482 2810 1561 ἐν
2854 1487 3012 1564 τοῖς

597 1610 767 1689 οὖσι
820 1616 1074 1707 τελεῖν,
1130 1642 1247 1689 οτε
1302 1612 1419 1688 καὶ
1476 1607 1916 1710 γεγέννηται,
1969 1606 2411 1712 παραλόγως
2470 1606 2904 1708 ἐγκαλοῦσι
2917 1637 3013 1684 το
3045 1631 3121 1675 10
3229 1624 3238 1693 i

597 1738 886 1840 ψεῦδος,
939 1731 1100 1814 οὐδὲ
1156 1766 1336 1834 οπερ
1391 1730 1717 1832 ἤκουσαν
1770 1730 2112 1832 λέγοντος
2165 1734 2563 1815 εννοοῦντες
2619 1731 2875 1834 ὀρθῶς.
2967 1730 3014 1809 ὁ
3231 1736 3238 1811 Ι

597 1854 730 1955 μὲν
775 1854 919 1960 γὰρ
976 1854 1118 1961 ἔφη
1169 1860 1553 1935 τεθεᾶσθαι
1608 1853 1737 1936 τὸν
1770 1852 2121 1958 Ἀβραὰμ
2168 1853 2301 1955 τὴν
2344 1854 2615 1958 ἡμέραν
2658 1854 2899 1944 αὑτοῦ,
2941 1856 3016 1932 οἱ

600 1978 677 2058 δὲ
712 1979 1132 2080 μεταθέντες
1170 1976 1352 2083 πρὸς
1390 1975 1477 2059 τὸ
1514 1979 1834 2060 ἐναντίον
1869 1980 2063 2087 αὐτῷ
2099 1987 2228 2059 τοῦ
2264 1976 2491 2082 λόγου
2525 1976 2658 2078 τὴν
2685 1975 3014 2074 δύναμιν,

605 2100 788 2183 οὔπω
832 2100 976 2206 γάρ
1027 2109 1261 2211 φασιν
1299 2101 1480 2201 ἔχεις
1519 2102 1625 2197 ἔτη
1658 2103 2066 2197 πεντῆκοντα
2118 2109 2240 2184 καὶ
2287 2108 2442 2187 πῶς
2496 2100 2831 2182 τεθέασαι
2876 2094 3015 2179 τὸν

532 2232 578 2297 d
601 2225 984 2336 ‘Asspoedpo3
1044 2225 1345 2312 ἐλεεινὸς
1395 2235 1778 2329 τοιγαροῦν
1822 2228 1863 2307 ὁ
1912 2225 2323 2332 παράφρων
2353 2228 2717 2323 Ἰουδαῖος,
2752 2231 3014 2329 πολλῇ
3045 2249 3123 2311 ιε

603 2348 735 2450 μὲν
771 2353 879 2430 ἀεὶ
926 2348 1254 2453 συζήσας
1302 2350 1752 2458 ἀπαιδευσίᾳ,
1791 2352 2054 2451 μανίαν
2098 2349 2175 2430 δὲ
2225 2348 2359 2450 τὴν
2402 2349 2752 2429 ἀτίθασον
2786 2379 3006 2448 ποιη-

604 2470 920 2574 σάμενος
956 2472 1401 2582 σύντροφον.

503 2733 580 2807 58
637 2718 834 2793 Εἶπεν
888 2721 1112 2793 αὐτοῖς
1165 2727 1202 2794 ὃ
1247 2727 1498 2794 Ἰησοῦς
1543 2728 1754 2805 Ἀμὴν
1808 2729 1983 2805 ἀμὴν
2038 2728 2214 2805 Ain-m
2265 2722 2432 2808 ὑμῖν,
2487 2726 2637 2816 πρὶν
2680 2726 2986 2815 Ἀβραὰμ

1467 2855 1767 2928 Γενέσθαι
1818 2852 1952 2931 &sch
2004 2851 2156 2932 εἰμι.

725 3016 971 3097 Πάλιν
1005 3018 1120 3097 ἐπὶ
1158 3014 1243 3097 τὸ
1282 3017 1593 3118 σύνηθες
1631 3018 1825 3125 αὐτῷ
1863 3020 1979 3097 καὶ
2017 3018 2242 3123 φίλον
2276 3016 2705 3117 ἐπιτήδευμα
2739 3009 3010 3117 βαδίζει
3047 3047 3126 3087 20

608 3138 961 3243 Χριστός.
1045 3147 1269 3221 λαλεῖ
1296 3139 1431 3240 μὲν
1465 3139 1608 3246 γὰρ
1645 3138 1813 3221 ἔσθ’
1855 3140 1971 3222 ὅτε
2007 3139 2203 3221 πολὺ
2239 3141 2408 3221 λίαν
2443 3142 3011 3242 αἰνιγματωδῶς,

610 3266 728 3342 καὶ
800 3261 1173 3367 διαφόροις
1243 3264 1728 3371 ἐπικρύψεσιν
1802 3262 2234 3366 ἐπισκιάζων
2307 3262 2440 3364 τὴν
2506 3262 2856 3371 ἐξήγησιν
2928 3262 3018 3341 οὐ

551 3417 587 3462 e
609 3389 843 3465 πᾶσιν
876 3387 959 3490 ἐᾷ
1008 3386 1346 3487 γενέσθαι
1395 3392 1802 3494 καταφανῆ.
1883 3386 2065 3468 ἐπὰν
2109 3386 2187 3468 δὲ
2236 3387 2582 3471 συνέντας
2629 3386 2744 3491 ἴδῃ
2788 3383 3019 3486 μηδὲν

609 3505 777 3593 τοὺς
811 3509 1320 3612 ἀκροωμένους,
1346 3508 1509 3590 τότε
1545 3515 1673 3610 τῆς
1712 3513 2069 3619 ἀσαφείας
2107 3508 2592 3618 ἀπαμφιάσας
2624 3508 2752 3590 τὸν
2783 3506 3018 3611 λόγον

610 3632 1056 3736 παρατίθησι
1110 3631 1386 3735 γυμνὸν
1431 3637 1547 3713 καὶ
1603 3640 1839 3742 σαφῆ,
1888 3632 1929 3715 ὃ
1984 3633 2073 3735 δὴ
2129 3638 2247 3714 καὶ
2303 3638 2481 3738 δρᾶν
2522 3634 2638 3714 ἐπὶ
2689 3641 2816 3713 τοῦ
2871 3666 3016 3712 πα-
3049 3665 3134 3727 ¹5

611 3754 864 3860 ρόντος
902 3756 1273 3858 ἐπείγεται.
1352 3758 1591 3858 ἐπειδὴ
1631 3756 1774 3864 γὰρ
1810 3757 2013 3839 οὐδὲν
2048 3758 2356 3863 εὑρίσκει
2377 3751 2757 3853 συνέντας,
2786 3756 3020 3837 καίτοι

612 3888 892 3984 μακροῦ
955 3878 1510 3966 διιππεύσαντος
1576 3881 1825 3984 λόγου,
1886 3879 2047 3961 οὐδὲ
2104 3880 2528 3981 δυνηθέντας
2585 3883 2846 3961 ἐννοεῖν
2905 3880 3021 3962 ὅτι

614 4006 731 4084 καὶ
787 4001 1011 4089 ἀίδιός
1063 4005 1265 4085 ἐστιν
1319 4008 1416 4090 ὡς
1468 4003 1558 4114 ἐξ
1607 4005 1837 4085 ἀῖδίου
1889 4002 2202 4108 Πατρὸς,
2249 4008 2366 4084 καὶ
2425 4003 2537 4085 ὅτι
2589 4001 2842 4106 μείζων
2884 4013 3020 4086 τοῦ

590 4124 959 4232 ,Ἀβραὰμ
1012 4130 1462 4233 ἀσυγκρίτως
1513 4130 1608 4213 ῶς
1650 4127 1857 4227 Θεὸς,
1896 4125 2317 4237 ἀναφανδὸν
2353 4127 2492 4229 ἤδη
2542 4131 2773 4234 φησὶν
2808 4132 2907 4214 ὡς
2942 4131 3024 4210 ἐν

695 4363 741 4401 1.
777 4343 873 4417 ὧν]
902 4348 1035 4400 νοεῖν
1058 4347 1129 4403 ὃν
1155 4347 1221 4402 Β.
1247 4348 1552 4404 emendavit
1580 4349 1764 4405 Holet.
1954 4365 2035 4420 13.
2076 4348 2131 4404 δέ
2154 4348 2463 4418 μεταθέντες
2485 4367 2515 4404 e
2542 4347 2659 4403 Cat.
2690 4346 2844 4403 Harl.
2872 4350 3022 4405 Aub.

617 4425 672 4472 et
696 4417 770 4472 ita
793 4434 842 4471 a.
865 4417 1172 4486 μεταθέντες
1196 4418 1259 4488 δὴ
1288 4419 1352 4474 Β.
1384 4420 1480 4474 Ht.
1544 4419 1726 4512 πρὸς]
1749 4420 1822 4476 εἷς
1846 4437 1894 4474 a.
1979 4421 2115 4494 αὐτῷ
2140 4371 2302 4476 edidi.
2327 4421 2454 4476 αὐτὸ
2482 4419 2549 4475 Β.
2572 4418 2669 4474 Ht.
2741 4418 3024 4477 Neutrum

618 4486 818 4542 habent
841 4505 889 4542 a.
915 4487 1059 4542 Aub.
1342 4490 1425 4546 18.
1456 4490 1595 4580 ἀμὴν
1617 4493 1710 4545 alt.
1734 4499 2076 4561 assumptum
2100 4509 2166 4546 ex
2192 4490 2260 4547 Β.
2552 4506 2639 4562 ²3·
2677 4489 2946 4549 συνιέντας
2968 4510 3019 4548 ι.

620 4574 706 4625 24.
743 4558 1088 4630 ἇπαμφιάσας
1116 4559 1161 4612 Β
1187 4578 1253 4615 ex
1277 4578 1413 4616 corr.
1440 4560 1778 4634 ἅπαμφιέσας
1802 4579 1850 4617 a.
1878 4561 1982 4618 Ed.
