3238 5158
153 366 301 432 xvii.
335 387 429 432 11.
506 368 624 433 IN
684 367 1777 435 S.JOANNEM.L1B.X1.
1870 371 2241 438 CARIX.
2420 370 2548 433 69⁷

154 530 418 640 θρῶπῳ
471 530 557 615 τὸ
611 537 739 633 τῆς
794 532 987 618 θείας
1045 530 1359 641 δόξης*
1319 530 1529 641 ονομαί
1582 569 1661 615 τε
1716 569 1835 616 και
1888 542 2213 640 πρᾶγμα.
2276 531 2416 615 νόει
2473 531 2549 614 δὲ

151 655 395 754 πάλιν,
432 660 550 737 καὶ
607 656 822 742 σύνες
871 659 1204 761 ἀκριβῶς,
1263 657 1457 743 ὅπως
1506 657 1762 740 ἑαυτὸν
1813 657 1948 759 τὴν
2002 657 2245 762 ζῶσάν
2298 694 2375 740 τε
2433 661 2551 739 καὶ

153 779 643 862 ε’νυπόστατον
677 780 979 880 δύναμιν
1013 780 1232 889 ἔδειξε
1269 789 1399 862 τοῦ
1436 788 1631 863 Θεοῦ
1667 784 1784 863 καὶ
1825 784 2139 887 Πατρὸς,
2176 784 2265 864 δι’
2319 782 2403 884 ἧς
2458 779 2551 862 τὰ

152 901 391 985 πάντα
427 901 815 1009 ἐργάζεται.
876 912 1343 1013 προσφωνῶν
1378 903 1523 1008 γὰρ
1561 910 1678 987 καὶ
1710 907 1946 1010 λε’γων
1973 910 2251 1015 Timo-ov
2288 903 2548 1003 αὐτοῖις,

95 1065 129 1124 5
156 1028 314 1133 οὐχὶ
363 1026 451 1128 δὴ
485 1028 762 1114 τούτοις
814 1028 1134 1131 ἠρκέσθη
1183 1026 1425 1129 μόνον,
1463 1027 1716 1111 ἑαυτὸν
1766 1031 1841 1112 δὲ
1883 1031 2111 1114 πάλιν
2145 1028 2547 1135 παρακεκό-

153 1185 356 1252 μικεν
394 1153 692 1259 εὐφυῶς,
729 1156 826 1237 ὡς
862 1153 1152 1256 ἐνεργὸν
1187 1159 1285 1239 εἰς
1319 1153 1629 1258 τήρησιν
1664 1158 1780 1235 καὶ
1818 1156 2117 1253 δύναμιν
2156 1157 2386 1235 οὖσαν
2419 1151 2554 1253 τὴν

153 1281 269 1360 καὶ
330 1285 429 1364 εἰς
481 1289 693 1361 τοῦτο
744 1280 1179 1385 δραστήριον
1233 1289 1362 1362 τοῦ
1416 1279 1923 1384 γεγεννηκότος
1978 1280 2218 1360 αὐτόν·
2299 1284 2555 1386 τήρησον

155 1401 294 1508 γὰρ
350 1402 589 1491 αὐτούς
647 1410 878 1510 φησιν
934 1405 995 1485 ἓν
1051 1412 1143 1513 τῷ
1198 1406 1472 1512 ὀνόματί
1522 1441 1641 1487 σου
1698 1403 1751 1514 ᾧ
1796 1400 2104 1490 δέδωκάς
2157 1439 2301 1507 μοι.
2383 1405 2556 1508 ὁρᾷς

154 1536 281 1608 τοῦ
340 1523 567 1630 λόγου
620 1526 753 1627 τὴν
790 1526 1226 1636 ἀσφάλειαν.
1300 1528 1680 1626 ἀπονέμων
1726 1527 1869 1631 γὰρ
1915 1524 2165 1629 ῶσπερ
2215 1528 2332 1606 καὶ
2382 1529 2555 1604 οἰνα-
2579 1562 2617 1603 a
2658 1549 2790 1605 972
2808 1548 2887 1602 A.

65 1679 134 1722 10
157 1653 294 1735 θεὶς
349 1652 743 1755 διαπρέπον
797 1651 982 1757 μόνῃ
1034 1659 1125 1759 τῇ
1178 1656 1308 1752 τῆς
1355 1650 1689 1752 θεότητος
1737 1650 1959 1758 φύσει
2004 1650 2136 1750 τὴν
2189 1656 2336 1730 τῶν
2396 1648 2553 1730 καθ’

156 1773 336 1873 ἡμᾶς
402 1773 802 1876 ἐπισκοπὴν
866 1780 984 1857 καὶ
1045 1777 1472 1874 οἰκονομίαν,
1537 1777 1766 1883 ἑαυτῷ
1831 1774 2170 1855 δεδόσθαι
2234 1772 2367 1872 τὴν
2430 1777 2559 1872 τῆς

156 1897 487 2000 θεότητος
523 1898 748 2007 δόξαν
782 1905 1225 2005 παραχρῆμα
1269 1899 1790 2006 διισχυρίζεται,
1826 1897 1944 1979 διὰ
1979 1896 2063 1978 τὸ
2106 1902 2231 1997 τῆς
2282 1899 2557 2001 ἀνθρω-

156 2024 466 2128 πότητος
520 2030 797 2132 σχῆμα,
837 2027 1049 2108 δοτὸν
1092 2023 1268 2109 εἶναι
1322 2027 1561 2129 λε’γων
1612 2062 1697 2108 το
1748 2025 1969 2135 φύσει
2009 2023 2296 2130 προσὸν
2347 2026 2558 2132 αὐτῷ,
2734 2120 2746 2135 .
2814 2121 2826 2133 ι

157 2150 485 2230 τουτέστι
534 2161 581 2199 “
607 2149 692 2231 τὸ
729 2149 956 2248 ὄνομα
997 2150 1081 2231 τὸ
1128 2150 1305 2254 ὑπερ
1340 2158 1488 2232 πᾶν
1524 2150 1796 2249 ὅνομαθ
1893 2151 2057 2232 οθεν
2093 2153 2209 2230 καὶ
2259 2155 2555 2255 προσεῖ-
2651 2121 2785 2253 {m
2811 2119 2865 2169 ὡ

68 2308 134 2368 15
161 2274 277 2353 ναί
320 2281 568 2381 φαμεν
602 2280 707 2382 τῷ
741 2280 897 2382 Υἰῶ
948 2281 1278 2382 φυσικῶς
1329 2310 1459 2373 μεν
1496 2278 1591 2359 ὡς
1630 2278 1708 2356 ἐκ
1749 2273 2063 2379 Πατρὸς,
2099 2274 2561 2378 ἀνθρωπίνως

160 2395 234 2476 δὲ
283 2396 471 2478 κατὰ
517 2396 750 2497 δόσιν,
786 2396 967 2501 ἅπερ
1012 2402 1110 2483 ὡς
1161 2399 1539 2502 ἅνθρωπος
1589 2396 1886 2503 δέχεται,
1925 2399 2105 2478 ὅσον
2141 2402 2236 2481 εἰς
2286 2395 2565 2500 ἀνθρώ-

158 2553 295 2602 που
336 2518 567 2625 λόγον
619 2529 747 2602 τοῦ
785 2523 948 2603 καθ’
989 2522 1194 2623 ἡμᾶς·
1254 2523 1337 2601 οὐ
1392 2521 1534 2625 γὰρ
1574 2521 1798 2629 φύσει
1836 2520 2022 2605 Θεὸς
2067 2523 2107 2601 ὁ
2164 2521 2562 2623 ἄνθρωπος,

162 2643 343 2729 Θεὸς
400 2644 477 2725 δὲ
529 2645 752 2754 φύσει
788 2644 1115 2750 Χριστὸς
1173 2652 1233 2726 εἰ
1283 2649 1397 2726 καὶ
1448 2651 1680 2726 νοοῖτο
1731 2646 1895 2725 καθ’
1938 2646 2122 2745 ἡμᾶς
2166 2642 2285 2724 διὰ
2337 2640 2424 2724 τὸ
2481 2643 2569 2750 ἐξ

161 2768 384 2867 ἡμῶν.

70 2934 140 2975 20
268 2898 670 2997 Τηρεῖσθαι
726 2890 953 2995 γεμὴν
1000 2895 1074 2973 ἐν
1119 2900 1210 3000 τῇ
1267 2891 1432 2973 καθ’
1492 2893 1826 2991 ὁμόνοιάν
1867 2928 1944 2974 τε
2002 2894 2117 2973 καὶ
2172 2897 2566 2987 ταυτοβου-

163 3016 325 3096 λίαν
370 3015 627 3096 ἑνῶσει
678 3015 1018 3112 βούλεται
1075 3015 1239 3102 τοὺς
1288 3017 1613 3118 μαθητὰς
1669 3017 2262 3121 ἀνακιρναμένους
2317 3012 2567 3119 ῶσπερ

162 3138 518 3240 ἀλλήλοις
555 3146 763 3248 ψυχῇ
797 3147 913 3221 καὶ
950 3139 1303 3241 πνεύματι
1348 3146 1463 3221 καὶ
1500 3147 1603 3249 τῷ
1646 3144 1773 3240 τῆς
1810 3139 2087 3245 εἰρήνης
2123 3175 2239 3220 και
2278 3148 2632 3248 φιλαλ-Ι)

163 3263 427 3363 ληλίας
461 3270 731 3373 θεσμῷ,
766 3264 948 3368 πρὸς
985 3267 1265 3369 ἀρῤαγῆ
1322 3298 1484 3344 τινα
1516 3270 1647 3364 τῆς
1695 3262 1982 3366 ἀγάπης
2029 3263 2303 3362 δεσμὸν
2343 3296 2564 3342 κατα-

164 3388 720 3493 σφίγγεσθαι,
676 3424 773 3475 ως
827 3387 1034 3494 μέχρι
1074 3387 1430 3469 τοσούτου
1465 3393 1844 3490 προελθεῖν
1878 3385 2011 3486 τὴν
2059 3386 2338 3483 ἕνωσιν,
2376 3384 2569 3465 ὥστε

71 3543 140 3605 25
164 3515 281 3592 καὶ
339 3509 575 3594 εἰκόνα
633 3517 763 3613 τῆς
823 3517 1140 3620 φυσικῆς
1200 3510 1548 3612 ενότητος,
1604 3515 1733 3611 τῆς
1795 3512 1871 3591 ἐν
1937 3514 2176 3614 Πατρί
2239 3514 2358 3591 καὶ
2415 3514 2574 3617 Υὶῷ

165 3636 564 3738 νοουμένης,
601 3634 733 3737 τὴν
785 3634 1285 3740 προαιρετικὴν
1340 3630 1681 3738 γενέσθαι
1736 3632 2159 3741 συνάφειαν,
2214 3633 2575 3715 ἀδιάσπα-

166 3792 348 3840 στον
406 3757 743 3861 δηλονότι
810 3764 929 3840 καὶ
989 3758 1512 3866 ἀκατάσχετον,
1569 3757 1710 3839 ὑπὸ
1769 3755 2070 3859 μηδενὸς
2127 3755 2211 3838 τὸ
2271 3757 2575 3857 σύμπαν

166 3889 311 3963 τῶν
348 3884 425 3963 ἐν
460 3890 564 3990 τῷ
606 3879 865 3992 κόσμῳ
906 3881 1378 3989 πραγμάτων,
1415 3883 1571 3984 ἤτοι
1611 3887 2070 3987 φιληδονιῶν,
2110 3887 2207 3965 εἰς
2243 3877 2575 3981 ἀνομοιό-

167 4039 351 4105 τητα
407 4007 832 4108 θελημάτων
891 4005 1386 4114 ἐξελκομένην,
1449 4006 1954 4110 διασῶζουσαν
2015 4005 2091 4085 δὲ
2151 4012 2441 4106 μᾶλλον
2500 4008 2577 4084 ἐν

68 4169 145 4226 3ο
169 4129 448 4231 ἑνότητι
498 4135 590 4236 τῇ
632 4132 786 4212 κατ’
826 4132 1198 4227 εὐσέβειαν
1236 4133 1351 4210 καὶ
1405 4129 1797 4232 ἀγιασμὸν,
1835 4131 2050 4230 ἀσινῆ
2106 4134 2235 4229 τῆς
2289 4129 2577 4233 ἀγοίπης

169 4253 302 4354 τὴν
356 4254 676 4354 δύναμιν,
732 4251 774 4335 ὃ
829 4259 948 4336 καὶ
1003 4252 1343 4356 γενέσθαι
1398 4253 1890 4354 συμβέβηκεν.
1973 4256 2070 4336 ὡς
2122 4252 2345 4356 γὰρ’
2309 4288 2385 4332 εν
2421 4259 2575 4335 ταῖς
2600 4285 2636 4329 ο

299 4376 322 4402 Ι
623 4385 656 4403 Α
791 4381 810 4408 2
1031 4376 1050 4403 Ι
1295 4380 1315 4405 2
1385 4378 1405 4405 Ι
1942 4386 1975 4403 Α
2172 4375 2193 4402 Ι
2666 4365 2804 4413 Acta
2821 4361 2908 4409 SS.

169 4379 487 4486 πραξεσι
558 4414 705 4460 των
768 4388 1208 4461 αποστολων
1273 4412 1682 4481 ανεγνωμεν
1753 4387 1798 4427 “
1821 4384 1976 4458 Του
2040 4384 2366 4477 πληθους
2428 4383 2573 4456 τῶν
2666 4433 2762 4492 ΑΡ
2786 4444 2853 4476 w.

2667 4507 2746 4557 32.

321 4608 507 4665 16-18.
546 4610 775 4668 εἰς-διὰ
799 4617 1077 4682 assumpta
1100 4626 1164 4664 ex
1192 4608 1257 4663 E.
1544 4623 1634 4663 22.
1669 4606 1920 4676 ἀλλήλοις
1947 4606 2004 4663 E.
2034 4605 2297 4676 ἀλλήλους
2325 4604 2430 4662 Ed.

261 4709 404 4755 vm..
435 4711 511 4758 11.
1339 4710 1382 4771 4
1414 4709 1454 4753 u
