3238 5158
273 1491 407 1541 Phil.
431 1491 482 1541 ii.

272 1557 322 1620 6,
352 1568 398 1622 7.

605 339 735 402 200
1213 340 1292 405 B.
1340 339 1759 406 CYRILLI
1818 340 2396 406 ALEXANDR.
2792 340 2878 404 ix.
2907 356 3023 427 37.

550 531 585 574 c
608 502 1031 603 ἐμπέσωμεν
1088 506 1532 606 διαβολικὴν,
1589 516 1717 586 τοῦ
1777 507 2179 609 μυστηρίου
2241 505 2374 607 τὴν
2429 504 2777 604 ἀλήθειαν
2831 507 3025 584 ἀσυ-

608 624 823 710 νέτως
886 625 1471 730 ἀποτρεπόμενοι.
1571 631 1710 731 ἤδη
1773 628 1918 734 γάρ
1984 664 2170 714 τινες
2234 631 2348 709 καὶ
2411 635 2558 709 τῶν
2613 628 3025 709 δοκούντων

606 746 782 829 εἶναι
837 755 1322 854 Χριστιανῶν,
1380 755 1465 832 οὐ
1526 753 1858 838 συνέντες
1918 758 2235 856 ἀκριβῶς
2298 757 2428 848 τῆς
2490 751 2672 852 μετὰ
2736 752 3023 855 σαρκὸς

607 876 1009 974 οἰκονομίας
1074 873 1201 956 τὸν
1253 875 1560 976 σκοπὸν,
1616 880 2020 958 ἀποδιελεῖν
2078 876 2569 976 τετολμήκασι
2635 884 2764 957 τοῦ
2823 881 3020 956 Θεοῦ

610 996 858 1101 Λόγου
901 999 1028 1079 τὸν
1064 1002 1140 1080 ἐκ
1187 1001 1519 1103 γυναικὸς
1558 1004 1643 1082 δι’
1688 1003 1869 1100 ἡμᾶς
1907 1000 2284 1108 ληφθέντα
2322 998 2516 1099 ναὸν,
2554 1003 2671 1080 καὶ
2706 1005 2804 1084 εἷς
2841 1006 3018 1081 υἱῶν
3048 1022 3091 1081 5

608 1123 1084 1227 κατεμέρισαν
1121 1123 1346 1205 δυάδα
1383 1127 1511 1205 τὸν
1546 1126 1671 1207 ἕνα
1707 1128 1824 1207 καὶ
1860 1130 2147 1226 ἀληθῶς
2184 1125 2386 1222 Υὶὸν,
2416 1129 2532 1204 καὶ
2571 1123 2682 1204 ὅτι
2718 1123 3020 1226 γε’γονεν

608 1245 1008 1349 ἅνθρωπος·
1070 1247 1187 1329 διὰ
1235 1249 1377 1352 γὰρ
1428 1248 1723 1350 πολλὴν
1760 1250 2229 1398 ἀποπληξίαν
2266 1249 2664 1356 ἀπαξιοῦσι
2705 1246 2890 1328 κατὰ
2927 1247 3017 1329 τὸ

609 1373 792 1458 εἰκὸς
851 1374 1253 1476 ὁμολογεῖν,
1310 1370 1351 1453 ὃ
1406 1379 1522 1454 καὶ
1580 1373 1849 1477 δράσαι
1911 1377 1997 1454 δι
2058 1375 2242 1474 ἡμᾶς
2307 1374 2435 1453 οὐκ
2495 1372 2915 1523 ἀπηξίωσεν
2973 1375 3016 1452 5

613 1498 1058 1599 Μονογενής.
1138 1497 1350 1582 αὐτὸς
1383 1496 1588 1601 γὰρ(
1589 1501 1712 1578 6ἐν
1746 1504 2010 1649 μορφῇ
2038 1499 2306 1578 Θεοῦ
2270 1495 2652 1601 υπάρχων”
2694 1493 2875 1575 κατὰ
2926 1494 3016 1576 τὸ

540 1635 581 1698 d
608 1622 1125 1724 γεγραμμένον,
1168 1633 1211 1669 “
1248 1624 1383 1727 οὐχ
1436 1620 1827 1725 ἀρπαγμον
1872 1620 2205 1724 ἡγήσατο
2259 1656 2345 1701 το
2401 1619 2577 1701 εἶναι
2632 1621 2762 1701 ἰ’σα
2808 1626 3009 1728 Θεῷ,
3054 1651 3137 1693 10

607 1747 863 1824 “o'tAA'
903 1744 1153 1825 ἑαυτον
1192 1747 1493 1826 ε’κένωσε
1540 1746 1835 1850 μορφὴν
1873 1745 2140 1826 δούλου
2189 1743 2508 1845 λαβων,”
2549 1746 2666 1826 ἵνα
2720 1746 3017 1849 γένηται

607 1870 772 1949 καθ’
826 1870 1010 1967 ἡμᾶς
1065 1870 1441 1973 ἅνθρωπος
1497 1868 1776 1971 δηλαδὴ
1833 1874 2051 1975 χωρὶς
2109 1871 2485 1973 ἁμαρτίας·
2566 1875 2630 1950 οὶ
2690 1868 2768 1950 δὲ
2828 1876 3015 1975 φρο-

609 1999 862 2072 νοῦσιν
896 1991 1210 2077 ἐκτόπως
1246 1996 1700 2093 ἐπιτιμῶντες
1739 1995 2008 2098 τρόπον
2044 1993 2205 2075 τινὰ
2240 2000 2331 2099 τῇ
2369 1996 2522 2103 θείᾳ
2569 1999 2688 2075 καὶ
2731 2001 3007 2103 φιλαν-

609 2116 876 2220 θρῶπω
908 2124 1169 2224 βουλῇ,
1205 2119 1716 2221 παρωσάμενοι
1765 2117 1839 2198 δὲ
1891 2117 2073 2198 ὅσον
2109 2124 2204 2203 εἶς
2260 2119 2517 2203 οἰκείας
2564 2121 2834 2202 ἐννοίας
2884 2123 3016 2219 τῆς

607 2243 923 2340 ἀληθοῦς
962 2240 1283 2342 υἱότητος
1318 2241 1446 2322 τὸν
1482 2246 1558 2323 ἐκ
1609 2241 1943 2345 γυναικὸς
1992 2243 2369 2348 ληφθέντα
2411 2241 2603 2341 ναὸν,
2644 2243 2729 2322 οὐ
2766 2277 3005 2345 παρα·
3048 2273 3126 2333 15

607 2365 936 2470 δέχονται
986 2363 1118 2466 τὴν
1164 2370 1615 2465 ταπείνωσιν,
1654 2366 1850 2447 πολὺ
1905 2366 1980 2447 δὲ
2036 2371 2163 2466 τῆς
2219 2366 2556 2463 ἀληθείας
2605 2369 3009 2473 ἀπεσφαλ·

606 2487 826 2591 με’νην
863 2492 1302 2577 ἐπινοοῦντες
1347 2490 1590 2600 δόξαν,
1632 2492 1872 2594 ἕτερον
1907 2491 2037 2590 μὲν
2075 2487 2257 2570 εἶναι’
2302 2496 2493 2597 φασι
2541 2490 2669 2570 τὸν
2706 2492 2783 2569 ἐκ
2818 2495 3014 2570 Θεοῦ

548 2643 585 2688 θ
611 2613 907 2718 Πατρὸς
943 2613 1123 2696 Υὶὸν
1163 2620 1566 2717 Μονογενῆ,
1606 2615 1958 2711 τουτέστι,
2004 2613 2132 2695 τὸν
2181 2618 2257 2695 ἐκ
2306 2618 2434 2714 τῆς
2491 2615 2740 2699 οὐσίας
2792 2615 3012 2695 αὐτοῦ

606 2738 1038 2843 γεννηθέντα
1083 2739 1349 2843 Λόγον,
1407 2740 1647 2842 ἕτερον
1704 2737 1779 2818 δὲ
1832 2739 2062 2820 πάλιν
2114 2737 2243 2819 τὸν
2298 2742 2376 2819 ἐκ
2432 2736 2770 2842 γυναικὸς
2827 2736 3001 2818 υἱόν.

603 2862 755 2945 εἶτα
801 2870 929 2963 τῆς
980 2863 1463 2946 θεοπνεύστου
1512 2866 1803 2968 γραφῆς
1838 2860 2018 2943 Υἱὸν
2058 2868 2173 2943 καὶ
2221 2861 2551 2966 Χριστὸν
2600 2865 3001 2965 ἀνακηρυτ-
3042 2898 3124 2938 20

602 2988 873 3090 τούσης
935 2990 1078 3087 ἕνα,
1144 2996 1298 3074 πῶς
1365 2990 1524 3093 οὐχὶ
1589 2985 1884 3087 ἀπάσης
1948 2990 2088 3067 εἶσὶ
2164 2987 2598 3081 δυσσεβείας
2670 2986 3010 3096 ἀνάπλεῳ

603 3113 1093 3211 διατέμνοντες
1143 3120 1239 3198 εἶς
1289 3112 1415 3193 δύο
1464 3112 1593 3192 τὸν
1633 3112 1757 3192 ἕνα
1805 3114 1922 3191 καὶ
1973 3115 2261 3211 ἀληθῶς
2297 3110 2521 3209 Υὶόν;
2595 3109 2640 3217 ᾗ
2692 3110 2825 3212 μὲν
2863 3112 3010 3215 γάρ

603 3239 762 3316 ἐστι
818 3237 1004 3322 Θεὸς
1057 3236 1317 3340 Λόγος,
1376 3237 1611 3341 ἕτερος
1676 3241 1934 3316 νοεῖται
2000 3234 2201 3338 παρὰ
2269 3234 2402 3335 τὴν
2460 3233 2729 3337 σάρκα·
2815 3232 2862 3339 ᾗ
2930 3235 3009 3316 δὲ

605 3359 811 3465 σάρξ
849 3363 1069 3457 ἐστιν,
1105 3360 1344 3463 ἕτερόν
1381 3396 1449 3440 τι
1488 3366 1744 3441 νοεῖται
1780 3358 1980 3464 παρὰ
2016 3357 2143 3439 τὸν
2183 3358 2453 3462 Λόγον·
2519 3356 2566 3465 ᾗ
2604 3358 2680 3440 δὲ
2715 3357 3009 3463 γε’γονεν

270 3499 399 3556 632
417 3498 499 3555 A·
548 3514 584 3554 a
606 3482 984 3587 ἅνθρωπος
1034 3486 1074 3562 5
1122 3486 1200 3563 ἐκ
1249 3484 1445 3563 Θεοῦ
1489 3483 1782 3585 Πατρὸς
1820 3484 2087 3586 Λόγος,
2129 3484 2439 3586 ἀργήσει
2491 3489 2865 3568 παντελῶς
2921 3482 3007 3564 τὸ
3038 3523 3121 3583 25

606 3608 839 3711 ἕτερος
898 3610 1015 3687 καὶ
1068 3606 1303 3709 ἕτερος
1359 3605 1475 3686 διὰ
1528 3606 1663 3707 τὴν
1713 3609 2024 3713 ἅῤῥητον
2067 3608 2326 3689 ἕνωσίν
2371 3642 2448 3687 τε
2498 3611 2616 3689 καὶ
2664 3609 3000 3689 σύνοδον.

605 3729 704 3816 εἷς
753 3730 896 3834 γὰρ
947 3735 1064 3812 καὶ
1114 3730 1332 3830 μόνος
1367 3729 1564 3828 Υἱὸς,
1604 3736 1721 3813 καὶ
1769 3732 1913 3835 πρὸ
1963 3737 2093 3833 τῆς
2139 3730 2322 3837 πρὸς
2372 3732 2613 3837 σάρκα
2662 3732 3001 3832 συνόδου,

604 3861 720 3936 καὶ
770 3855 887 3936 ὅτε
926 3860 1251 3956 συνῆλθε
1303 3856 1541 3960 σαρκί·
1611 3856 1729 3937 διὰ
1777 3855 1854 3936 δὲ
1907 3860 2036 3957 τῆς
2089 3854 2360 3960 σαρκὸς
2411 3857 2830 3959 ὁλοκλήρως
2881 3856 3008 3937 τὸν

604 3979 986 4085 ἄνθρωπον
1042 3979 1501 4084 ὀνομάζομεν,
1554 3980 1683 4061 τὸν
1736 3984 1815 4061 ἐκ
1878 3984 2124 4089 ψυχῆς
2191 3984 2308 4062 καὶ
2374 3982 2715 4077 σώματος
2780 3981 3001 4083 λέγω.

602 4103 720 4183 διὰ
760 4105 1028 4208 ταύτην
1064 4106 1190 4186 οὖν
1201 4105 1367 4209 ’ἄρα
1420 4105 1553 4205 τὴν
1588 4104 1990 4212 πρόφασιν,
2025 4104 2657 4208 προνοητικῶτατα
2704 4103 2929 4186 πάλιν
2967 4108 3006 4186 ὁ
3035 4131 3118 4188 30

674 4324 726 4376 3.
763 4313 1088 4377 Χριστιανῶν
1114 4308 1177 4363 Β.
1181 4327 1228 4363 a.
1258 4308 1377 4364 Cat.
1407 4309 1560 4364 Harl.
1587 4316 1667 4379 xp
1670 4330 1894 4364 ιστιιινοι
1921 4307 2103 4363 ΗοῙεῐ.
2131 4307 2235 4362 Ed.
2427 4307 2479 4363 6.
2520 4306 2704 4378 κατεμέ
2739 4331 2862 4363 ισαν
2888 4308 2952 4363 Β.
2958 4328 3005 4363 a.

601 4378 1004 4446 κατεμερίσαντο
1034 4379 1128 4433 Ht.
1159 4377 1261 4434 Ed.
1468 4379 1550 4434 16.
1586 4331 2001 4451 ἀπεσφαλμὲνην
2027 4379 2092 4434 Β.
2118 4378 2525 4449 ἐπεσφαλμένην
2552 4379 2651 4435 Ht.
2730 4379 2783 4434 d.
2807 4379 3005 4435 desunt

602 4447 770 4503 haec
758 4466 811 4503 m
839 4467 888 4502 a.
1095 4467 1179 4505 21.
1217 4452 1336 4522 οὐχὶ
1360 4469 1406 4504 α.
1434 4452 1532 4521 οὐχ
1560 4450 1663 4505 Ed.
1862 4466 1946 4520 23.
1985 4450 2102 4505 ἐστι
2127 4468 2235 4504 om.
2267 4467 2315 4503 a.
2523 4467 2591 4518 24
2594 4448 2841 4522 .Λόγον]
2871 4453 3005 4505 Θεὸν

603 4521 772 4590 Λόγον
794 4537 842 4574 a.
1047 4536 1130 4588 25.
1169 4523 1198 4575 ὁ
1223 4538 1330 4576 om.
1362 4521 1425 4576 Β.
1453 4521 1747 4592 assumpsit
1771 4539 1800 4574 e
1827 4521 1947 4574 Cat.
1972 4529 2035 4574 ut
2060 4520 2167 4575 vid.
2194 4520 2338 4576 Aub.
2552 4535 2636 4593 27.
2676 4523 2781 4592 πρὸ
2783 4545 2808 4580 ς
2832 4522 3004 4593 σάρκα

599 4608 649 4645 a.
676 4592 845 4662 σάρκα
872 4590 936 4646 Β.
963 4592 1090 4648 κατὰ
1115 4593 1284 4661 σάρκα
1310 4591 1429 4648 Cat,
1457 4592 1611 4647 Harl.
1639 4593 1834 4663 σαρκὸς
1862 4591 1959 4646 Ht.
1988 4591 2090 4646 Ed.
