3238 5158
589 354 715 416 186
1192 354 1271 417 B.
1317 350 1734 416 CYRILLI
1791 346 2371 415 ALEXANDR.
2763 341 2851 404 ix.
2879 358 2988 423 29.
3013 369 3034 378 -

586 516 851 596 οἴονται
917 520 1171 620 χρῆναι
1248 523 1500 596 λυπεῖν
1564 521 1630 596 οἱ
1706 514 1980 595 διώκειν
2045 515 2128 594 οὐ
2197 509 2748 615 παραιτούμενοι
2816 501 2986 587 τοὺς

587 643 1019 743 ἀγαπῶντας
1079 639 1313 736 αὐτὸν,
1375 638 1493 719 διὰ
1550 638 1824 719 τούτων
1887 640 2123 718 αὐτῶν
2180 638 2307 716 οὐκ
2366 630 2624 716 εἰδότες
2683 628 2980 734 εὐφραί-

587 798 817 861 νουσι,
840 764 1397 875 ,λαμπροτέρους
1451 763 1526 843 δὲ
1573 771 1866 863 μᾶλλον
1914 760 2168 845 αὐτοὺς
2217 758 2749 866 ἀποφαίνουσιν
2799 753 2988 852 ἤπερ

586 890 877 988 ἀληθῶς
922 890 1184 966 ἀδικεῖν
1218 885 1581 991 ἰσχύουσι.
1664 885 2353 989 κατασμικρύνοντες
2402 881 2496 978 δὲ,
2535 884 2632 965 ὡς
2676 872 2880 973 εἰκὸς,
2918 879 2985 954 οἱ

586 1011 941 1095 πανώλεις
1016 1017 1404 1114 Φαρισαῖοι
1476 1009 1607 1095 τάς
1678 1011 1951 1090 ἑαυτῶν
2015 1006 2362 1114 κεφαλὰς,
2425 1006 2542 1085 ἵνα
2613 1000 2714 1103 μὴ
2789 999 2983 1102 λέγω
3013 1017 3054 1078 5

588 1131 938 1236 Χριστὸν,
977 1138 1137 1237 περὶ
1187 1133 1318 1233 μὲν
1355 1135 1594 1232 αὐτοῦ,
1636 1134 1718 1213 τό
1753 1136 2039 1214 Ἐκεῖνον
2089 1134 2345 1239 φασὶν,
2386 1123 2986 1222 ἐκπλατυνόμενοι

256 1272 391 1327 022
407 1269 487 1326 A·
533 1284 568 1324 a
590 1257 666 1338 δὲ
702 1255 953 1359 ὥσπερ
989 1264 1085 1344 εἶς
1121 1256 1538 1359 ἀλαζονείαν
1576 1257 1994 1361 ὑπέρογκον,
2022 1254 2338 1357 ἀνοήτως
2375 1252 2718 1354 λέγουσιν
2740 1247 2988 1355 εΗμέῖς

592 1378 665 1463 δὲ
701 1385 812 1463 τοῧ
851 1381 1188 1468 Μωυσέως
1232 1380 1429 1490 ἐσμὲν
1463 1379 1785 1489 μαθηταί.

492 1607 565 1665 ²9
602 1601 836 1683 Ἠμεῖο
890 1600 1162 1682 οἴδαμεν
1217 1607 1317 1672 ὅτι
1363 1600 1637 1672 Μωυσεῖ
1690 1605 2054 1670 λελάληκεν
2108 1605 2144 1672 ὃ
2199 1602 2386 1682 Θεὸς,
2429 1605 2660 1668 τοῦτον
2714 1599 2787 1665 δὲ
2841 1598 2960 1663 οὐκ

1398 1726 1671 1807 οἴδαμεν
1725 1732 1925 1798 πόθεν
1978 1728 2175 1796 ἐστίν.
3023 1750 3105 1792 10

700 1893 1343 1996 Ἀπαυθαδίζονται
1381 1892 1628 1991 πάλιν,
1668 1893 1901 1974 ὅπλον
1937 1893 2220 1999 ἔχοντες
2262 1889 2395 1990 τὴν
2432 1891 2669 1973 αὐτοῖς
2704 1886 2988 1987 συνήθη

593 2019 710 2096 καὶ
762 2014 1197 2122 φιλαιτάτην
1248 2015 1614 2116 ἀπόνοιαν,
1654 2020 1772 2096 καὶ
1818 2017 1925 2098 ἐπ’
1966 2016 2402 2120 ἀθραύστοις
2452 2014 2991 2117 ἀναισχυντίαις

522 2146 565 2210 b
591 2140 1171 2244 σοβαρευόμενοι,
1226 2140 1312 2220 τό
1365 2141 1613 2248 Ἡμεῖς
1671 2136 1940 2247 οἴδαμεν
1993 2140 2595 2248 ἀναφθέγγονται.
2668 2170 2982 2239 προστι·

591 2264 829 2348 θέντες
863 2261 940 2343 δὲ
977 2264 1085 2344 ὅτι
1125 2268 1408 2345 Μωυσεῖ
1450 2263 1835 2359 λελάληκεν
1872 2273 1902 2346 ὁ
1942 2266 2136 2362 Θεὶς,
2176 2261 2296 2344 διά
2341 2297 2419 2343 τε
2468 2260 2726 2342 τούτου
2772 2265 2990 2357 τιμᾶν

593 2389 704 2468 ὅτι
762 2389 1022 2491 πρέποι
1096 2392 1213 2467 καὶ
1276 2387 1574 2495 σφόδρα
1637 2381 2092 2491 διεγνωκότες
2155 2385 2394 2484 αὐτὸν,
2458 2381 2674 2491 ἑτέρῳ
2740 2381 2987 2490 τρόπῳ
3028 2408 3054 2448 ¹
3069 2405 3105 2466 5

589 2511 814 2594 πάλιν
891 2511 1194 2617 ὑβρίζειν
1266 2515 1342 2592 ἐν
1416 2514 1646 2593 οὐδενὶ
1727 2511 1819 2592 τὰ
1908 2513 2172 2594 ἐκείνου
2251 2511 2558 2595 τιθέντες
2629 2505 2984 2612 δόγματα.

592 2637 1097 2739 κατακρίνουσι
1152 2634 1296 2740 γὰρ
1353 2636 1737 2735 ἀσυνέτως,
1788 2635 1873 2717 ὃν
1926 2640 2125 2717 οὔπω
2181 2634 2655 2739 γινώσκουσι,
2698 2626 2993 2731 μᾶλλον

592 2759 667 2840 δὲ
705 2764 821 2840 καὶ
865 2760 1215 2858 μαθόντες
1266 2764 1651 2857 δυσσεβῶς
1698 2760 2142 2865 ἀτιμάζουσι,
2182 2763 2409 2839 καίτοι
2457 2766 2586 2838 τοῦ
2635 2755 2856 2855 νόμου
2903 2755 2992 2836 τὸ

592 2886 851 2968 ἀδίκως
884 2884 1150 2991 ἐξεῖναί
1176 2918 1373 2964 τισιν
1409 2884 1679 2988 ἀπηχές
1722 2919 1792 2963 τι
1835 2889 2012 2988 δρᾶν
2048 2882 2092 2984 ἢ
2131 2884 2584 2991 ψηφίζεσθαι
2617 2886 2993 2965 παντελῶς

594 3006 1182 3115 ἀποφάσκοντος.
1265 3016 1588 3088 τοιοῦτον
1635 3009 1720 3089 δέ
1763 3043 1833 3089 τι
1890 3014 2082 3115 φασὶ
2130 3010 2247 3087 καὶ
2295 3006 2414 3087 διά
2459 3006 2715 3087 τούτου
2765 3004 2992 3088 πάλιν
3023 3035 3108 3076 20

592 3129 1242 3232 Όμολογουμένως
1291 3130 1653 3227 λελάληκε
1699 3130 1882 3234 πρὸς
1919 3130 2220 3212 Μωυσέα
2273 3140 2303 3212 ὅ
2350 3132 2546 3216 Θεὸς·
2606 3131 2828 3212 οὐδεὶς
2875 3131 2995 3209 ἐπὶ

540 3288 577 3332 ο
598 3254 828 3361 τούτῳ
874 3251 1096 3354 λόγος
1143 3240 1515 3358 ἐνδοιάζειν
1551 3256 1956 3335 ἀναπείθων
1990 3252 2207 3351 τινὰς,
2251 3255 2510 3353 νόμους
2546 3253 2865 3357 ὡρίσατο
2901 3255 2990 3332 δι’

597 3378 837 3473 αὐτοῦ,
886 3379 1002 3456 καὶ
1053 3373 1219 3461 τοὺς
1275 3378 1386 3485 ἐφ’
1428 3378 1715 3488 ἑκάστῳ
1769 3386 1916 3459 τῶν
1968 3378 2339 3482 πρακτέων
2393 3379 2697 3457 τέθεικεν
2752 3376 2985 3478 ὅρους.

596 3498 1024 3603 παραβάτης
1061 3501 1187 3581 οὖν
1222 3501 1382 3604 ἄρα,
1417 3506 1672 3607 φησὶν,
1701 3509 1847 3583 τῶν
1883 3508 2089 3605 ἱερῶν
2125 3499 2599 3605 γραμμάτων,
2640 3502 2680 3580 ὁ
2716 3508 2864 3585 τοῖς
2900 3499 2990 3580 δι’

598 3626 864 3704 ἐκείνου
928 3630 1219 3731 φρονῶν
1281 3627 1640 3724 τάναντία,
1707 3631 1826 3706 καὶ
1900 3626 2200 3706 λέλυται
2273 3631 2536 3732 σαφῶς
2602 3626 2641 3704 ὁ
2705 3627 2821 3704 ἐπὶ
2891 3629 2997 3731 τῷ
3026 3651 3113 3713 25

599 3745 960 3856 σαββάτῳ
1017 3748 1309 3848 θεσμός·
1391 3750 1867 3853 ἐθεραπεύθης
1921 3748 2065 3853 γὰρ
2120 3752 2194 3829 ἐν
2243 3746 2629 3856 σαββάτῳ·
2700 3747 2828 3828 τὸν
2876 3751 2996 3829 ἐπὶ

598 3868 870 3955 τούτοις
943 3868 1218 3951 ἁλόντα
1291 3877 1408 3953 καὶ
1481 3874 2093 3976 κατεγνωσμένον,
2167 3878 2285 3954 οὐκ
2365 3873 2615 3952 εἰδέναι
2689 3874 2985 3954 δίκαιον.

671 4066 724 4116 4.
760 4047 1253 4118 κατασμικρῦνοντες
1279 4050 1393 4107 B.a.
1419 4051 1913 4121 κατασμικρῦνονται
1940 4051 2120 4106 Holst.
2147 4050 2253 4107 Ed.
2524 4062 2575 4120 7.
2611 4048 2713 4104 ὖπέ
2811 4072 2901 4105 κον
2925 4050 2997 4107 Β.

604 4118 703 4173 Ht.
729 4119 989 4189 ὑπέροχον
1012 4119 1159 4173 Aub.
1578 4139 1662 4178 11.
1697 4120 2158 4189 Ἀπαυθαδίζονται
2184 4121 2248 4175 Β.
2273 4121 2736 4187 Ἀπαυθαδίζοντες
2822 4130 2861 4175 t.
2887 4121 2995 4177 Ed.

606 4206 689 4245 12.
726 4190 1040 4259 φιλαιτάτην
1068 4188 1130 4244 Β.
1155 4192 1482 4262 φιλεστάτην
1510 4192 1608 4247 Ht.
1637 4192 1739 4249 Ed.
1947 4194 2029 4247 16.
2067 4190 2293 4259 ὑβρίζειν
2318 4191 2383 4246 Β.
2460 4190 2653 4245 Statim
2676 4191 2872 4245 lacuna
2894 4209 2997 4261 pro

601 4277 766 4314 sensu
794 4259 896 4315 Ed.
922 4260 1225 4331 ὑβρίζουσιν
1248 4263 1460 4354 conjicit
1489 4263 1686 4334 Heyse.
1943 4279 2030 4317 20.
2068 4264 2128 4331 ἐξ
2152 4262 2446 4335 ὑπεροψίας
2469 4279 2566 4353 pro
2590 4262 2674 4317 καὶ
2700 4262 2786 4316 διὸ
2809 4260 2999 4317 τούτου

599 4332 757 4384 πάλιν
780 4347 828 4384 a.
1102 4347 1189 4385 21.
1227 4332 1530 4389 οὖδας-δι’
1555 4331 1740 4405 αὐτοῦ]
1766 4334 1850 4389 καὶ
1874 4336 2060 4403 νόμους
2082 4334 2313 4402 ὡρίσατο
2336 4332 2400 4388 δι’
2427 4336 2586 4387 αυτοῦ
2609 4334 2692 4387 καὶ
2717 4332 2885 4389 οὐδεὶς
2908 4333 2998 4388 ἐπὶ

597 4400 764 4471 τούτῳ
787 4402 949 4471 λόγος
972 4399 1245 4468 ἐνδοιάζειν
1266 4403 1529 4458 ἀναπείθει
1552 4407 1694 4463 τινάς
1717 4423 1765 4460 a.
2183 4417 2268 4474 25.
2305 4404 2390 4458 καὶ
2411 4402 2627 4459 λέλυται
2654 4402 2753 4457 Ht.
2783 4402 2885 4457 Ed.
2912 4404 2999 4457 καὶ

599 4470 833 4526 ἶλέλυται
859 4471 1033 4544 (quasi
1059 4472 1141 4525 καὶ
1165 4473 1211 4525 εἷ
1233 4471 1472 4544 λέλυται)
1501 4474 1565 4531 Β.
1907 4474 1992 4531 26.
2032 4472 2377 4546 ἐθεραπεύθης
2404 4474 2522 4529 Bm.
2548 4472 2865 4544 ἐθεραπεύθη
2891 4473 2999 4529 Ed.

600 4596 686 4651 27.
722 4578 909 4634 εῑδέναι
933 4597 981 4634 a.
1009 4578 1114 4634 Ed.
1138 4542 1293 4632 εῖὲναι
1320 4577 1386 4631 Β.
2237 4603 2242 4610 -
