3238 5158
201 347 344 413 xvii.
372 370 431 418 2.
519 350 633 415 IN
694 351 763 416 S.
811 351 1319 418 JOANNEM.
1413 353 1605 419 LIB.
1655 355 1777 420 XI.
1869 356 2073 421 CAP.
2123 356 2241 420 IV.
2458 357 2584 420 665

199 515 482 620 τρόπον·
579 520 766 600 οὕτω
833 517 1031 600 θε’λω
1103 518 1222 600 ἵνα
1293 519 1515 619 μηδὲν
1576 527 1723 600 τῶν
1788 519 2135 602 δοθέντων
2196 519 2580 620 ἀπόληται·

198 639 371 748 δόξα
405 640 548 748 γὰρ
584 647 701 723 καὶ
737 644 918 744 αὕτη
951 640 1151 746 παρὰ
1191 641 1325 741 μὲν
1358 652 1490 723 τοῦ
1527 644 1821 747 Πατρὸς
1858 651 1955 729 εὶς
1990 643 2118 725 τὸν
2149 643 2350 741 Υἱὸν,
2388 644 2586 748 παρὰ

195 761 266 843 δὲ
314 773 442 846 τοῦ
475 769 656 845 Υἱοῦ
710 771 809 851 εἱς
858 765 985 846 τὸν
1021 766 1316 869 Πατέρα
1369 771 1850 870 διαδραμεῖται
1906 765 2160 850 πάλιν.
2244 768 2381 849 ἔδει
2440 767 2586 871 γὰρ

194 887 324 967 ἔδει
379 887 464 968 τὸ
523 889 957 997 ὑπεξούσιον
1020 889 1212 974 ὅλως
1276 893 1394 970 καὶ
1457 889 1596 970 ὑπὸ
1660 898 1864 997 χεῖρα
1926 891 2394 994 γεγενημένον
2456 900 2586 972 τοῦ
2609 929 2646 974 0

45 1051 63 1090 e
136 1038 169 1098 5
193 1010 422 1091 πάντα
483 1012 864 1117 ἰσχύοντος
930 1018 1122 1093 Θεοῦ
1182 1012 1449 1116 Λόγου,
1514 1016 2108 1113 διασεσωσμένον
2169 1012 2393 1122 ἅπαξ,
2468 1019 2586 1095 καὶ

46 1153 47 1160 ’
190 1134 262 1212 ἐν
308 1132 796 1236 ἀτελευτήτοις
847 1143 1080 1236 μεῖναι
1129 1142 1279 1222 τοῖς
1336 1138 1655 1239 ἀγαθοῖς,
1692 1141 1790 1222 ὡς
1843 1139 2096 1237 μηκέτι
2147 1135 2279 1235 μὲν
2326 1172 2581 1241 τυραν-

193 1263 459 1339 νεῖσθαι
516 1258 824 1368 θανόίτῳ,
860 1259 962 1360 μὴ
1000 1264 1245 1367 φθορᾷ
1298 1266 1718 1364 κρατεῖσθαι
1768 1263 1886 1341 καὶ
1929 1261 2324 1364 ἁμαρτίαις,
2359 1261 2586 1363 ἤγουν

191 1380 287 1460 ἔτι
319 1390 468 1467 τοῖς
500 1383 819 1488 ἀρχαίοις
856 1385 1274 1464 ὑποκεῖσθαι
1311 1390 1573 1467 κακοῖς.

291 1505 587 1605 Ἐπειδὴ
625 1503 701 1586 δὲ
736 1506 821 1587 τό
862 1500 1190 1593 Δίδωκαις
1228 1513 1412 1615 αὐτῷ
1448 1505 1748 1614 ἐξουσίαν
1792 1505 2029 1601 ποία-ης
2066 1506 2323 1615 σαρκὸς
2360 1512 2577 1611 θορυ-

47 1683 65 1724 ς,
105 1662 169 1701 10
188 1628 437 1727 βήσειν
472 1629 658 1715 εἰκὸς
714 1635 861 1710 τῶν
896 1632 1418 1734 ἁπλουστέρων
1454 1629 1673 1728 τινὰς,
1710 1629 1883 1738 φέρε
1938 1629 2028 1729 δὴ
2083 1631 2312 1714 ποίλιν
2366 1633 2587 1735 ὀλίγα

186 1749 357 1831 ἅττα
407 1754 787 1857 χρησίμως
839 1758 938 1838 εἶς
990 1760 1204 1833 τοῦτο
1259 1753 1608 1855 λέγωμεν,
1666 1755 1793 1834 οὐκ
1849 1755 2221 1837 ὀκνοῦντες
2277 1753 2397 1834 διὰ
2456 1753 2588 1853 τὴν

186 1876 439 1977 χρείαν,
476 1881 538 1955 εἶ
574 1879 691 1957 καὶ
726 1878 1023 1956 ἀσθενεῖ
1067 1882 1210 1960 πᾶς
1265 1875 1489 1978 λόγος
1537 1881 1637 1960 εἶς
1670 1874 1806 1976 τὴν
1837 1880 2002 1981 περὶ
2051 1883 2197 1957 τῶν
2245 1876 2586 1957 τοιούτων
2612 1885 2656 1951 d

185 1995 553 2102 ἐξήγησιν.
635 1999 967 2099 μάλιστα
1021 1996 1156 2098 μὲν
1214 1997 1359 2103 γὰρ
1416 2001 1563 2103 ἐρεῖ
1618 2002 1737 2080 καὶ
1801 2008 2013 2081 τοῦτο
2067 1998 2489 2104 πρεπόντως
2543 2003 2585 2081 ὃ

189 2120 443 2224 Κύριος
481 2129 586 2231 τῷ
620 2121 972 2229 ληφθέντι
1004 2121 1348 2227 σχήματι,
1383 2127 1487 2229 τῷ
1522 2127 1650 2223 τῆς
1685 2125 2188 2211 ταπεινώσεως
2232 2123 2429 2226 λέγω
2466 2127 2586 2204 καὶ

56 2310 65 2348 r
99 2278 163 2336 ¹5
184 2251 322 2328 τοῖς
356 2249 487 2341 τῆς
521 2243 1070 2349 ἀνθρωπότητος
1105 2244 1410 2349 μέτροις.
1484 2250 1604 2326 καὶ
1646 2247 1858 2352 δέχου
1891 2246 2022 2328 τὸν
2060 2246 2443 2351 λογισμόν.
2525 2255 2585 2326 εἱ

182 2364 306 2463 μὲν
358 2368 506 2474 γὰρ
565 2371 994 2474 ἐρυθριῶμεν
1050 2370 1426 2453 ἀκούοντες
1481 2369 1592 2449 ὅτι
1648 2374 1906 2456 δοῦλος
1962 2372 2431 2477 κεχρημάτικε
2495 2371 2582 2452 δι’

184 2489 379 2592 ἡμᾶς,
416 2493 647 2575 καίτοι
695 2498 841 2573 τῶν
879 2490 1075 2573 ὅλων
1115 2493 1380 2599 Κύριος
1427 2492 1528 2573 ῶν
1563 2495 1747 2594 μετὰ
1796 2503 1926 2575 τοῦ
1965 2494 2277 2599 Πατρὸς,
2316 2499 2433 2575 καὶ
2475 2495 2587 2575 ὅτι

185 2617 737 2721 κεχειροτόνηται
794 2627 838 2665 “
858 2616 1207 2712 βασιλεὺς
1256 2620 1370 2698 ἐπὶ
1430 2617 1621 2698 Σιὼν
1675 2615 1840 2720 ὅρος
1893 2615 1978 2698 τὸ
2037 2615 2242 2720 ἅγιον
2296 2619 2580 2710 αὐτοῦ,”
2675 2630 2760 2682 1²⁸·
2777 2633 2831 2681 ii·
2854 2630 2902 2682 ⁶·

185 2738 400 2821 καίτοι
455 2737 543 2822 τὸ
597 2738 976 2845 κατάρχειν
1033 2741 1388 2821 δυ’νασθαι
1441 2746 1589 2821 τῶν
1627 2739 1821 2822 ὅλων
1876 2743 1953 2821 ἐν
1997 2741 2139 2849 ἰδίᾳ
2196 2741 2413 2847 φύσει
2469 2745 2585 2822 καὶ

48 2846 54 2855 ”
93 2895 159 2935 20
185 2863 305 2943 οὐκ
367 2864 747 2965 ἐπίκτητον
814 2864 1020 2969 ἔχων,
1087 2860 1418 2967 ἐρυθριᾶν
1489 2863 1892 2945 ἀκόλουθον
1956 2863 2092 2945 κᾶν
2160 2865 2228 2945 εἴ
2276 2898 2345 2945 τι
2399 2864 2584 2971 λέγῃ
2607 2892 2645 2936 e

48 2966 51 2983 Ι
184 2986 516 3091 δέχεσθαι
569 2987 797 3069 πάλιν
843 2991 939 3072 ὡς
989 2986 1385 3091 ἅνθρωπος.
1461 2994 1519 3068 εἰ
1576 2987 1653 3068 δὲ
1708 2986 2155 3091 θαυμάῷμεν
2188 2990 2266 3068 ἐν
2301 2989 2587 3073 ἐκείνοις

183 3106 309 3208 τὴν
354 3109 687 3192 ἑκούσιον
729 3109 1119 3213 ὑποταγὴν,
1162 3110 1246 3191 τὸ
1302 3111 1670 3195 οὖσιωδῶς
1718 3110 2121 3214 ἐμπεφυκὸς
2171 3113 2299 3192 οὐκ
2355 3113 2577 3213 ἀγνο·

183 3239 417 3319 οῦντες
473 3235 778 3342 ἀξίωμα,
814 3236 893 3314 τί
937 3231 1040 3335 μὴ
1088 3232 1271 3337 πρὸς
1304 3236 1592 3320 ἐκείνοις
1628 3237 1746 3314 καὶ
1782 3242 1995 3315 τοῦτο
2030 3234 2523 3332 τεθαύμασται
2553 3268 2576 3332 ;

52 3444 61 3457 ,
180 3354 411 3438 πάντα
470 3357 615 3460 γὰρ
650 3355 853 3463 ἔχων,
890 3360 988 3443 ὡς
1023 3353 1239 3452 Θεὸς,
1283 3356 1628 3463 δέχεσθαί
1673 3363 1906 3465 φησιν
1944 3361 2042 3442 ὡς
2092 3358 2489 3460 ἅνθρωπος,
2525 3355 2584 3465 ᾧ

47 3474 155 3585 2²5
179 3475 259 3558 τὸ
313 3481 753 3580 βασιλεύειν,
790 3482 918 3562 οὐκ
973 3482 1333 3578 οὐσιῶδες,
1365 3479 1567 3560 ἀλλὰ
1622 3478 1853 3561 δοτόν·
1936 3492 1978 3528 “
2006 3481 2081 3562 τί
2129 3479 2274 3584 γὰρ
2321 3480 2499 3586 ἔχεις
2541 3480 2583 3563 ὃ
2672 3480 2834 3610 ἔρξ’·

179 3611 221 3648 “
253 3604 379 3683 οὐκ
414 3601 740 3704 ἔλαβες,”
798 3611 946 3690 τοῖς
987 3609 1134 3683 τῶν
1180 3610 1499 3706 γενητῶν
1536 3602 1842 3708 ἁρμόσει
1896 3605 2203 3709 μέτροις·
2283 3604 2583 3707 γενητὸς

176 3721 398 3807 δὲκαὶ
435 3731 477 3808 ὁ
515 3727 860 3832 Χριστὸς,
897 3725 1078 3809 καθὸ
1130 3726 1425 3830 γέγονεν
1461 3726 1859 3831 ἅνθρωπος,
1896 3730 2127 3809 καίτοι
2176 3726 2310 3829 τὴν
2348 3729 2583 3835 φύσιν

174 3849 507 3953 ἀγένητος
564 3850 684 3950 ῶν,
748 3848 925 3932 καθὸ
983 3847 1301 3955 πέφηνεν
1365 3852 1442 3931 ἐκ
1504 3856 1718 3933 Θεοῦ.
1816 3849 2055 3933 πάντα
2107 3851 2238 3951 μὲν
2293 3851 2440 3956 γὰρ
2498 3856 2573 3934 ἐν
2606 3886 2644 3926 a
2685 3874 2810 3929 951
2839 3873 2919 3929 Δ.

176 3976 340 4080 Θεῷ
395 3980 722 4082 φυσικῶς
777 4008 856 4054 τε
909 3976 1027 4055 καὶ
1082 3975 1274 4059 ἰδίως
1330 3971 1421 4054 τὰ
1474 3973 1718 4076 ἀγαθὰ
1773 3976 2036 4055 νοεῖταί
2099 4009 2177 4055 τε
2242 3977 2359 4055 καὶ
2422 3976 2585 4057 ἔστι
2669 4072 2684 4087 ⁹

50 4126 150 4209 r30
175 4095 354 4176 κατὰ
404 4096 772 4197 ἀλήθειαν,
811 4096 1196 4198 εἰσποιητὰ
1240 4095 1315 4177 δὲ
1360 4099 1437 4177 ἐν
1472 4098 1642 4197 ἡμῖν
1688 4101 1807 4177 καὶ
1841 4097 1958 4178 διὰ
1993 4100 2185 4182 θείας
2234 4102 2585 4203 χορηγού-

173 4253 349 4317 μενα
402 4217 717 4326 χάριτος.
800 4220 974 4302 ὅταν
1021 4223 1259 4301 τοίνυν
1295 4224 1394 4306 ὡς
1438 4222 1817 4324 ἅνθρωπος
1869 4227 1965 4306 εἶς
2012 4221 2143 4320 τὴν
2178 4221 2345 4303 καθ’
2384 4223 2586 4321 ἡμῶν

175 4343 565 4442 τεθειμένος
635 4342 869 4449 ἀρχὴν
933 4343 1276 4425 δεδόσθαι
1342 4343 1524 4450 λέγῃ
1591 4344 1790 4448 παρὰ
1858 4342 2150 4447 Πατρὸς
2211 4343 2341 4442 τὴν
2403 4342 2584 4424 κατὰ

320 4580 401 4633 19.
440 4561 606 4635 ὅλων]
642 4570 696 4629 4-
731 4563 902 4634 κύριος
927 4564 992 4620 Ε.
1474 4563 1560 4618 26.
1597 4563 1851 4637 γενητῶν]
1877 4566 2195 4636 γεννητόρων
2220 4562 2343 4631 (sic)
2372 4562 2441 4618 E.

258 4663 403 4708 vot..
436 4664 514 4709 11.
1293 4669 1337 4728 4
1370 4667 1414 4725 q
