3238 5158
614 343 743 408 ⁷30
1220 340 1298 406 Β.
1344 338 1763 406 CYRILLI
1824 338 2406 404 ALEXANDR.
2587 337 2746 401 xvii.
2775 355 2883 412 20,
2912 354 3019 401 21.

610 502 825 603 με’λη.
906 508 1022 584 καὶ
1077 514 1253 606 γοῦν
1289 507 1394 587 ἐπ’
1437 504 1618 585 αὐτὰ
1672 502 1805 604 τὴν
1851 501 1968 583 διὰ
2023 511 2150 583 τοῦ
2199 502 2617 602 Πνεύματος
2671 501 3026 599 εὐλογίαν

612 630 728 707 καί
765 627 1132 730 ἁγιασμὸν
1169 630 1767 726 καταπέμπεσθαι
1801 625 2000 731 παρὰ
2038 637 2165 708 τοῦ
2204 628 2382 708 ἰδίου
2421 624 2717 728 Πατρὸς
2756 626 3022 729 ἐρωτᾷ,

612 753 700 832 δι’
735 754 986 832 ἑαυτοῦ
1025 752 1099 832 δὲ
1135 751 1443 835 πάντως·
1505 754 1587 831 οὐ
1625 750 1770 855 γὰρ
1805 750 1893 852 ἦν
1929 751 2202 855 ἑτέρως,
2238 751 2522 854 ἐπείπερ
2560 751 2770 829 ἐστὶν
2807 745 3027 832 abras-

612 875 657 973 ἡ
731 876 932 979 ζῶσά
1006 911 1083 957 τε
1148 882 1263 956 καὶ
1327 874 1603 976 ἀληθὴς
1667 878 1784 955 καὶ
1849 875 2334 978 παντουργικὴ
2398 878 2516 954 καὶ
2582 871 3028 976 δραστήριος

281 1027 418 1082 995
437 1025 515 1080 A.
554 1040 588 1079 a
611 999 843 1105 σοφία
909 1003 1025 1079 καὶ
1091 1000 1385 1100 δύναμις
1446 1007 1576 1079 τοῦ
1634 997 2118 1101 γεννήσαντος
2179 997 2418 1078 αὐτόν.
2505 999 2678 1076 ἀλλ’
2740 997 2867 1076 ἵνα
2921 996 3021 1095 μή
3046 1020 3082 1080 5

611 1158 793 1206 τινες
847 1131 992 1204 τῶν
1040 1126 1122 1204 οὐ
1178 1126 1345 1203 λίαν
1393 1122 1908 1226 ἐπιεικέστερον
1953 1122 2218 1204 ἐπαΐειν
2258 1118 2852 1222 μεμελετηκότων
2895 1125 3024 1218 τῆς

611 1246 1090 1328 θεοπνεύστου
1126 1251 1412 1352 γραφῆς
1451 1251 1749 1345 οἰηθεῖεν
1784 1246 1874 1353 ἐξ
1914 1246 2262 1352 ἐλαφρίας
2296 1248 2410 1326 ἐπὶ
2446 1243 2710 1345 μόνους
2746 1249 3014 1344 κεκλῆ-

608 1377 786 1451 σθαι
835 1370 1001 1456 τοὺς
1048 1369 1373 1471 μαθητὰς
1420 1369 1553 1470 τὴν
1589 1377 1717 1448 τοῦ
1768 1371 1958 1450 θείου
1995 1369 2414 1469 Πνεύματος
2457 1369 3017 1474 καταφοίτησιν,

609 1493 813 1577 οὐδὲν
850 1495 926 1576 δὲ
961 1497 1124 1599 περὶ
1160 1495 1363 1594 ἡμῶν
1397 1499 1544 1573 τῶν
1581 1492 1731 1592 μετ’
1772 1496 2073 1578 ἐκείνους
2111 1492 2389 1595 δηλαδὴ
2431 1496 2550 1572 καὶ
2593 1496 2670 1591 ἐν
2704 1495 3020 1596 πρώτοις

610 1618 1016 1723 γεγονότων
1049 1626 1338 1723 καιροῖς,
1376 1618 1416 1697 ὁ
1464 1622 1659 1697 Θεοῦ
1715 1620 1832 1697 καὶ
1887 1617 2287 1721 ἀνθρώπων
2327 1619 2628 1717 μεσίτης
2678 1618 2721 1696 ὃ
2772 1614 3008 1719 παρά·
3045 1652 3120 1694 10

609 1756 875 1844 κλητος
930 1746 1046 1823 καὶ
1101 1739 1461 1848 ἀρχιερεὺς
1515 1749 1661 1821 τῶν
1712 1742 2071 1845 ἡμετέρων
2114 1746 2401 1847 ψυχῶν,
2435 1741 2845 1842 ἀναγκαίως
2898 1743 3015 1820 καὶ

608 1868 737 1952 τὰς
792 1875 937 1948 τῶν
981 1866 1320 1949 τοιούτων
1364 1863 1989 1970 προανασειράζων
2034 1866 2421 1949 ἀσυνέτους
2477 1865 2834 1962 ὑπονοίας,
2869 1869 3019 1948 τοῖς

609 1991 993 2095 εἰρημένοις
1026 1991 1365 2095 ἐπήνεγκε
1403 1989 1488 2071 τὸ
1520 1989 2004 2094 προκείμενον,
2042 1990 2413 2070 τουτέστιν
2447 1996 2556 2070 Οὐ
2594 1998 2741 2096 περὶ
2781 1988 3018 2068 τούτων

540 2120 585 2186 b
610 2111 682 2197 A}
732 2115 940 2221 ἑρωτῶ
987 2117 1173 2222 μόνον
1210 2112 1418 2196 ἀλλᾶ
1471 2123 1590 2197 καὶ
1644 2122 1791 2220 περὶ
1845 2113 1970 2194 τιῖν
2014 2116 2438 2196 πιστευὸντων
2476 2109 2595 2194 Aba
2643 2115 2755 2193 τοῦ
2803 2115 3018 2215 λόγου

606 2236 822 2318 αὐτῶν
878 2246 970 2325 εἰς
1026 2237 1169 2346 ἐμέ.
1270 2242 1387 2319 καὶ
1449 2237 1592 2341 γὰρ
1653 2235 1743 2339 ἦν
1795 2273 1951 2321 πως
2006 2238 2300 2336 ἄτοπον,
2356 2236 2443 2317 δι’
2492 2234 2646 2321 ἑνὸς
2699 2236 2832 2336 μὲν
2887 2244 3018 2317 τοῦ
3047 2264 3112 2325 15

602 2360 915 2466 πρώτου,
960 2366 1150 2469 φημὶ
1207 2360 1293 2463 δὴ
1349 2372 1477 2442 τοῦ
1512 2359 1776 2461 Ἀδὰμ,
1816 2360 2078 2463 διήκειν
2121 2364 2237 2443 ἐπὶ
2290 2361 2565 2445 πιίντας
2618 2358 2752 2458 τὴν
2796 2360 3019 2439 κατά-

604 2521 864 2591 κρισιν,
911 2490 1028 2567 καί
1085 2487 1391 2594 φορέσαι
1442 2485 1574 2587 μὲν
1627 2494 1756 2566 τοῦ
1807 2494 2057 2593 χοῖκοῦ
2110 2485 2244 2587 τὴν
2290 2483 2732 2594 ἀδοξοτάτ-ην
2777 2482 3018 2564 εἰκόνα

603 2616 721 2693 καί
760 2611 928 2714 τοὺς
973 2610 1072 2711 μὴ
1123 2613 1711 2715 ἁμαρτήσαντας,
1747 2612 1898 2691 κατ’
1941 2613 2162 2692 ἐκεῖνο
2217 2609 2293 2691 δὲ
2344 2609 2676 2712 δηλονότι
2729 2620 3005 2714 καιροῦ,

602 2734 767 2816 καθ’
826 2734 909 2815 ὃν
968 2740 1009 2817 ὃ
1063 2733 1461 2839 προπάτωρ
1519 2738 1649 2836 τῆς
1719 2737 1913 2845 αὐτῷ
1972 2737 2306 2837 δοθείσης
2360 2733 2832 2838 παρώλισθεν
2886 2737 3006 2815 ἐν·

600 2864 845 2959 τολῆς·
911 2858 1482 2960 ἐπιδημήσαντος
1536 2858 1612 2940 δὲ
1667 2868 1797 2940 τοῦ
1844 2865 2198 2963 Χριστοῦ,
2239 2857 2316 2943 ὃς
2372 2857 2461 2960 δὴ
2518 2861 2635 2938 καὶ
2691 2859 3013 2963 πέφηνεν
3041 2893 3118 2934 20

600 2982 922 3088 οὐράνιος
976 2984 1373 3085 ἅνθρωπος,
1428 2982 1530 3084 μὴ
1587 2986 1705 3064 καί
1767 2981 1901 3082 τὴν
1957 2984 2176 3064 αὐτοῦ
2240 2983 2467 3065 πάλιν
2519 2980 2754 3064 εἰκόνα
2817 2982 3014 3081 σύμ-

598 3143 874 3194 παντας
912 3106 1448 3207 ἀναμάττεσθαι
1484 3104 1651 3191 τοὺς
1690 3106 1779 3186 δι’
1819 3109 2038 3189 αὐτοῦ
2076 3107 2548 3208 κεκλημένους
2599 3114 2698 3191 εἰς
2743 3113 3010 3188 δικαιο-

273 3255 294 3290 ¹
313 3242 522 3293 0⁰²·n’·
601 3233 851 3333 σύνην,
907 3233 1283 3336 πρόδηλον
1337 3230 1414 3311 δὲ
1472 3230 1581 3312 ὅτι
1636 3231 1768 3332 τὴν
1826 3231 1941 3312 διὰ
1997 3233 2331 3317 πίστεως.
2427 3230 2677 3335 ὥσπερ
2741 3230 2820 3311 δὲ
2880 3241 3013 3312 τοῦ

266 3322 348 3373 ⁴9⁶
542 3393 579 3439 ο
601 3365 845 3462 χοϊκοῦ
893 3354 1026 3456 τὴν
1067 3354 1628 3457 ἀκαλλεστάτην
1668 3353 1922 3454 εἰκόνα,
1962 3353 2081 3437 διὰ
2125 3356 2370 3438 τύπων
2406 3358 2724 3460 ὁρᾶσθαί
2768 3364 3014 3464 φαμεν

599 3484 718 3561 καὶ
770 3481 956 3565 ἰδέας
1011 3479 1358 3581 τοιαύτης,
1396 3478 1442 3581 ἣ
1493 3483 1610 3561 καὶ
1661 3485 1790 3581 τῆς
1839 3483 2189 3585 ἁμαρτίας
2238 3482 2383 3587 ἔχει
2433 3481 2562 3561 τὸν
2603 3480 2852 3586 ῥύπον,
2893 3485 3014 3562 καὶ
3043 3505 3112 3564 25

601 3605 912 3686 θανάτου
961 3608 1077 3685 καὶ
1129 3612 1407 3712 φθορᾶς
1460 3603 1593 3704 τὴν
1630 3605 2008 3685 ἀσθένειαν
2044 3610 2158 3687 καὶ
2199 3606 2624 3713 φιληδονίας
2658 3610 3015 3708 σαρκικῆς

599 3732 716 3808 καὶ
763 3727 1223 3835 φρονήματος
1277 3730 1586 3832 ἐπιγείου
1645 3728 1775 3829 τὴν
1820 3731 2294 3833 ἀκαθαρσίαν·
2356 3733 2580 3813 οὕτως
2634 3729 2725 3808 αὖ
2780 3728 3015 3810 πάλιν

601 3852 1009 3955 διαπρέπειν
1083 3853 1372 3952 οἰόμεθα
1447 3853 1580 3956 τὴν
1659 3852 1894 3934 εἰκόνα
1965 3862 2095 3934 τοῦ
2168 3855 2608 3956 ἐπουρανίου,
2672 3855 3014 3935 τουτέστι

601 3981 953 4080 Χριστοῦ,
1011 3976 1441 4082 καθαρότητι
1501 3981 1617 4059 καὶ
1678 3979 2100 4086 εἰλικρινείᾳ,
2159 3984 2250 4085 τῇ
2317 3976 2499 4058 κατὰ
2561 3984 2710 4058 πᾶν
2770 3979 3014 4059 ὁτιοῦν

600 4105 984 4211 ἀφθαρσίᾳ
1032 4105 1147 4181 καὶ
1197 4101 1339 4207 ζωῇ
1392 4088 1531 4182 καὶο
1557 4105 1923 4210 ἁγιασμῷ.
2007 4104 2176 4182 ἀλλ’
2219 4099 2310 4203 ἦν
2344 4101 2594 4204 ἑτέρως
2633 4101 3011 4208 ἀμήχανον
3037 4143 3108 4201 30
3211 4197 3212 4208 ἵ

601 4230 700 4308 εἰς
763 4224 845 4305 τὸ
907 4227 1025 4306 ἀπ’
1087 4228 1312 4329 ἀρχῆς
1375 4227 1559 4326 ἡμᾶς
1618 4224 2174 4329 ἀνακομίζεσθαι
2239 4225 2514 4310 κάλλος
2577 4224 2741 4310 τοὺς
2805 4225 3018 4333 ἅπαξ
3211 4317 3212 4320 ¹

600 4350 1139 4433 ἐκπεπτωκότας
1197 4349 1315 4428 διὰ
1365 4349 1496 4450 τὴν
1533 4354 1606 4430 ἐν
1649 4357 1752 4458 τῷ
1807 4350 2073 4459 πρώτᾳ)
2128 4348 2573 4454 παράβασιν,
2612 4356 2671 4429 εἰ
2721 4349 2826 4450 μὴ
2880 4354 3008 4450 τῆς
3211 4327 3212 4402 ¹

599 4586 654 4638 δ,
679 4517 757 4570 16.
798 4518 862 4642 bg
889 4517 950 4574 E.
978 4519 1033 4572 δὲ
1063 4517 1163 4573 Ed.
1389 4533 1576 4592 17-19.
1615 4521 2153 4591 χοῖκοῦὲήτροπάτωρ
2181 4538 2289 4575 om.
2319 4519 2384 4577 E.
2605 4535 2801 4590 21-23.
2842 4518 3006 4589 τὴν-

632 4609 653 4638 ε
681 4605 788 4641 om.
869 4628 881 4640 .
2867 4619 2880 4633 .
