3238 5158
238 351 369 416 xiv,
396 374 458 438 9.
817 354 931 418 IN
992 354 1057 419 S.
1108 354 1622 421 JOANNEM.
1717 355 1904 420 LIB.
1954 356 2076 420 IX.
2512 358 2640 419 425

238 514 491 619 λόγον,
528 519 606 598 ἐκ
654 522 783 618 τῆς
835 521 1088 605 οὐσίας
1138 525 1567 622 γεννηθῆναι
1613 519 2076 605 πιστεύοντες
2126 527 2256 600 τοῦ
2295 525 2489 600 Θεοῦ
2525 523 2643 599 καὶ

239 641 535 745 Πατρός
604 640 786 724 Υἰὸν
860 646 1173 744 ἀληθῶς,
1254 648 1370 725 καὶ
1444 644 1635 726 Θεὸν
1707 647 1785 726 ἐκ
1859 650 2055 727 Θεοῦ
2126 641 2309 725 κατὰ
2381 643 2633 751 φύσιν.

238 767 572 864 ἀληθεύει
630 767 776 871 γὰρ
838 771 1064 853 οὕτως
1101 768 1462 875 ’ὑπάρχων
1517 772 1638 852 καὶ
1695 768 2066 876 χαρακτὴρ
2127 772 2243 848 καὶ
2301 768 2643 866 ὁμοίωσις

237 898 369 970 τοῦ
428 897 622 972 Θεοῦ
685 895 803 972 καὶ
863 891 1155 994 Πατρὸς
1219 894 1456 996 λέγων
1514 895 1606 975 ‘O
1667 892 1978 999 ἐωρακῶς
2042 892 2164 999 ἐμὲ
2224 894 2475 1001 ἑώρακε
2538 893 2643 973 τὶν

164 1036 205 1096 5
243 1015 545 1123 Πατέρα·
611 1013 767 1102 25«,-
822 1018 948 1097 οὖν
998 1017 1234 1121 λέγεις
1270 1019 1499 1126 Δεῖξον
1547 1024 1696 1125 ἡμῖν
1746 1016 1852 1099 τὶν
1889 1016 2208 1126 Πατέρα,
2275 1016 2450 1124 ἐξὸν
2496 1014 2641 1118 γὰρ
2665 1023 2709 1087 d

240 1137 331 1239 δή
378 1173 522 1236 σοι,
570 1143 822 1246 φησὶν,
874 1138 932 1220 ὦ
981 1142 1326 1234 Φίλιππε,
1373 1143 1507 1242 τὴν
1550 1151 1681 1222 τοῦ
1735 1140 2027 1246 Πατρὸς
2082 1145 2158 1222 ἐν
2207 1145 2362 1240 ἐμοὶ
2416 1175 2639 1221 κατα·-

240 1261 654 1346 θεάσασθαι
704 1264 956 1370 φύσιν,
994 1269 1109 1347 καὶ
1161 1267 1250 1373 ἐξ
1293 1263 1394 1347 ὧν
1440 1265 1652 1351 αὐτός
1706 1273 1848 1366 εἰμι
1895 1267 2457 1362 διασκέπτεσθαι
2516 1262 2642 1346 τὸν

239 1387 659 1491 γεννήτορα·
715 1389 1011 1496 πέφηνά
1056 1426 1136 1472 τε
1180 1390 1325 1494 γὰρ
1372 1395 1490 1472 καὶ
1540 1394 1681 1490 εἰμὶ
1731 1388 1913 1470 κατὰ
1965 1389 2311 1491 ἀλήθειαν
2349 1394 2465 1469 καὶ
2513 1394 2642 1490 τῆς

241 1513 496 1596 οὐσίας
549 1515 769 1594 αὐτοῦ
819 1515 1193 1620 χαρακτὴρ
1247 1514 1815 1619 ἀπαράλλακτος
1869 1516 1985 1595 καὶ
2042 1512 2247 1595 εἰκὼν
2300 1511 2636 1618 ἐμφερὴς,

128 1669 215 1710 10
247 1633 428 1735 ὅλην
490 1639 567 1715 ἐν
629 1639 910 1747 ἐμαυτῷ
980 1638 1114 1741 τὴν
1177 1648 1306 1720 τοῦ
1372 1646 1569 1720 Θεοῦ
1636 1642 1753 1720 καί
1819 1636 2113 1742 Πατρὸς
2177 1637 2643 1744 ἐγχαράττων

244 1758 502 1866 φύσιν·
594 1770 801 1843 ποῖον
869 1765 973 1844 ἔτι
1043 1769 1172 1865 τῆς
1254 1766 1588 1849 θεοπτίας
1670 1762 2126 1866 ἐπιζητήσαις
2210 1761 2300 1842 ἂν
2372 1760 2645 1867 τρόπον

243 1884 506 1988 ἕτερον,
570 1884 639 1965 εἴ
699 1921 786 1990 γε
847 1923 969 1968 σοι
1032 1888 1320 1992 προσὸν
1379 1892 1613 1997 ὁρῷτο
1673 1886 1759 1968 τὸ
1827 1888 1920 1968 τὰ
1985 1885 2222 1968 εἰκότα
2289 1871 2643 1967 δύνασθαι

241 2014 559 2116 φρονεῖν,
593 2006 642 2109 ἢ
679 2013 896 2092 ποίαν
933 2012 1093 2094 εἰπέ
1118 2048 1242 2112 μοι
1278 2014 1578 2117 θεωρίαν
1612 2019 1827 2097 αἰτεῖς
1856 2046 1878 2109 ;
1944 2007 2085 2114 ἀρα
2125 2008 2227 2110 μὴ
2276 2012 2643 2114 κρείττονα

242 2136 362 2213 καὶ
405 2137 929 2240 ἀκριβεστέραν
965 2137 1091 2218 οἴει
1137 2136 1477 2218 δεδόσθαι
1524 2145 1674 2221 τοῖς
1723 2136 2226 2242 ἀρχαιοτέροις,
2264 2136 2384 2215 ὅτε
2432 2135 2636 2216 κατέ·
2663 2165 2701 2208 e

127 2282 209 2343 ¹5
242 2264 389 2357 βην
424 2260 501 2339 ἐν
537 2259 700 2339 εἴδει
748 2258 977 2363 πυρὸς
1025 2264 1142 2342 ἐπὶ
1189 2260 1273 2343 τὸ
1322 2261 1488 2365 ὅρος
1534 2261 1622 2342 τὸ
1674 2267 1900 2359 Σινᾶ;
1961 2259 2158 2341 πολὺ
2205 2258 2352 2363 γὰρ
2401 2260 2643 2364 αὐχεῖν

242 2382 360 2460 ἐπὶ
396 2381 630 2491 τούτῳ
667 2382 756 2484 δὴ
792 2384 1123 2484 μάλιστα
1158 2395 1308 2471 τοῖς
1342 2386 1712 2470 Ἰουδαίοις
1749 2388 1825 2466 ἐν
1861 2384 2026 2467 ἔθει.

355 2511 586 2590 Ταυτὶ
632 2507 764 2607 μὲν
811 2510 990 2595 ἴσως
1040 2509 1573 2612 ὑπονοήσαιμεν
1615 2507 1706 2590 ἂν
1748 2507 1971 2615 τυχὸν
2019 2508 2406 2614 διειλέχθαι
2455 2511 2639 2610 Χρι-

242 2630 449 2712 στόν·
540 2633 650 2713 ὅτι
715 2636 784 2713 δ’
845 2635 971 2715 οὖν
1025 2636 1333 2736 ἀμείνων
1391 2641 1489 2719 εἰς
1553 2642 1833 2737 γνῶσιν
1896 2632 2029 2733 τὴν
2085 2639 2214 2712 τοῦ
2275 2637 2467 2711 Θεοῦ
2527 2635 2643 2710 καὶ

249 2755 565 2860 Πατρός,
631 2759 676 2858 ἡ
743 2765 889 2838 τῶν
917 2758 1388 2866 ,παραδόξων
1454 2759 1789 2866 ἐπίδειξις
1846 2765 1977 2837 τοῦ
2041 2759 2377 2859 Σωτῆρος
2442 2754 2644 2853 ἡμῶν

128 2914 220 2956 20
245 2884 601 2982 Χριστοῦ,
635 2887 762 2981 τῆς
799 2885 876 2962 ἐν
910 2889 1014 2991 τῷ
1064 2882 1212 2988 ὄρει
1249 2889 1450 2990 Σινᾷ,
1490 2888 1750 2988 χρῆναι
1799 2886 1945 2961 δεῖν
1981 2876 2479 2978 ὑπολαμβάνω
2527 2882 2645 2958 καί

245 3012 375 3086 νῦν
411 3006 595 3104 ἡμᾶς
634 3008 1033 3088 ἀοκνότατα
1081 3008 1346 3109 λέγειν.
1425 3007 1593 3115 ὄψει
1640 3005 1786 3110 γὰρ
1835 3008 2021 3086 οὕτω
2068 3001 2198 3084 τᾶν
2236 3003 2638 3100 Φίλιππον,

241 3130 762 3233 παρακειμένης
830 3133 1023 3239 αὐτῷ
1096 3137 1225 3232 τῆς
1296 3135 1611 3231 ἀληθοῦς
1686 3129 1974 3229 εἰκόνος,
2040 3130 2170 3210 οὐκ
2243 3126 2645 3230 ἀναγκαίως

244 3253 650 3355 αἰτήσαντα
704 3253 837 3355 τὴν
873 3256 1339 3360 ἑτερότροπον
1384 3256 1686 3359 θεωρίαν
1720 3263 1850 3335 τοῦ
1901 3260 2094 3334 Θεοῦ
2150 3255 2265 3332 καὶ
2320 3246 2638 3353 Πατρός,
2668 3280 2704 3321 a
2744 3268 2880 3324 ’180
2899 3266 2978 3322 A·

243 3377 294 3478 ἢ
350 3383 467 3459 καὶ
519 3386 669 3464 τοῖς
723 3382 1206 3485 ἀρχαιοτέροις
1263 3378 1474 3480 ε’δόθη
1530 3378 1716 3459 κατὰ
1766 3376 1850 3459 τὸ
1896 3377 2063 3480 ὅρος
2105 3381 2309 3456 Ema-
2372 3373 2641 3474 κατέβη
2732 3376 2932 3492 ἓζῡξὲ

129 3523 215 3586 25
242 3503 376 3605 μὲν
418 3502 564 3607 γὰρ
619 3506 766 3583 ἐκεῖ
809 3504 1071 3607 Κύριος
1124 3505 1197 3585 ἐν
1249 3502 1409 3582 εἴδει
1460 3501 1710 3606 πυρὸς,
1752 3500 1939 3584 καθὰ
1994 3500 2417 3604 γέγραπται,
2463 3504 2639 3578 θεω-

243 3627 565 3732 ρούντων
615 3628 950 3730 δηλονότι
1003 3635 1149 3708 τῶν
1198 3629 1287 3735 ἐξ
1327 3627 1661 3731 Ἰσραήλ.
1742 3627 1913 3707 ἀλλ’
1956 3627 2085 3706 οὐκ
2138 3623 2229 3704 ἂν
2285 3621 2488 3724 οἶμαί
2537 3656 2646 3707 τις

246 3751 364 3833 διὰ
406 3752 666 3833 τούτου
698 3757 796 3836 εἰς
844 3752 1112 3836 ἐννοίας
1163 3755 1456 3851 ἀληθεῖς
1505 3749 1771 3832 ε’λάσαι
1819 3747 1995 3830 ποτὲ
2044 3748 2173 3833 τὰς
2219 3750 2381 3850 περὶ
2416 3752 2638 3843 Θεοῦ,

245 3875 474 3978 ἤγουν
510 3882 607 3961 εἰς
656 3875 789 3977 τὴν
825 3882 916 3981 τῇ
964 3875 1245 3976 θεότητι
1290 3876 1718 3979 πρέπουσαν
1752 3872 2213 3975 ἀναπηδῆσαι
2262 3871 2640 3974 διάληψιν·

244 4007 402 4085 πῶς
436 3999 581 4104 γὰρ
619 4000 809 4085 ὅλως
848 4000 962 4079 διὰ
1005 3998 1253 4104 πυρὸς,
1292 3997 1612 4103 καθάπερ
1666 3996 1809 4078 ἀπό
1862 4032 2052 4081 τινος
2103 3995 2387 4092 εἰκόνος,
2426 3995 2647 4091 ἴοιμεν

132 4154 220 4214 30
245 4121 337 4203 ἀν
406 4126 521 4205 ἐπὶ
590 4121 676 4204 τὸ
752 4124 1173 4229 ἀρχέτυπον,
1236 4125 1587 4219 τουτέστι,
1651 4120 1780 4201 τὸν
1841 4119 2134 4223 Πατέρα
2206 4119 2322 4197 καί
2398 4116 2638 4213 Θεόν;

245 4247 520 4351 ἀγαθὸς
591 4247 723 4348 μὲν
784 4248 929 4351 γὰρ
994 4250 1035 4328 ὃ
1102 4243 1288 4332 Θεός
1352 4253 1443 4353 τῇ
1508 4246 1752 4353 φύσει,
1820 4247 1936 4325 καὶ
2009 4241 2193 4346 πρός
2265 4275 2349 4343 γε
2417 4241 2647 4346 τούτῳ

316 4519 370 4572 8.
409 4516 516 4573 κατ’
546 4517 752 4590 Migne.
953 4535 1034 4573 11.
1072 4517 1396 4587 ἐπιζητήσειε·
1422 4517 1488 4572 Ε.
1700 4534 1782 4588 13.
1820 4514 1917 4586 ὅρα
1942 4515 2008 4571 Ε.
2216 4526 2297 4583 17.
2336 4512 2496 4581 τυχὸν
2519 4511 2645 4563 ὑπο·

245 4588 507 4659 νοῆσαμεν
529 4589 592 4644 ἂν
616 4591 775 4660 τυχὸν
800 4588 864 4643 Ε.
1086 4591 1171 4643 28.
1209 4591 1299 4658 τῆς
1323 4591 1564 4656 θεότητος
1589 4588 1655 4642 Ε.

333 4690 476 4736 von.
507 4691 583 4736 11.
1422 4691 1462 4756 3
1494 4689 1520 4732 1
