3238 5158
599 334 726 398 190
1199 337 1278 401 Β.
1325 336 1748 401 CYRILLI
1806 334 2384 402 ALEXANDR.
2773 329 2861 394 ix.
2888 345 2995 415 30.

262 506 508 558 namur.
600 494 709 576 ὅτι
770 507 814 545 “
843 498 1030 579 Τότε
1096 499 1657 606 ἀνοιχθήσονται
1719 502 2092 607 ὀφθαλμοὶ
2156 498 2531 606 τυφλῶν·”
2617 492 2820 576 ἀλλὰ
2880 497 2998 574 καὶ

601 617 835 723 ἕτερός
883 656 991 706 τις
1039 622 1172 722 τὴν
1208 621 1694 727 Ἰερουσαλὴμ
1729 625 2146 729 περιεφοίτα
2183 623 2428 726 λόγος,
2464 617 2835 722 ἐπειδήπερ
2871 615 2999 698 τὸν

601 752 729 823 τοῦ
765 749 958 824 Θεοῦ
1005 749 1122 825 καὶ
1160 743 1449 850 Πατρὸς
1486 748 1799 851 ἅῤῥητον
1833 746 2047 827 τόκον
2083 746 2468 848 ἄγνωστον
2502 741 2679 824 εἶναι
2713 741 3001 825 πάντως

264 891 344 941 Ib.
356 890 445 941 liii.
462 892 510 942 8.
606 871 837 972 φησὶν
883 870 922 947 ὃ
975 869 1356 976 προφήτης
1391 869 1715 954 Ἡσαΐας
1772 868 2007 972 λέγων
2043 882 2089 917 “
2114 870 2274 969 Τὴν
2321 868 2572 972 γενεὰν
2622 868 2840 947 αὐτοῦ
2894 865 3002 949 τίς

607 1002 651 1038 “
688 990 1104 1094 διηγήσεται
1129 993 1198 1090 ;”
1267 992 1494 1074 πάλιν
1551 995 1881 1073 Ἰουδαῖοι
1943 990 2126 1095 πρὸς
2190 994 2368 1077 ἰδίας
2428 990 2998 1094 παρατρέποντες
3029 1009 3068 1070 5

605 1116 873 1199 ἐννοίας
936 1123 1082 1196 τῶν
1141 1116 1525 1220 εἰρημένων
1584 1115 1717 1216 τὴν
1781 1116 2100 1215 δύναμιν,
2155 1115 2746 1219 ἀγνοηθήσεσθαι
2805 1148 2991 1195 παν-

547 1272 582 1316 e
606 1246 831 1323 τελῶς
869 1239 996 1319 τὸν
1026 1240 1358 1344 Χριστὸν
1397 1238 1881 1341 ὖπετόπησαν,
1917 1238 2199 1326 οὐδενὸς
2235 1238 2322 1321 τὸ
2354 1238 2699 1344 παράπαν
2736 1235 3004 1320 εἰδότος

604 1361 824 1443 πόθεν
874 1365 1053 1461 ἐστὶ,
1090 1365 1318 1444 καίτοι
1374 1369 1501 1464 τῆς
1559 1364 1747 1448 θείας
1804 1369 2096 1472 γραφῆς
2143 1363 2559 1472 φανοτάτην
2603 1364 2820 1442 αὐτοῦ
2869 1361 3004 1461 τὴν

605 1485 789 1566 κατὰ
823 1486 1065 1590 σάρκα
1102 1488 1440 1590 γέννησιν
1477 1487 1942 1589 καθιστῶσης
1976 1489 2163 1588 ἡμῖν,
2193 1487 2312 1568 διά
2347 1523 2424 1568 τε
2460 1497 2674 1568 τοῦτο
2707 1484 3004 1584 βοῶσης

605 1620 648 1657 “
683 1608 873 1689 Ἰδοὺ
909 1611 953 1710 ἦ
986 1612 1339 1712 παρθένος
1372 1613 1449 1690 ἐν
1484 1615 1757 1714 γαστρὶ
1807 1612 1949 1718 ἕξει
1999 1616 2114 1692 καὶ
2165 1611 2442 1719 τέξεται
2492 1608 2714 1691 υἱόν.”
2774 1608 2883 1689 ὅτι
2928 1606 3006 1688 δὲ
3039 1643 3114 1684 10

601 1732 829 1813 πάλιν
866 1734 1446 1837 ἀχειραγώγητος
1481 1741 1576 1818 εἰς
1611 1733 1747 1834 τὴν
1782 1743 1926 1815 τῶν
1962 1737 2370 1838 ἀναγκαίων
2407 1733 2827 1839 κατάληψιν
2860 1738 3008 1812 τῶν

603 1854 970 1936 Ἰουδαίων
1022 1854 1364 1962 ὑπάρχων
1413 1859 1454 1938 ὁ
1509 1866 1695 1956 νοῦς,
1733 1859 2228 1961 ἀγνοήσεσθαι
2283 1857 2412 1939 τὸν
2448 1854 2780 1961 Χριστόν
2824 1858 2999 1936 ὑπε-

273 2004 404 2058 625
425 2001 504 2056 Δ.
548 2017 584 2055 a
609 1978 1010 2078 λάμβανον,
1050 1983 1132 2060 οὐ
1176 1981 1501 2085 χαλεπὸν
1538 1983 1664 2062 οὖν
1702 1986 1893 2081 ἰδεῖν,
1930 1982 2020 2090 ἐξ
2064 1981 2163 2062 ῶν
2200 1984 2241 2062 ὁ
2284 1982 2628 2085 μακάριος
2666 1982 2998 2082 Εὐαγγε·

610 2103 871 2205 λιστὴς
914 2103 1252 2206 Ἰωάννης
1297 2106 1907 2208 Ἱεροσολυμίταις
1960 2108 2069 2187 ἐπ’
2116 2108 2311 2215 αὐτῷ
2366 2106 2590 2213 φάναι
2647 2103 3000 2208 διισχυρί-

268 2236 479 2362 ἓέξζῖ-
608 2261 821 2307 σατο.
882 2238 925 2276 “
949 2226 1273 2331 Ἔλεγον
1321 2228 1466 2332 γάρ
1520 2265 1705 2315 τινες
1760 2237 1905 2310 τῶν
1940 2234 2543 2334 Ἱεροσολυμιτῶν
2581 2230 2748 2334 Οὐχ
2803 2222 3008 2310 οὗτός
3043 2258 3114 2317 15

273 2377 351 2430 27·
610 2363 652 2400 “
687 2354 891 2432 ἐστιν
945 2350 1028 2432 ὃν
1083 2352 1421 2455 ζητοῦσιν
1476 2355 1931 2452 ἀποκτεῖναι;
2011 2357 2129 2434 καὶ
2185 2355 2289 2434 ’ίδε
2342 2352 2714 2459 παῤῥησίᾳ
2768 2358 3006 2449 λαλεῖ,

608 2485 652 2524 “
687 2480 804 2555 καὶ
869 2476 1071 2557 οὐδὲν
1134 2477 1328 2587 αὐτῷ
1392 2474 1715 2578 λέγουσι.
1827 2476 2105 2578 μήποτε
2181 2482 2474 2577 ἀληθῶς
2550 2478 2879 2579 ἔγνωσαν
2939 2479 3011 2554 οἶ

608 2610 651 2648 “
689 2601 1029 2705 ἄρχοντες
1115 2602 1225 2682 ὅτι
1305 2601 1509 2686 οὗτός
1589 2603 1794 2682 ἐστιν
1868 2605 1908 2682 ὃ
1992 2602 2318 2705 Χριστός
2355 2636 2376 2701 3
2469 2602 2670 2681 ἀλλὰ
2756 2609 3016 2680 τοῦτον

610 2736 653 2774 “
694 2725 982 2825 οἴδαμεν
1026 2725 1252 2806 πόθεν
1299 2726 1525 2805 ἐστίν·
1593 2727 1635 2805 ὁ
1696 2726 1771 2806 δὲ
1827 2724 2152 2828 Χριστὸς
2208 2725 2382 2806 ὅταν
2438 2726 2751 2832 ἔρχηται,
2791 2725 3017 2807 οὐδεὶς

611 2860 655 2898 “
692 2848 1031 2950 γινώσκει
1082 2848 1306 2930 πόθεν
1356 2849 1626 2929 ἐστίν.”
3044 2886 3122 2928 20

725 2975 1012 3054 Οὐκοῦν
1047 2973 1141 3054 τὰ
1186 2982 1480 3054 τοιαῦτα
1532 2972 2107 3075 δογματιζόντων
2143 2975 2505 3058 ἀσυνέτως
2555 2975 2672 3053 ἐπὶ
2706 2976 3018 3078 Χριστῷ

544 3117 587 3181 b
613 3105 756 3177 τῶν
790 3099 1175 3195 Ἰουδαίων,
1208 3099 1479 3181 ἐννοίας
1524 3096 1664 3197 ἤδη
1715 3095 1843 3182 τὰς
1878 3100 1985 3178 ἐπ’
2027 3102 2219 3208 αὐτῷ
2257 3096 2616 3198 λαμβάνει
2652 3102 2938 3199 γοργῶς
2975 3097 3018 3175 ὁ

610 3221 786 3303 ποτὲ
832 3219 1112 3326 τυφλὸς
1166 3218 1311 3301 ἀπὸ
1362 3230 1491 3300 τοῦ
1543 3220 1926 3320 θαύματος,
1964 3222 2187 3321 μόνον
2224 3221 2299 3302 δὲ
2349 3223 2509 3325 οὐχὶ
2559 3224 2673 3300 καὶ
2724 3216 3020 3323 ἁρπάζει

610 3345 792 3446 πρὸς
854 3345 1255 3440 βεβαίωσιν
1309 3352 1455 3424 τῶν
1511 3347 1786 3425 οἰκείων
1842 3351 2343 3449 διαλογισμῶν
2397 3352 2544 3425 τῶν
2592 3344 3020 3447 Φαρισαίων

609 3467 694 3549 τὸ
749 3471 969 3570 ῥῆμα.
1055 3469 1116 3548 ἐν
1174 3467 1382 3576 τούτῳ
1445 3468 1584 3576 γάρ
1642 3470 1874 3573 φησίν
1932 3472 2072 3551 ἐστι
2133 3471 2204 3552 τὶ
2261 3467 2696 3575 παράδοξον,
2751 3465 2848 3546 ’ὅτι
2899 3472 3018 3547 οὐκ
3046 3506 3124 3565 25

614 3595 679 3673 οἵ
712 3627 834 3673 ατε
872 3590 1062 3673 πόθεν
1100 3592 1263 3690 ἐστὶ,
1308 3599 1427 3672 καὶ
1470 3589 1676 3700 {rongi
1696 3631 1828 3698 μου
1863 3593 2014 3680 τοὶς
2048 3592 2470 3701 ὀφθαλμούς.
2544 3592 2702 3689 δύο,
2746 3594 3014 3698 φησὶν,

611 3716 753 3820 ε”χω
798 3724 1086 3816 σημεῖα,
1124 3719 1242 3795 καὶ
1294 3715 1500 3816 μάλα
1550 3722 1785 3822 σαφῆ,
1819 3726 1949 3798 τοῦ
1998 3718 2216 3798 αὑτὸν
2262 3714 2438 3798 εἶναι
2493 3714 2620 3796 τὸν
2655 3712 3013 3818 Χριστόν.

612 3842 771 3920 οὔτε
832 3839 976 3943 γὰρ
1041 3839 1274 3920 οἴδατε
1336 3838 1561 3921 πόθεν
1619 3843 1843 3940 ἐστὶν,
1901 3840 2104 3922 ἀλλὰ
2168 3845 2285 3921 καὶ
2349 3839 2600 3947 ἤνοιξέ
2649 3873 2790 3937 μου
2855 3837 3020 3921 τοὺς

613 3962 1062 4069 ὀφθαλμούς.
1144 3961 1355 4047 αὐτὸς
1392 3964 1518 4043 οὖν
1556 3963 1698 4067 ἄρα
1737 3965 1942 4049 οὗτος
1987 3972 2251 4071 σαφῶς
2302 3966 2341 4043 ὁ
2391 3964 2511 4043 διὰ
2561 3961 2782 4060 νόμου
2828 3995 3013 4065 προ-

555 4123 590 4165 ο
611 4087 995 4184 βοώμενος,
1035 4089 1149 4166 καὶ
1186 4085 1301 4166 διὰ
1338 4092 1585 4192 φωνῆς
1622 4095 2022 4193 προφητῶν
2059 4086 2659 4191 μαρτυρούμενος.
3048 4125 3128 4183 30
3228 4100 3230 4104 ”

268 1605 349 1656 Ib.
368 1607 453 1656 vii.

274 1688 350 1734 ¹4·

691 4305 741 4344 2.
776 4288 868 4357 τὴν
890 4291 1210 4343 τοῦ-τόκου
1238 4288 1303 4343 Β.
1330 4291 1421 4345 τὸν
1442 4292 1762 4345 τοῦ-τόκον
1785 4290 2088 4346 emendavit
2118 4289 2300 4345 Holst.
2493 4290 2545 4343 8.
2580 4288 2880 4358 φανοτάτην
2902 4304 3021 4342 001·-

615 4359 727 4413 rexi
752 4377 816 4412 ex
841 4376 889 4413 a.
914 4360 1220 4430 φανωτάτην
1246 4359 1348 4414 Ed.
1511 4379 1564 4433 9.
1600 4361 1809 4434 γένεσιν
1833 4379 1881 4417 a.
2046 4378 2133 4416 21.
2172 4362 2258 4415 ε’πὶ
2280 4362 2496 4433 Χριστῷ
2521 4358 2784 4415 ἀσυνέτως
2805 4359 3022 4413 inverso

614 4429 806 4483 ordine
829 4447 878 4483 a.
1060 4447 1144 4500 23.
1183 4431 1303 4502 οὐχὶ
1327 4432 1382 4486 δὲ
1410 4432 1624 4487 inverso
1650 4432 1836 4486 ordine
1860 4451 1908 4486 a.
2096 4448 2182 4499 24.
2219 4432 2578 4503 διαλογισμῶν
2600 4436 2704 4485 τῶν
2727 4429 3026 4499 Φαρισαίων

615 4500 910 4571 assumpsit
943 4517 974 4554 ο
1010 4498 1127 4555 Cat.
1158 4499 1311 4555 Harl.
1339 4501 1484 4556 Aub.
1511 4511 1565 4556 et
1599 4503 1674 4556 ita
1711 4521 1758 4557 a.
1834 4502 1982 4556 Haec
2020 4502 2233 4570 retinui,
2270 4519 2440 4574 quum
2477 4500 2565 4555 hic
2600 4518 2713 4555 non
2750 4498 3024 4555 abbreviat

617 4570 861 4625 Nikama.
1076 4585 1162 4641 27.
1200 4573 1292 4627 τὸν
1314 4589 1422 4627 om.
1449 4589 1496 4626 a.
1524 4572 1725 4628 habent
1751 4591 1798 4627 c.
1826 4572 1991 4628 Cord.
