3238 5158
599 228 732 292 386
989 209 994 214 ’
1207 228 1287 292 B.
1335 227 1753 293 cYmLm
1812 227 2398 294 ALEXANDR.
2736 223 2883 290 xiii
2913 243 3036 310 34

266 410 483 468 751A.
543 427 580 466 a
604 389 834 493 λόγου
868 391 1002 492 τὴν
1038 390 1422 493 καινότητα
1465 393 1759 492 δεικνὺς,
1796 399 1915 473 καὶ
1964 399 2093 493 τῆς
2142 394 2445 499 ἀρχαίας
2493 393 2765 490 ἐκείνης
2818 393 3032 492 ἀγα-

599 514 913 615 πήσεως,
951 520 1079 615 τῆς
1116 522 1214 600 εἷς
1263 515 1642 616 ἀλλήλους
1678 521 1887 624 φημὶ,
1922 519 2121 599 πολύ
2169 553 2241 598 τι
2289 516 2376 597 τὸ
2418 514 2653 619 μεῖζον
2686 513 3043 619 ἔχουσαν

597 639 733 740 τὴν
786 643 1061 738 ἑαυτοῦ,
1103 640 1611 744 προστέθεικεν
1662 643 1869 726 εὐθύς
1930 641 2171 728 Kato&
2228 639 2367 744 ἐγῶ
2420 640 2765 743 {ydrae-cz
2824 641 3043 744 ὑμᾶς

592 764 707 844 ’ἵνα
745 772 865 844 καὶ
901 768 1090 870 ὑμεῖς
1129 767 1475 867 &qauz-Ere
1510 767 1889 860 ἀλλήλους.

707 886 1168 992 Ἐρευνητέον
1237 896 1618 992 τοιγαροῦν
1681 888 1859 993 ὑπὲρ
1932 898 2064 969 τοῦ
2133 889 2450 970 συνιέναι
2520 892 2787 993 σαφῶς
2861 891 3041 965 τῶν
3068 905 3107 964 5

597 1010 983 1114 εἰρημένων
1044 1009 1179 1111 τὴν
1244 1012 1566 1112 δύναμιν,
1626 1019 1784 1097 πῶς
1842 1014 2227 1115 ἠγάπησεν
2289 1014 2475 1113 ἡμᾶς
2538 1013 2581 1090 5
2647 1006 3033 1112 Χριστός.

595 1132 760 1214 τότε
792 1136 938 1238 γὰρ
974 1135 1160 1234 τότε,
1197 1138 1315 1216 καὶ
1352 1136 1521 1216 λίαν
1555 1137 1889 1235 εὐκόλως,
1927 1135 2466 1240 ἐπαθρήσαιμεν
2501 1132 2593 1214 ἂν
2628 1130 2714 1213 τὸ
2757 1131 3042 1212 καινὸν

261 1252 398 1370 Q
419 1253 472 1305 ὓ·
598 1260 718 1338 καὶ
751 1259 1368 1361 παρηλλαγμένον
1402 1264 1532 1360 τῆς
1583 1262 1737 1341 νυνὶ
1786 1262 2120 1361 δοθείσης
2158 1264 2482 1359 ἐντολῆς.
2564 1259 2822 1337 οὐκοῦν
2856 1265 2907 1303 “
2940 1259 3037 1336 ἐν

597 1391 644 1430 “
678 1388 933 1490 μορφῇ
970 1388 1165 1463 Θεοῦ
1203 1382 1549 1489 ὑπάρχων
1585 1386 1720 1490 οὐχ
1757 1383 2145 1488 ἁρπαγμὸν
2176 1382 2508 1487 ἡγήσατο
2541 1381 2627 1462 τὸ
2658 1376 2837 1459 εἶναι
2872 1379 3035 1459 ἴσα

597 1516 644 1555 “
681 1511 871 1614 Θεῷ,
933 1508 1107 1586 ἀλλ’
1173 1505 1427 1587 ἑαυτὸν
1500 1507 1808 1589 ἐκένωσε
1879 1506 2174 1616 μορφὴν
2236 1506 2500 1588 δουλου
2574 1501 2855 1601 λαβὼν,
2935 1506 3030 1584 ἐν
3064 1532 3142 1574 10

528 1626 644 1691 ¹³⁶⁶
598 1629 1077 1799 «ὁμοιώματι
1123 1631 1528 1734 ἀνθρωπων
1574 1629 1974 1733 γενόμενος,
2016 1636 2133 1713 καὶ
2181 1630 2507 1737 σχήματι
2557 1630 2858 1731 εὑρεθεὶς
2908 1631 3029 1712 ὦς

681 1752 1062 1856 ἅνθρωπος
1125 1755 1601 1835 ἐταπείνωσεν
1655 1753 1928 1855 ἑαυτὸν,
1983 1756 2363 1859 γενόμενος
2417 1752 2727 1853 ὑπήκοος
2788 1750 3027 1855 μέχρι

258 1851 382 1967 212⁰
381 1868 439 1983 r9
599 1884 644 1923 “
683 1874 1017 1974 θανάτου,
1078 1874 1395 1957 θανᾶτου
1451 1875 1529 1956 δὲ
1588 1888 1931 1982 σταυροῦ.
1875 1880 1971 1909 ”
2052 1878 2255 1959 ἀλλὰ
2312 1913 2431 1958 και
2485 1875 2844 1959 πλουσιος
2898 1874 3023 1954 ὧν

594 1998 1027 2110 ἐπτώχευσε,
1066 1999 1257 2080 καθὰ
1303 1998 1533 2082 πάλιν
1576 2002 1616 2081 5
1659 2008 1960 2088 Παῦλος
2007 2004 2176 2103 ἡμῖν
2212 2000 2749 2105 διεμαρτύρατο.
2827 1999 3021 2105 ὁρᾷς

593 2119 679 2203 τὸ
718 2121 963 2202 καινὸν
998 2128 1128 2222 τῆς
1165 2129 1262 2208 εἷς
1307 2124 1494 2225 ἡμᾶς
1538 2125 1977 2228 ἀγαπήσεως
2004 2160 2029 2226 3
2092 2129 2132 2207 5
2180 2125 2313 2226 μὲν
2347 2125 2493 2230 γὰρ
2543 2123 2757 2224 νόμος
2802 2124 3010 2225 ἄγα·
3051 2151 3125 2211 15

592 2251 829 2346 πῆσαι
884 2249 1029 2327 δεῖν
1073 2244 1200 2329 τὸν
1244 2247 1567 2357 ἀδελφον
1611 2248 1992 2331 ἐκελευσεν
2037 2253 2130 2336 ὡς
2188 2247 2464 2331 εαυτόν·
2523 2250 2566 2328 5
2615 2246 2693 2327 δὲ
2734 2247 3017 2349 Κύριος

594 2370 800 2471 ἡμῶν
832 2373 1125 2472 Ἰησοῦς
1179 2374 1219 2453 5
1275 2373 1604 2476 Χριστὸς
1658 2373 2045 2476 ἠγάπησεν
2096 2374 2284 2476 ἡμᾶς
2340 2372 2516 2476 ὑπὲρ
2569 2370 3015 2451 {aurbu-015

539 2523 575 2567 0
595 2493 741 2599 γὰρ
778 2530 869 2575 αν
905 2498 983 2575 ἐν
1015 2501 1268 2605 μορφῇ
1303 2499 1422 2577 καὶ
1460 2495 1744 2600 ἰσότητι
1777 2506 1908 2578 τοῦ
1945 2503 2138 2579 Θεοῦ
2173 2503 2292 2578 καὶ
2329 2494 2621 2600 Πατρος
2657 2493 3011 2601 ὑπάρχων

593 2617 777 2720 πρὸς
848 2618 982 2720 τὴν
1043 2621 1394 2726 ἡμετέραν
1468 2621 1739 2724 κατέβη
1811 2622 2274 2722 ταπείνωσιν,
2342 2623 2496 2702 οὐδ’
2564 2618 2657 2701 ἂν
2718 2619 3009 2720 ὑπέστη

593 2741 854 2848 πικρὸν
891 2746 1117 2830 οὕτως
1173 2743 1348 2849 ὑπὲρ
1402 2746 1607 2845 ἡμῶν
1654 2746 1783 2827 τὸν
1831 2751 1960 2847 τῆς
2013 2744 2289 2851 σαρκὸς
2342 2745 2677 2843 θάνατον,
2716 2745 2871 2824 οὐδ’
2910 2741 3010 2825 ἂν
3038 2777 3107 2817 ²0

595 2869 945 2974 ἠνέσχετο
977 2870 1461 2974 ῥαπισμάτων
1493 2871 1928 2970 Ἰουδαϊκῶν,
1965 2870 2318 2976 αἰσχύνης
2361 2873 2480 2950 καὶ
2525 2869 2846 2973 γέλωτος
2884 2872 3009 2949 καὶ

597 2999 745 3075 τῶν
788 2994 1046 3075 ἄλλων
1097 2992 1459 3092 ἁπάντων,
1502 2994 1623 3074 ἵνα
1672 2994 1775 3096 μὴ
1830 2994 2107 3075 ἕκαστα
2161 3001 2309 3075 τῶν
2357 3000 2455 3079 εἷς
2509 2989 2727 3074 αὑτὸν
2774 3026 3003 3094 γεγο-

600 3116 829 3198 νότων
865 3117 1472 3225 ἐξαριθμούμενοι,
1493 3117 1678 3222 πρὸς
1710 3118 2111 3223 ἀπέραντον
2146 3117 2274 3199 τὸν
2300 3118 2527 3221 λόγον
2562 3116 3003 3215 ἐκτείνωμεν·

598 3241 771 3318 ἀλλ’
831 3241 984 3319 οὐδ’
1045 3238 1138 3320 ἂν
1201 3242 1613 3346 ἐπτώχευσε
1678 3241 2039 3327 πλούσιος
2100 3241 2221 3340 ὧν,
2284 3247 2345 3323 εἰ
2407 3238 2511 3342 μὴ
2571 3237 2769 3320 πολὺ
2829 3241 3007 3320 λίαν

597 3360 984 3464 ἠγάπησεν
1020 3363 1207 3464 ἡμᾶς
1258 3364 1439 3479 ὑπὲρ
1487 3365 1766 3447 ἑαυτόν.
1849 3364 2059 3473 ξένον
2093 3366 2221 3446 οὖν
2254 3364 2397 3469 ἄρα
2430 3368 2560 3465 τῆς
2595 3361 2883 3466 ἀγάπης
2914 3362 3004 3444 τὸ
3034 3394 3109 3455 ²5

596 3482 877 3587 μέτρον.
953 3488 1140 3565 οὕτω
1188 3490 1306 3566 καὶ
1353 3489 1542 3587 ἡμᾶς
1592 3493 1993 3570 διακεῖσθαι
2038 3488 2333 3587 κελεύει,
2382 3487 2586 3568 οὑδεν
2628 3486 2819 3571 ὅλως
2871 3491 3005 3586 τῆς

532 3624 577 3689 d
599 3642 697 3693 εις
752 3607 1115 3715 ἀδελφοὺς
1171 3609 1637 3712 προτιθεντας
1691 3612 1997 3715 ἀγάπης,
2053 3614 2137 3694 οὑ
2193 3611 2437 3718 δόξαν,
2493 3613 2579 3691 οὗ
2641 3619 2995 3709 πλοῦτον,

599 3733 771 3812 ἀλλ
807 3731 969 3812 οὐδὲ
1023 3733 1407 3818 ὀκνοῦντας
1461 3769 1577 3814 και
1633 3742 1731 3821 εἶς
1785 3733 2021 3835 αὐτὸν,
2057 3742 2118 3816 εἶ
2172 3736 2336 3835 δέοι,
2372 3733 2503 3815 τὸν
2544 3737 2672 3834 τῆς
2726 3733 3003 3839 σαρκὸς

599 3859 1001 3955 καταβῆναι
1039 3854 1445 3956 θάνατον,”
1413 3893 1530 3938 ινα
1564 3858 1697 3960 τὴν
1734 3869 1864 3940 τοῦ
1903 3856 2138 3945 πέλας
2188 3859 2556 3962 σωτηρίαν
2592 3856 2996 3961 ἀποκερδά·

599 4005 856 4080 νωμεν·
917 3977 958 4059 5
997 3978 1085 4081 δὴ
1122 3984 1240 4062 καὶ
1274 3982 1741 4089 πεπράχασιν
1776 3988 1843 4064 οἱ
1877 3982 2212 4087 μακάριοι
2247 3992 2376 4064 τοῦ
2414 3987 2752 4085 Σωτῆρος
2798 3982 3001 4082 ἡμῶν
3028 4010 3105 4068 30

597 4104 936 4204 μαθηταὶ,
964 4107 1081 4184 καὶ
1119 4108 1186 4184 οἶ
1222 4112 1372 4190 τοῖς
1407 4106 1691 4186 ἐκείνων
1726 4105 2005 4212 ἴχνεσιν
2041 4105 2685 4207 ἀκολουθήσαντες,
2713 4106 3000 4207 ἄμεινον

672 4388 723 4428 2.
672 4372 911 4444 πτὴνρ
911 4390 973 4429 ro
996 4376 1087 4456 τῆς
1113 4373 1177 4429 Ε.
1342 4388 1392 4446 7.
1429 4373 1815 4445 ἐπαθρήσαιμεν
1839 4374 1902 4430 Ε.
1930 4374 2373 4450 ἐπαριθμῆσαιμεν
2396 4376 2501 4433 Ed.
2670 4394 2751 4434 10.
2786 4378 2998 4449 μορφὴν

599 4443 790 4501 δούλου
815 4391 917 4500 hoc
940 4443 1127 4501 ordme
1150 4445 1218 4501 Ε.
1436 4462 1520 4519 17.
1559 4449 1589 4500 ὁ
1611 4454 1953 4519 assumptum
1977 4463 2042 4502 ex
2067 4446 2134 4504 Ε.
