3238 5158
197 302 331 373 xiv.
360 323 464 373 22.
808 307 924 372 IN
984 307 1051 374 S.
1098 306 1612 374 JOANNEM.
1705 306 1895 373 LIB.
1942 298 2029 371 X.
2480 301 2607 367 495

201 478 251 517 “
290 468 562 573 Κύριον
603 472 681 551 ἐν
723 478 816 579 τῇ
872 474 1100 581 ἡμέρᾳ
1152 474 1401 580 ἐκείνῃ,
1441 475 1557 554 καὶ
1610 470 1903 553 ἔσονται
1957 470 2151 577 αὐτῷ
2200 473 2299 552 εἰς
2354 463 2605 546 λαόν·”

204 591 547 680 συνόντες
584 594 660 677 δὲ
704 600 820 677 καὶ
867 598 1516 700 συνδιατρίβοντες,
1562 594 1895 697 αὐτήκοοι
1939 596 2067 693 τῆς
2110 596 2252 692 σῆς
2302 587 2602 692 γεγενή-

207 725 392 818 μεθα
441 720 787 826 <pondis-,⁰
748 757 921 802 οταν
940 720 1148 826 πρὸς
1199 723 1387 822 ἡμᾶς
1437 721 1616 827 ἔφης
1661 728 1705 768 “
1726 719 1971 800 Ὅταν
2015 720 2292 823 ὑψωθῶ
2348 716 2426 794 ἐκ
2480 716 2609 812 τῆς
2699 720 2897 849 {1ng

212 847 444 946 “γῆς,
470 843 751 929 πάντας
787 846 1080 926 ἑλκύσω
1115 845 1298 948 πρὸς
1333 844 1682 944 ἐμαυτόν·’
1685 841 1948 924 ’ἀλλὰ
1983 844 2100 922 καὶ
2133 838 2317 943 πρὸς
2353 835 2608 921 αὐτοὺς
2634 850 2677 914 b

144 992 183 1052 5
212 966 490 1071 εἴρηκας
523 970 908 1055 Ἰουδαίους
945 968 1056 1050 ὅτι
1093 979 1138 1018 “
1165 973 1282 1049 καὶ
1328 969 1532 1051 ἄλλα
1574 966 1914 1071 πρόβατα
1962 967 2125 1073 ἔχω,
2162 964 2210 1043 ἃ
2245 964 2374 1044 ούκ
2409 961 2611 1042 ἔστιν
2701 955 2865 1071 ξῗξξῗ

214 1103 261 1140 “
295 1094 372 1173 ἐκ
421 1097 551 1193 τῆς
601 1095 828 1194 αὐλῆς
879 1092 1161 1195 ταύτης,
1215 1090 1500 1174 κάκεῖνά
1551 1127 1643 1193 με
1698 1098 1809 1174 δεῖ
1858 1094 2179 1193 ἀγαγεῖν,
2227 1090 2343 1170 καὶ
2398 1084 2610 1189 γενή-

216 1226 262 1263 “
295 1250 552 1296 σονται
622 1216 754 1316 μία
827 1218 1129 1316 ποίμνη,
1206 1216 1307 1302 εἷς
1378 1217 1718 1317 ποιμήν.”
1816 1218 2072 1297 οὐκοῦν
2142 1216 2257 1295 ἐπὶ
2339 1210 2617 1295 πάντας

215 1340 517 1421 ἔσεσθαι
570 1342 1177 1444 προσδοκωμένης
1231 1346 1359 1442 τῆς
1414 1342 1533 1421 διὰ
1595 1349 1738 1422 σοῦ
1793 1338 2106 1445 χάριτος,
2162 1340 2279 1418 καὶ
2342 1335 2618 1418 πάντας

217 1463 904 1566 σαγηνευθήσεσθαι
947 1464 1131 1568 πρὸς
1169 1466 1640 1568 θεογνωσίαν,
1677 1472 1820 1544 σοῦ
1856 1498 1933 1544 τε
1967 1463 2138 1562 ἡμῖν
2171 1464 2610 1562 ἐπαγγειλα-

97 1627 135 1695 ³
152 1625 193 1664 0
219 1586 432 1688 μένου
487 1595 770 1697 σαφῶς,
817 1592 934 1670 καὶ
989 1594 1116 1689 τῆς
1171 1596 1317 1670 τῶν
1371 1589 1598 1692 ἁγίων
1651 1593 2050 1695 προφητῶν
2106 1590 2622 1688 διαμαρτυρου-

219 1709 434 1813 με’νης
480 1717 746 1819 φωνῆς,
785 1717 857 1794 τί
905 1712 1181 1818 γε’γονες
1241 1720 1374 1794 ποῖ
1410 1711 1499 1813 δὴ
1544 1711 1877 1813 μετέστη,
1916 1712 2125 1818 φησὶ,
2164 1712 2280 1789 καὶ
2316 1707 2616 1806 μετατέ-

224 1842 447 1918 θειται
481 1842 609 1937 τῆς
645 1838 1079 1940 ἐπαγγελίας
1116 1840 1157 1918 ὁ
1195 1835 1475 1921 σκοπός
1504 1870 1526 1934 ;
1589 1838 1668 1917 τί
1692 1834 1767 1918 δὲ
1806 1842 1930 1933 οὐχ
1966 1833 2200 1914 ἅπασι
2247 1838 2395 1916 τοῖς
2439 1829 2621 1911 κατὰ
2645 1863 2683 1908 ο

223 1960 353 2041 τὸν
393 1964 664 2066 κόσμον
698 1963 1088 2072 ἐμφανίζεις
1132 1961 1425 2059 ceam-⁸011,
1464 1959 1667 2041 ἀλλὰ
1715 1957 1956 2060 μόνοις
1993 1963 2181 2062 ἡμῖν,
2239 1957 2446 2039 οὗτος
2491 1954 2624 2054 μὲν

227 2086 354 2167 οὖν
390 2089 507 2165 καὶ
555 2086 689 2192 οὐχ
741 2087 978 2190 ἔτερος
1029 2084 1222 2185 οἶμαι
1269 2092 1416 2166 τῶν
1449 2094 1578 2167 τοῦ
1615 2090 1940 2186 μαθητοῦ
1974 2083 2313 2187 ῥημάτων
2350 2084 2391 2160 5
2429 2088 2617 2165 νοῦς·

107 2235 199 2297 15
227 2208 306 2289 τί
363 2207 440 2289 δὲ
497 2209 641 2313 ἄρα
700 2209 785 2291 τὸ
845 2211 1305 2310 ἀποκομίσαν
1364 2208 1581 2290 αὑτὸν
1637 2213 1767 2310 τῆς
1830 2212 2148 2308 ἀληθοῦς
2211 2205 2626 2313 διαλήψεως

226 2333 657 2440 παραδεῖξαι
710 2332 960 2417 καλόν.

340 2458 439 2537 Ὁ
499 2456 631 2554 μὲν
689 2456 835 2608 γὰρ
902 2458 1168 2562 Κύριος
1231 2459 1434 2559 ἡμῶν
1490 2460 1779 2558 Ἰησοῦς
1853 2460 1895 2537 5
1959 2455 2289 2560 Χριστὸς
2351 2456 2630 2562 ἔφασκε

232 2591 279 2630 “
316 2579 604 2685 Μικρὸν
637 2589 754 2662 καὶ
800 2585 842 2662 5
893 2581 1166 2681 κόσμος
1218 2617 1309 2683 με
1359 2581 1584 2663 οὐκετι
1634 2584 1983 2686 θεωρεῖ,
1947 2590 2140 2683 υμεῖς
2190 2578 2266 2662 δε
2316 2578 2648 2684 θεωρεῖτέ
2721 2565 2926 2697 ῗξξἙ,

236 2716 284 2754 “
318 2734 433 2802 με·
417 2707 475 2752 ·”
562 2708 731 2785 ἀλλ’
793 2703 885 2807 ἦν
950 2704 1180 2807 δήπου
1256 2710 1372 2787 καὶ
1434 2706 1640 2805 μάλα
1704 2713 1989 2813 σαφῶς,
2049 2707 2159 2786 ὅτι
2220 2704 2500 2804 κόσμον
2560 2706 2635 2783 ἐν

117 2866 211 2908 20
238 2828 536 2925 τούτοις,
593 2830 749 2934 οὐχὶ
802 2828 1092 2913 πάντως
1146 2829 1312 2914 τοῦς
1373 2828 1586 2916 ὄντας
1641 2831 1721 2909 ἐν
1776 2833 1957 2936 τῷδε
2014 2834 2117 2936 τῷ
2169 2830 2311 2937 βίῳ
2369 2828 2631 2934 φησὶν,
2727 2851 2744 2886 ‘-

237 2950 401 3052 ἤτοι
457 2951 834 3055 διαζῶντας
884 2955 999 3034 ἐπὶ
1049 2955 1176 3051 τῆς
1227 2956 1386 3055 γῆς·
1455 2949 1718 3038 πάντες
1767 2949 1912 3054 γάρ
1960 2958 2144 3036 εἰσιν
2188 2953 2267 3031 ἐν
2309 2953 2488 3059 τῷδε
2536 2951 2638 3056 τῷ
2661 2958 2707 3024 d

239 3075 498 3183 κόσμῳ
547 3076 855 3180 πονηροί
895 3111 972 3157 τε
1023 3080 1141 3157 καὶ
1191 3077 1475 3177 ἀγαθοί·
1536 3074 1818 3177 κόσμον
1854 3075 1931 3156 δὲ
1975 3075 2308 3173 ὠνόμασε
2350 3082 2643 3175 μᾶλλον

238 3196 412 3283 τοῦς
447 3197 539 3279 τὰ
576 3197 852 3299 ἐπίγεια
890 3207 1183 3307 φρονεῖν
1220 3198 1892 3298 ἀναπεπεισμένους,
1933 3205 2049 3279 καὶ
2093 3205 2184 3306 τῇ
2226 3198 2646 3300 ματαιότητι

238 3330 374 3403 τοῦ
426 3322 707 3419 κόσμου
755 3323 840 3403 τὸ
897 3329 1151 3404 οἰκεῖον
1198 3322 1724 3431 ὑποζεύξαντας
1775 3320 2137 3434 φρόνημα.
2219 3331 2431 3404 τοῦτο
2486 3357 2637 3403 τοι·

120 3472 210 3534 25
244 3453 516 3549 γαροῦν
565 3448 651 3526 οὐ
706 3447 1004 3552 σφόδρα
1059 3450 1301 3532 συνεὶς
1356 3450 1396 3528 5
1452 3446 1799 3548 μαθητὴς,
1853 3447 2053 3555 ᾠήθη
2108 3448 2345 3550 λέγειν
2393 3443 2640 3546 αὑτὸν,
2686 3449 2710 3459 .,

242 3570 357 3651 ὅτι
414 3577 560 3651 τῶν
612 3572 745 3670 μὲν
799 3570 1057 3652 αλλων
1114 3570 1455 3652 ἁπάντων
1503 3571 1926 3674 ἀνθρώπων,
1973 3607 2041 3652 οι
2094 3575 2213 3652 καὶ
2266 3567 2467 3652 τόνδε
2521 3571 2651 3653 τὸν

239 3696 602 3797 περίγειον
640 3701 915 3775 οἰκοῦσι
966 3702 1227 3800 χῶρον,
1265 3695 1393 3776 τὸν
1429 3695 1818 3851 ὀφθαλμὸν
1856 3694 2299 3795 διαλήσεται,
2338 3700 2525 3802 φημὶ
2575 3696 2652 3775 δε

239 3816 374 3909 τὸν
435 3820 583 3898 ἔσω
648 3822 764 3898 καὶ
830 3821 1332 3921 κεκρυμμένον,
1397 3854 1515 3900 και
1584 3819 1909 3904 ἄποπτος
1975 3819 2181 3901 ἔσται
2242 3826 2709 3918 παντελῶς,θ

242 3941 476 4021 οὐδενὶ
540 3949 687 4022 τῶν
746 3941 974 4022 ὄντων
1032 3940 1565 4043 γινωσκόμενος
1624 3942 1824 4043 πλὴν
1883 3941 2127 4043 μόνοις
2193 3951 2343 4030 τοῖς
2400 3947 2652 4025 εαυτοῦ

119 4106 215 4165 30
242 4070 622 4169 μαθηταῖς·
682 4075 909 4147 τοῦτο’
950 4071 1079 4167 τῆς
1136 4067 1427 4171 ἀγνοίας
1484 4069 1677 4175 αὐτῷ
1733 4066 2025 4171 γε’γονεν
2069 4068 2316 4149 αἴτιον.
2394 4075 2456 4147 εἰ
2509 4067 2654 4173 γάρ

333 4356 380 4394 1.
418 4339 595 4411 κυρίου
620 4355 719 4409 pro
743 4338 907 4409 ε’κείνῃ
934 4339 1000 4394 Ε.
1219 4356 1268 4394 2.
1306 4339 1628 4412 γεγενήμεθα
1652 4338 1719 4394 Ε.
1741 4338 2080 4427 γεγενημένοι
2094 4339 2194 4395 Ed.
2415 4361 2468 4410 4.
2505 4341 2656 4396 ἐλκύ-

252 4433 343 4467 σει
368 4411 434 4465 Ε.
633 4424 686 4481 5.
633 4408 928 4482 5εἷρηκας
954 4411 1019 4466 E.
1045 4409 1245 4480 εἴρηκεν
1270 4411 1376 4466 Ed.
1576 4427 1658 4465 ιο.
1696 4410 1950 4479 διαμαρτυ
2014 4410 2168 4482 μένης
2192 4411 2266 4466 Ε
2415 4429 2534 4466 ·.ιι
2565 4413 2658 4466 ποῖ

252 4479 324 4536 Ε.
348 4484 418 4550 πῆ
445 4480 550 4534 Ed.
825 4497 908 4552 19.
947 4479 1024 4536 ἰ’σ.
1050 4481 1225 4570 σαφες
1251 4480 1354 4537 Ed.
1380 4501 1491 4551 mg.
1520 4484 1710 4570 σαφῶς
1733 4479 1895 4534 habet
2244 4498 2329 4537 2ο.
2365 4483 2568 4538 πάντως
2592 4481 2657 4534 Ε.

251 4553 452 4608 πάντας
478 4550 582 4606 Ed.
801 4568 888 4620 24.
925 4550 1302 4621 ὑποζεύξαντας
1327 4552 1394 4608 Ε.
1419 4551 1792 4620 ὑποζεύξαντες
1817 4549 1921 4605 Ed.
