3238 5158
615 361 703 424 82
1224 362 1302 427 Β.
1349 362 1768 427 CYRILLI
1828 361 2408 428 ALEXANDR.
2754 354 2889 419 viii.
2912 372 3019 435 41.

616 524 888 604 οὐκοῦν·
923 524 1151 627 ἁγίοις
1206 523 1338 623 μὲν
1391 528 1694 630 πατέρες
1750 533 1817 608 οἱ
1871 525 2086 628 ἅγιοι,
2129 530 2465 628 πονηροῖς
2522 521 2598 602 δὲ
2653 521 2744 600 αὖ
2796 515 3025 599 πάλιν

617 652 683 727 οἶ
719 652 1017 750 πονηροὶ
1056 648 1497 752 τρεπόμενοι,
1535 649 2144 754 πρεπωδέστατοι.
2221 651 2338 728 καὶ
2376 652 2443 728 οὶ
2493 645 2623 744 μὲν
2659 642 2792 743 τὴν
2828 643 3026 723 θείαν

616 771 913 877 μορφὴν
951 771 1131 852 ὅσον
1170 772 1338 873 ἧκεν
1379 780 1599 853 εἰπεῖν
1638 776 1714 853 ἐν
1751 776 2094 882 ἁγιασμῷ
2129 780 2284 858 ταῖς
2318 772 2588 851 ἑαυτῶν
2623 764 3025 864 ἁναματτό-

617 928 815 993 μενοι
853 901 1147 1000 ψυχαῖς,
1188 900 1305 975 καὶ
1349 894 1481 995 τὴν
1519 899 1794 981 οἰκείοις
1834 902 2006 980 υἱοῖς
2057 896 2480 1000 πρέπουσαν
2517 892 2795 997 ἔχοντες
2828 890 3019 992 παῤ-

282 1015 528 1146 ῗξξξώ·
617 1018 904 1121 ρησιάν,
947 1018 1234 1103 εἰκότως
1291 1022 1536 1122 ἐροῦσι
1574 1031 1617 1067 “
1651 1019 1896 1122 Πάτερ
1953 1021 2155 1119 ἡμῶν
2210 1022 2249 1099 ὁ
2305 1021 2380 1098 ἐν
2424 1023 2576 1101 τοῖς
2629 1013 3020 1116 οὖρανοῖς.”
3049 1027 3082 1086 5

286 1162 505 1217 551A.
560 1175 598 1214 a
622 1148 895 1246 φαῦλοι
932 1142 1006 1221 δὲ
1046 1139 1272 1221 πάλιν
1307 1149 1410 1250 τῷ
1466 1145 1616 1223 κατ’
1661 1141 1916 1229 αὐτοῦς
1952 1145 2450 1223 ἀνακείσονται
2484 1141 2724 1244 πατρὶ,
2763 1170 3020 1239 γεννη-

622 1264 858 1348 θέντες
913 1262 1162 1368 ὦσπερ
1229 1265 1345 1346 διὰ
1405 1271 1533 1366 τῆς
1599 1272 1698 1353 εἶς
1756 1266 1974 1349 αὐτὸν
2033 1266 2441 1367 ὁμοιώσεως
2506 1270 2603 1347 εἰς
2664 1261 2799 1362 τὴν
2856 1260 3029 1359 ’ίσην

619 1390 1024 1495 μοχθηρίαν
1059 1391 1317 1470 αὐτῶν.
1401 1390 1679 1494 πατέρα
1720 1400 2102 1493 τοιγαροῦν
2139 1391 2504 1471 Ἰουδαίοις
2552 1388 2791 1491 ἕτερον
2828 1382 3030 1488 παρὰ

620 1512 748 1594 τὸν
798 1513 1006 1617 ἅγιον
1040 1512 1389 1618 Ἀβραὰμ
1445 1514 1654 1618 ὁρίζει
1710 1549 1786 1595 τε
1845 1518 1962 1595 καὶ
2018 1513 2338 1617 ὀνομάζει
2382 1509 2728 1616 Χριστός·
2801 1510 2912 1594 τίς
2958 1506 3030 1588 δὲ

622 1638 848 1737 οὗτος,
888 1640 1088 1719 οὔπω
1127 1638 1322 1740 λέγει
1359 1644 1649 1744 σαφῶς.
3062 1654 3122 1696 10

732 1881 933 1955 Εἶπον
988 1884 1102 1955 οὗν
1156 1887 1339 1976 αὐτῷ
1371 1883 1608 1966 Ἠμεῖο
1662 1890 1737 1954 ὲκ
1791 1887 2101 1978 πορνείας
2155 1889 2229 1954 οὐ
2285 1887 2738 1964 Γετεννήμεθα·
2804 1885 2926 1950 ἕνα

1351 2015 1605 2104 πατέρα
1659 2016 1893 2103 ἔχομεν
1948 2015 2062 2082 τὸν
2118 2014 2305 2082 Θεόν.

287 2185 450 2251 Supra.

290 2252 492 2315 sade,
736 2186 1047 2274 Φθᾶσας
1105 2189 1244 2289 ἤδη
1300 2196 1646 2291 προεῖπον
1703 2187 1811 2268 ὅτι
1868 2184 2128 2289 πικρὰς
2185 2188 2302 2267 καὶ
2356 2185 2690 2270 ἀνοσίους
2749 2184 2867 2264 ἐπὶ
2933 2189 3035 2290 τῷ

561 2315 603 2381 b
631 2316 913 2412 Σωτῆρι
949 2318 1255 2419 Χριστῷ
1292 2311 1420 2397 τὰς
1458 2310 1847 2419 διαλήψεις
1883 2309 2183 2391 ἐνόσουν
2221 2316 2289 2390 οἱ
2331 2308 2570 2391 πάντα
2619 2313 3035 2405 τολμῶντες

626 2436 957 2514 Ἰουδαῖοι
1017 2433 1349 2519 εὐκόλως.
1449 2433 1677 2543 ᾤοντο
1745 2434 1889 2537 γὰρ
1952 2434 2377 2540 διεφθάρθαι
2433 2432 2565 2533 μὲν
2627 2432 2755 2531 τὴν
2817 2431 3035 2533 ἁγίαν
3065 2453 3124 2514 ¹5

625 2557 1002 2660 παρθένον,
1042 2555 1173 2658 τὴν
1222 2568 1349 2640 τοῦ
1397 2561 1667 2662 Κυρίου
1706 2559 1982 2662 μήτερα
2029 2562 2236 2666 φημὶ,
2273 2558 2586 2664 ἔχουσαν
2632 2554 2706 2636 δὲ
2757 2556 3037 2635 ἁλῶναι

627 2681 812 2764 κατὰ
849 2681 1172 2786 γαστρὸς
1209 2685 1338 2764 οὐκ
1375 2684 1463 2791 ἐξ
1492 2684 1751 2785 Ἀγίου
1788 2683 2231 2782 Πνεύματος,
2269 2680 2316 2783 ἢ
2365 2684 2454 2791 ἐξ
2500 2682 2854 2785 ἐνεργείας
2905 2684 3039 2779 τῆς

626 2806 921 2905 ἄνωθεν,
962 2809 1131 2886 ἀλλ’
1175 2805 1313 2887 ὑπό
1349 2841 1478 2888 του
1514 2807 1739 2913 τυχὸν
1774 2813 1921 2886 τῶν
1956 2809 2070 2888 ἐπὶ
2121 2812 2248 2907 τῆς
2295 2812 2449 2908 γῆς.
2532 2809 2840 2889 ἀπειθεῖς
2889 2805 3041 2907 γὰρ

627 2929 825 3016 ὅντες
880 2934 998 3012 καὶ
1053 2930 1385 3012 ἁσύνετοι
1440 2938 1837 3030 παντελῶς,
1875 2928 1920 3031 ἢ
1973 2928 2201 3035 λόγον
2243 2930 2494 3011 οὐδένα
2545 2936 2692 3009 τῶν
2734 2937 3033 3032 προφη-

626 3061 844 3135 τικῶν
915 3058 1282 3137 ἐποιοῦντο
1357 3052 1823 3159 γραμμάτων,
1897 3057 2122 3135 καίτοι
2203 3054 2585 3159 διαῤῥήδην
2659 3052 3039 3138 ἀκούοντες
3065 3083 3131 3124 20
3217 3076 3218 3103 ³

629 3187 674 3225 ‘⁶
707 3175 897 3258 Ἰδοὺ
945 3181 989 3278 ἡ
1036 3179 1389 3282 παρθένος
1444 3182 1520 3259 ἐν
1560 3182 1831 3281 γαστρὶ
1887 3179 2031 3286 ἕξει
2086 3181 2203 3258 καὶ
2254 3177 2527 3286 τέξεται
2584 3176 2794 3273 υἱὸν,”
2833 3172 2881 3274 ἢ
2943 3183 3040 3261 εἰς

629 3300 858 3400 μόνην
910 3303 1213 3404 ὁρῶντες
1268 3302 1401 3402 τὴν
1450 3302 1716 3404 σάρκα,
1756 3306 1870 3382 καὶ
1927 3310 2081 3387 ταῖς
2137 3303 2300 3383 καθ’
2340 3303 2527 3402 ἡμᾶς
2582 3301 3040 3384 ἁκολουθίαις

573 3456 608 3499 ο
633 3421 984 3523 ἑπόμενοι,
1035 3423 1166 3523 τὴν
1223 3422 1298 3503 δὲ
1357 3430 1470 3505 καὶ
1529 3427 1706 3528 ὑπὲρ
1764 3427 1990 3528 λόγον
2046 3425 2334 3529 ἐργάτιν
2387 3428 2516 3505 οὐκ
2569 3422 3043 3525 ἐννοήσαντες

633 3547 882 3655 φύσιν,
912 3545 959 3652 ᾖ
997 3546 1398 3646 δυσήνυτον
1428 3545 1558 3645 μὲν
1592 3548 1817 3647 οὐδὲν,
1846 3548 2041 3631 ἅπαν
2079 3546 2153 3629 δὲ
2189 3549 2272 3629 τὸ
2308 3555 2563 3630 δοκοῦν
2600 3547 3041 3648 ἱππήλατον,

627 3669 731 3772 μὴ
819 3671 1072 3773 ἑτέρως
1158 3667 1514 3749 δύνασθαι
1602 3681 1981 3778 κυοφορεῖν
2064 3681 2367 3776 γυναῖκα
2458 3672 2891 3776 νομίζουσιν,
2981 3677 3040 3752 εἶ
3071 3694 3138 3755 25

629 3793 731 3896 μὴ
788 3797 865 3875 ἐκ
920 3791 1233 3875 συνόδου
1288 3798 1414 3893 τῆς
1469 3792 1652 3898 πρὸς
1707 3794 1934 3898 ἄνδρα
1987 3800 2103 3877 καὶ
2162 3797 2444 3903 μίξεως.
2521 3794 2857 3894 τοιαύτην
2910 3829 3037 3874 νο-

631 3927 931 4003 σοῦντες
995 3917 1127 4019 τὴν
1184 3919 1510 4025 ὑποψίαν
1567 3925 1635 3998 οἱ
1695 3917 2013 4018 δείλαιοι,
2069 3927 2551 4026 συκοφαντεῖν
2605 3916 3046 4017 ἀπετόλμων

631 4040 765 4142 τὴν
829 4041 947 4123 διὰ
1012 4052 1142 4123 τοῦ
1206 4042 1632 4144 Πνεύματος
1707 4043 2045 4145 γέννησιν
2110 4052 2238 4124 τοῦ
2303 4043 2495 4125 θείου
2567 4077 2644 4123 τε
2719 4044 2835 4122 καὶ
2912 4043 3045 4121 οὐκ

291 3175 377 3225 Es.
398 3174 486 3225 vii.

297 3253 374 3301 14.

674 4323 686 4337 ⁶
713 4238 765 4308 1..
798 4252 855 4308 δὲ
887 4253 949 4308 Β.
976 4252 1019 4308 δ’
1050 4254 1234 4337 Hel-st.
1259 4254 1365 4310 Ed.
1617 4273 1667 4311 2.
1706 4256 2010 4339 τρεπόμενοι
2038 4256 2104 4311 Β.
2132 4255 2231 4310 Ht.
2330 4253 2548 4346 Lacqna
2571 4252 2626 4308 iu
2653 4250 2799 4307 Aub.
2824 4261 3046 4322 propter

635 4322 1091 4464 ῗῗῖξιὲΐίἲιέἒ
1105 4326 1245 4464 ἐζίῗὲ.
1268 4326 1697 4451 ῑηνοὲὲοὲἔὲἔῑῗε
1724 4326 2027 4452 ἓῗῗέᾶαῗ“”
2056 4327 2105 4382 ¹³
2113 4335 2154 4380 ⁸·
2233 4341 2385 4466 197³,
2405 4325 2696 4451 2333?
2738 4332 2946 4475 {¹555}
2976 4323 3044 4448 3:

635 4463 905 4519 Neutrum
934 4465 1133 4520 habent
1160 4466 1258 4520 ut.
1286 4465 1389 4522 Ed.
1558 4484 1645 4537 23.
1684 4465 1793 4539 καὶ]
1829 4474 1886 4530 -Ι-
1916 4467 2009 4536 τὴν
2037 4467 2100 4522 Β.
2130 4466 2229 4521 Ht.
2326 4466 2534 4556 ἐργάτιν
2556 4464 2806 4519 emendat
2831 4463 3043 4556 M¹gn=⁹'

634 4534 856 4606 ἐργάτην
882 4534 986 4590 Ed.
1269 4553 1356 4604 24.
1391 4533 1429 4607 ᾗ
1453 4536 1742 4625 δυσήνυτον
1763 4537 1859 4607 μὲν
1882 4536 2130 4593 emendat
2160 4537 2356 4629 Hosne.
2381 4536 2509 4625 ηδὺς
2527 4535 2774 4604 ἠνύτομεν
2801 4534 2866 4589 Β.
2891 4535 3048 4604 νηδνς

633 4609 789 4678 ἤνυτο
809 4606 905 4676 μὶν
931 4605 1030 4661 Ht.
1059 4606 1202 4662 unde
1228 4606 1330 4662 Ed.
1429 4608 1721 4676 ίππηλατον
1744 4606 1993 4663 emendat
2021 4609 2220 4681 Heyse.
2245 4610 2548 4678 ιππηλατων
2573 4606 2639 4660 Β.
2668 4605 2772 4660 Ed.
