3238 5158
232 317 365 382 xffi.
394 333 499 403 37·
810 316 925 380 IN
986 319 1055 383 s,
1104 316 1617 383 JOANNEM.
1710 318 1901 383 ΜΒ.
1950 319 2072 384 1x.
2505 270 2634 383 '395

233 481 441 589 μέχρι
467 478 691 584 μόνης
725 481 1080 583 στήσεται
1116 486 1243 581 τῆς
1282 482 1574 586 σαρκός·
1621 484 1773 563 κατ’
1800 484 2017 583 αὐτῆς
2052 481 2196 587 γὰρ
2234 486 2273 563 ὃ
2311 481 2637 567 θάνατος·

233 609 276 687 ὀ
326 605 404 686 δὲ
454 608 573 685 καὶ
620 604 805 710 πρὸς
852 614 1064 687 τοῦτο
1115 607 1411 706 ἑτοίμως
1461 605 1649 712 ἔχων
1683 607 1821 708 ἤδη
1859 592 1975 687 καὶ
2010 608 2636 706 διεσκευασμένος,

235 729 376 812 ὑπὸ
449 729 642 816 τίνος
714 730 806 811 ἂν
881 729 1374 827 διακωλύοιτο,
1446 733 1700 837 φησὶν,
1766 731 2104 837 ἀπολέσῃ
2180 730 2256 811 δὲ
2329 736 2485 815 πῶς
2557 728 2643 809 τὸ

234 853 588 937 σύντονον
665 854 1004 962 φρόνημα
1071 859 1236 958 περὶ
1319 853 1405 935 τὸ
1479 859 1741 960 χρῆναι
1812 854 2101 939 πάντως
2174 858 2640 949 ἀκολουθεῖν;

167 999 206 1061 5
236 976 639 1083 θερμοτάτη
699 976 828 1080 μὲν
883 979 1030 1082 γὰρ
1097 979 1145 1080 ἡ
1208 979 1573 1083 προθυμία
1638 988 1767 1060 τοῦ
1826 979 2132 1084 Πέτρου,
2192 982 2305 1059 καὶ
2367 977 2452 1059 τὸ
2515 982 2643 1078 τῆς
2667 1009 2703 1052 e

236 1103 704 1210 ὑποσχέσεως
775 1103 1036 1207 μέτρον
1095 1114 1593 1203 πλεονεκτοῦν,
1661 1105 1745 1183 οὐ
1810 1103 2075 1208 μικρὰν
2138 1102 2273 1204 τὴν
2335 1105 2645 1183 ἐνοῦσαν

236 1231 429 1337 αὐτῷ
501 1229 801 1329 δύναμιν
876 1227 1242 1331 θεωρήσαι
1310 1262 1418 1312 τις
1505 1226 1614 1326 ἂν,
1688 1235 1983 1327 μᾶλλον
2055 1227 2131 1309 δὲ
2213 1230 2330 1308 καὶ
2407 1229 2646 1308 αὐτῶν

235 1351 686 1455 πραγμάτων
755 1351 1024 1460 ἤλεγξε
1098 1349 1184 1433 τὸ
1256 1351 1491 1437 τέλος·
1576 1350 1781 1453 πλὴν
1854 1353 2074 1433 ἐκεῖνο
2150 1351 2639 1433 διασκεπτέον.

237 1486 368 1557 τοῦ
416 1476 559 1580 γὰρ
613 1481 950 1581 Σωτῆρος
1001 1478 1205 1577 ἡμῶν
1240 1482 1574 1580 Χριστοῦ
1621 1476 1755 1577 τὴν
1792 1482 1890 1561 εἶς
1946 1474 2284 1579 οὐρανοὺς
2340 1476 2644 1584 ἀναφοί-

128 1636 213 1677 ιο
240 1634 457 1700 τησιν
521 1601 670 1682 ἀνω
743 1605 860 1682 καὶ
933 1599 1130 1683 κάτω
1203 1603 1708 1701 σημαίνοντος,
1771 1604 1889 1681 καὶ
1954 1601 2065 1681 ὅτι
2122 1599 2255 1701 μὲν
2323 1609 2450 1681 νῦν
2514 1603 2649 1705 οὐχ

241 1725 493 1832 ἕψεται
549 1724 909 1827 λέγοντος,
956 1724 1481 1826 ἀκολουθήσειν
1529 1724 1758 1827 γεμὴν
1805 1722 1988 1825 μετὰ
2042 1732 2290 1822 ταῦτα,
2342 1735 2640 1828 πληρω-

241 1848 490 1950 θείσης
527 1850 746 1930 αὐτοῦ
784 1849 1118 1952 δηλονότι
1154 1854 1282 1950 τῆς
1321 1851 1766 1950 ἀποστολῆς,
1803 1858 2052 1952 καιροῦ
2071 1857 2215 1929 ’τοῦ
2251 1849 2654 1951 πρέποντος

237 1974 355 2054 ἐπὶ
428 1970 560 2072 τὴν
635 1975 783 2055 ἅνω
857 1972 1080 2057 πόλιν
1142 1972 1271 2058 τὰς
1343 1980 1490 2054 τῶν
1555 1974 1781 2077 ἁγίων
1843 1981 2240 2057 καλοῦντος
2302 1972 2653 2079 κεφαλὰς,

241 2096 542 2197 ἑτοίμως
596 2097 782 2204 ἔχειν
837 2097 1052 2185 αὐτὸς
1106 2101 1227 2179 καὶ
1281 2098 1850 2203 προκινδυνεύειν
1905 2095 2466 2200 ἐπαγγέλλεται,
2522 2096 2653 2197 τὴν

133 2240 213 2303 15
239 2220 487 2325 ἑτέραν
535 2220 790 2326 ὥσπερ
846 2221 1055 2325 οἷμον
1078 2224 1249 2323 idm,
1296 2226 1411 2303 καὶ
1467 2221 1568 2322 μὴ
1627 2224 1779 2303 κατ’
1819 2220 1990 2302 εὐθὺ
2044 2229 2190 2302 τῶν
2240 2220 2652 2324 λεγομένων
2675 2251 2711 2290 a
2754 2237 2886 2294 758
2905 2235 2986 2290 A·

240 2345 625 2452 ἐρχόμενος
659 2345 793 2448 τὴν
830 2347 1166 2431 διάνοιαν.
1244 2344 1441 2449 οἶμαι
1477 2346 1553 2426 δὲ
1591 2349 1734 2425 δεῖν
1770 2348 1845 2426 ἐν
1880 2343 2131 2448 λόγοις
2175 2350 2413 2444 εἰπεῖν,
2452 2347 2652 2426 οὔπω

242 2477 392 2555 τοῖς
427 2471 816 2575 εἰρημένοις
854 2475 1170 2576 ἀκριβῶς
1207 2468 1612 2571 ἐπιστήσας
1649 2469 1778 2550 τὸν
1816 2478 2004 2567 νοῦν,
2040 2468 2257 2550 οἴεται
2293 2469 2483 2574 τάχα
2513 2503 2655 2549 που

245 2593 374 2676 τὸν
414 2594 705 2699 Κύριον,
762 2595 809 2698 ἢ
865 2596 1049 2701 πρός
1101 2632 1300 2681 τινας
1356 2602 1502 2676 τῶν
1557 2594 1742 2675 κατὰ
1794 2594 1926 2694 τὴν
1969 2597 2323 2674 Ἰουδαίαν
2375 2597 2647 2697 ἀγριω-

246 2719 459 2822 τέρας
493 2722 981 2821 διαβήσεσθαι
1015 2721 1279 2821 κώμας,
1315 2719 1362 2822 ἢ
1402 2722 1518 2800 καὶ
1555 2724 1653 2803 εἶς
1695 2718 1975 2821 ἑτέρους
2024 2717 2351 2823 οἴχεσθαι
2399 2717 2650 2815 λαοὺς,

138 2881 220 2923 20
250 2841 320 2922 οἳ
380 2851 739 2924 τοσοῦτον
801 2846 892 2954 ἐξ
950 2849 1292 2949 ἀκριβοῦς
1354 2847 1574 2944 ἀκοῆς
1632 2842 2257 2925 ἀποδιακείσονται
2316 2838 2499 2944 πρὸς
2562 2840 2656 2920 τὰ

247 2969 419 3071 παρ’
484 2969 703 3049 αὑτοῦ
769 2967 1224 3072 ῥηθήσεσθαι
1295 2967 1691 3069 μέλλοντα,
1750 2970 1846 3052 ὡς
1909 2962 2131 3069 μικρὰ
2201 2963 2332 3067 μὲν
2397 2967 2655 3069 κομιδῇ

245 3089 432 3196 πρὸς
496 3091 588 3173 τὰ
648 3100 797 3173 τῶν
855 3094 1111 3174 ἄλλων
1165 3094 1534 3175 Ἰουδαίων
1586 3090 2042 3193 τολμήματα,
2098 3087 2293 3170 πολὺ
2351 3087 2427 3169 δὲ
2487 3090 2659 3169 λίαν

248 3216 717 3321 ἡμερωτάτην
751 3217 885 3318 τὴν
921 3221 1228 3298 ἐνοῦσαν
1265 3224 1415 3302 τοῖς
1461 3216 1891 3321 Φαρισαίοις
1942 3215 2318 3323 ἀποδεῖξαι
2364 3214 2649 3315 μανίαν.

250 3341 477 3422 διάτοι
514 3350 728 3423 τοῦτο
765 3340 1429 3442 κατακολουθήσειν
1455 3343 2068 3445 ἀπαραποδίστως
2103 3339 2660 3442 ἐπαγγέλλεται,

144 3489 220 3551 25
250 3467 410 3571 οὐχὶ
466 3469 592 3548 οὖν
646 3466 980 3548 τεθνάναι
1034 3466 1280 3567 μόνον,
1337 3467 1509 3546 ἀλλ’
1569 3471 1630 3544 εἶ
1689 3469 1806 3546 καὶ
1864 3464 2198 3546 τεθνάναι
2258 3462 2501 3564 δεήσει
2554 3463 2655 3564 μὴ
2686 3480 2731 3544 b

252 3598 641 3673 κατοκνῶν.
725 3591 868 3697 ἔχει
908 3590 983 3671 δὲ
1019 3589 1251 3699 τούτῳ
1286 3590 1821 3694 παραπλησίως
1858 3592 1978 3671 καὶ
2013 3592 2089 3670 ἐν
2125 3596 2274 3674 τοῖς
2309 3587 2662 3692 ἀνωτέρω,

252 3718 371 3795 καὶ
407 3716 592 3815 ὅποι,
629 3714 858 3798 πάλιν
893 3717 1055 3818 ε’ρῶ.

367 3840 948 3943 Παραιτούμενος
992 3836 1138 3941 γάρ
1184 3872 1362 3919 ποτε
1411 3837 1539 3922 τὰς
1586 3844 1735 3918 τῶν
1769 3838 2136 3919 Ἰουδαίων
2169 3834 2658 3942 ἀποπληξίας,

253 3968 373 4042 καὶ
410 3964 494 4044 τὸ
531 3961 828 4066 ἀκρατὲς
867 3971 997 4043 τοῦ
1032 3968 1284 4062 θυμοῦ,
1322 3964 1441 4043 καὶ
1485 3960 1570 4042 τὸ
1626 3965 1755 4060 τῆς
1805 3961 2140 4064 γλώττης
2176 3959 2477 4068 ε’ξήνιον,
2514 3967 2661 4043 τοῖς

146 4120 226 4177 30
256 4085 439 4167 κατὰ
473 4086 605 4186 τὴν
643 4088 1051 4167 Γαλιλαίαν
1087 4085 1556 4193 ἐπεχωριάζεν
1595 4088 1636 4166 ὁ
1674 4086 2021 4189 Χριστὸς,
2058 4085 2312 4168 πολλά
2362 4119 2439 4164 τε
2488 4069 2659 4187 παρ’

254 4210 539 4293 ἐκείνοις
592 4218 1091 4314 τερατουργῶν
1134 4209 1590 4315 ἐθαυμάζετο.
1674 4209 1911 4311 ἐπειδὴ
1962 4208 2036 4290 δὲ
2088 4212 2128 4290 ὁ
2177 4213 2304 4309 τῆς
2351 4206 2663 4312 Μαριὰμ

329 4441 381 4480 2.
406 4424 490 4477 καὶ
515 4422 682 4549 prius(
688 4432 1029 4507 assumptum
1054 4440 1119 4478 ex
1144 4421 1211 4478 Ε.
1353 4423 1405 4478 6.
1431 4425 1616 4505 μικρᾶς
1642 4421 1708 4476 Ε.
1857 4437 1940 4476 10.
1966 4419 2048 4475 καὶ
2074 4421 2210 4474 κάτω
2235 4418 2571 4488 σημαίνοντος
2598 4417 2664 4472 Ε.

255 4496 361 4622 {udi
387 4517 669 4638 κατασηέιςι.
662 4496 860 4622 ίνὲνᾶἵῑ
885 4495 1041 4621 fitius
1074 4495 1270 4566 scripti,
1295 4516 1328 4549 α
1358 4495 1415 4549 in
1446 4517 1488 4548 ω
1518 4494 1691 4566 prima
1726 4510 1893 4548 manu
1930 4492 2174 4547 mutavit.
2201 4490 2668 4558 κατασημαίνοντος

1370 4666 1555 4732 3132
