3238 5158
676 356 808 421 586
1285 359 1366 424 Β.
1414 358 1833 425 CYRILLI
1891 357 2486 427 ALEXANDR.
2879 355 3102 421 15:18.

676 522 1056 608 λυσιτελὲς
1108 531 1258 609 τοῖς
1312 525 1787 626 ἀκροωμένοις
1849 527 1956 604 ἀεὶ
2011 525 2556 631 μηχανώμενος.
2637 528 2715 603 οἱ
2772 520 2918 622 μὲν
2971 519 3106 622 γὰρ

676 644 810 745 τὴν
853 647 1207 749 ἐσομένην
1242 646 1409 728 ἔσθ’
1461 647 1578 728 ὅτε
1627 650 1705 727 ἐν
1739 655 1888 733 τοῖς
1932 649 2234 749 σώμασι
2283 654 2435 728 τῶν
2469 653 2749 728 παθῶν
2787 652 3103 747 δυστρο·

675 769 850 850 πίαν
904 771 1453 875 dvaoapoigbvm
1503 778 1659 858 ταῖς
1713 769 1862 854 ἀπο
1914 776 2043 872 τῆς
2097 772 2352 878 τέχνης
2394 775 2873 875 ἐπαγωγαῖς·
2952 773 2995 850 5
3039 770 3104 848 δὲ

677 890 812 994 τὴν
861 900 960 980 εἶς
1003 930 1089 976 το
1137 895 1400 1000 πρόσω
1436 895 1757 1001 πάροδον
1793 895 2241 1001 ἀποφράττει
2289 904 2440 981 τοῖς
2488 904 2774 994 κακοῖς,
2817 901 3104 1001 προφυ·

677 1025 1045 1105 λακτικαῖς
1090 1017 1343 1124 ὥσπερ
1378 1025 1532 1102 τισὶ
1585 1021 2188 1127 προανατειχίζων
2231 1024 2556 1106 ἐντολαῖς
2601 1019 2751 1121 τὴν
2790 1019 3140 1123 ἑκάστους

678 1142 952 1248 ψυχήν.
1027 1143 1264 1246 ἐπειδὴ
1320 1146 1558 1227 τοίνυν
1612 1145 1925 1246 ἔμελλον
1979 1146 2108 1225 οὐκ
2163 1145 2276 1253 ἐφ’
2323 1143 2480 1231 ἑνὸς
2537 1145 2807 1230 ἔθνους
2867 1144 3097 1249 τυχὸν,

678 1268 849 1347 ἀλλ’
909 1267 1068 1350 οὐδὲ
1125 1270 1242 1350 ἐπὶ
1298 1269 1539 1375 χώρας
1595 1276 1764 1368 μιᾶς
1813 1270 2261 1374 προεδρεύειν
2315 1273 2383 1350 οἳ
2443 1271 2812 1370 μαθηταὶ,
2878 1273 3092 1366 καθη-

680 1390 1058 1493 γήσασθαι
1114 1392 1190 1475 δὲ
1243 1400 1537 1494 μᾶλλον
1586 1392 1882 1495 ἀπάσης
1933 1397 2064 1493 τῆς
2121 1396 2242 1501 ὑφ’
2282 1394 2485 1500 ἡλίῳ,
2525 1396 2650 1473 καὶ
2713 1400 2878 1479 τοῖς
2927 1390 3092 1472 κατὰ

622 1555 658 1599 ο
679 1522 932 1598 πᾶσαν
977 1515 1111 1618 τὴν
1147 1518 1560 1618 οἰκουμένην
1592 1515 1722 1599 τὸν
1756 1515 2223 1621 εὐαγγελικὸν
2256 1521 2373 1597 καὶ
2421 1523 2618 1597 θεῖον
2659 1515 3086 1622 διακηρῦξαι

682 1639 933 1743 λόγον,
982 1643 1460 1798 παρατρέπειν
1514 1675 1592 1722 τε
1647 1640 1815 1727 τοὺς
1870 1639 2357 1743 ἀκροωμένους
2412 1642 2530 1720 ἐπὶ
2584 1639 2679 1720 τὸ
2738 1643 2954 1750 μόνῳ
2999 1644 3083 1745 τῷ
3103 1678 3144 1719 ιε

682 1768 850 1872 Θεῷ
904 1769 1177 1864 δοκοῦν,
1214 1769 1332 1846 καὶ
1377 1763 1814 1866 μεταθήσειν
1848 1765 2019 1874 ἐξ
1976 1765 2328 1869 αμαρτίας
2375 1766 2490 1845 ἐπὶ
2545 1799 2634 1844 το
2683 1764 3082 1861 βούλεσθαι

681 1890 860 1990 δρᾶν
922 1888 1015 1968 τὰ
1077 1892 1315 1976 αὐτοῖς
1378 1890 1765 1995 πρέποντα,
1829 1890 1947 1970 καὶ
2018 1887 2286 1969 κανόνα
2355 1892 2484 1984 τῆς
2554 1888 2851 1970 ἑαυτῶν
2928 1889 3082 1994 ζωῆς

678 2018 1038 2094 ποιεῖσθαι
1090 2048 1219 2095 τον
1271 2010 1514 2115 νόμον,
1565 2017 1755 2121 φημὶ
1819 2011 1897 2094 δὲ
1960 2042 2091 2094 τον
2144 2010 2633 2117 εὖαγγελικον,
2677 2015 3079 2163 ἀναγκαίως

680 2137 918 2221 αὐτοῖς
974 2139 1142 2243 παρ’
1189 2136 1394 2219 οὐδὲν
1449 2143 1813 2220 ποιεῖσθαι
1871 2137 2140 2218 κελεύει
2198 2135 2281 2218 τὸ
2345 2134 2549 2240 παρὰ
2611 2144 2755 2217 τοῦ
2817 2136 3080 2235 κόσμου

679 2267 1077 2360 μισεῖσθαι,
1147 2261 1496 2360 τουτέστι,
1545 2260 1747 2365 παρὰ
1800 2267 1948 2342 τῶν
2001 2260 2464 2368 φρονούντων
2516 2258 2615 2341 τὰ
2671 2264 2758 2342 ἐν
2818 2261 3078 2368 κόσμῳ,
3097 2293 3138 2351 13

679 2386 797 2465 καὶ
835 2386 1244 2492 φιληδόνως
1295 2420 1375 2468 τε
1428 2389 1544 2467 καὶ
1582 2389 1873 2482 ἀσεβῶς
1910 2385 2047 2490 ζῆν
2082 2386 2462 2486 ἑλομένων.
2534 2388 2654 2465 καὶ
2695 2386 2842 2470 τίς
2871 2384 2963 2465 ἂν
2993 2384 3078 2481 εἴη

677 2504 903 2590 πάλιν
950 2511 990 2591 5
1045 2509 1300 2592 τούτου
1358 2508 1630 2613 λόγοςς
1671 2506 1856 2614 ·ἆρα
1899 2507 2066 2615 γὰρ,
2113 2508 2275 2591 εἶπέ
2310 2543 2456 2609 μοι,
2495 2507 2816 2617 φήσειεν
2862 2510 2960 2591 ἄν
2989 2542 3082 2593 τις

677 2667 916 2740 τυχον,
950 2634 1043 2715 τὰ
1078 2644 1372 2716 τοιαῦτα
1419 2641 1567 2720 τοῖς
1624 2636 1877 2716 ἑαυτοῦ
1931 2639 2280 2734 μαθηταῖς
2333 2634 2898 2715 διακελεύεσθαι
2951 2639 3078 2713 δεῖν

346 2779 481 2835 895
500 2778 581 2835 A.
618 2792 655 2834 a
679 2760 1100 2858 ἐδοκίμασεν
1165 2762 1207 2839 5
1268 2758 1618 2864 Χριστος,
1676 2758 2048 2865 ἐπωφελές
2111 2793 2182 2838 τι
2246 2762 2493 2863 χρῆμα
2554 2792 2644 2838 το
2703 2765 3076 2858 μισεῖσθαι
3167 2820 3168 2845 ,

679 2879 968 2983 δεικνυς,
1013 2884 1430 2986 ἀδιακρίτως
1484 2916 1561 2963 τε
1618 2885 1738 2963 καὶ
1791 2883 1901 2964 ἐπ’
1942 2884 2169 2963 οὐδενὶ
2223 2880 2447 2988 τυχὸν
2482 2888 2630 2962 τῶν
2665 2884 3078 2985 ἀναγκαίων
3096 2911 3140 2952 ³³

678 3012 777 3092 εἰς
809 3005 1109 3108 ὅνησινς
1164 3007 1404 3112 ἄπαγε
1458 3011 1587 3107 τῆς
1643 3004 1977 3119 ἀμαθίας·
2058 3008 2142 3086 οὐ
2191 3041 2334 3110 γαρ
2367 3005 2457 3086 ἂν
2494 3042 2594 3092 εις
2627 3015 2860 3087 τοῦτο
2920 3006 3076 3087 διά·

677 3138 939 3212 λισθεν
997 3133 1038 3211 5
1101 3130 1325 3234 λόγος
1392 3133 1605 3239 αὐτῷ·
1700 3127 1787 3211 τὸ
1859 3134 2236 3230 μισεῖσθαι
2310 3128 2385 3210 δὲ
2460 3130 2595 3234 οὐχ
2658 3131 2939 3216 ἁπλῶς
3009 3130 3080 3209 οὗ

677 3256 976 3365 σφόδρα
1048 3254 1553 3366 φυλάττεσθαι
1619 3254 1822 3356 παρὰ
1895 3253 2167 3339 παντὸς
2240 3253 2755 3354 συμβουλεύει,
2836 3260 3082 3359 διωρι·

679 3380 964 3480 σμένως
1024 3384 1257 3491 φησὶν
1323 3376 1592 3484 ἅριστά
1664 3412 1741 3459 τε
1800 3381 1919 3459 καὶ
1980 3376 2516 3481 διακεκριμένως
2580 3385 2661 3457 Εἰ
2729 3387 2763 3460 ὅ
2828 3381 3082 3485 κόσμος

677 3509 863 3614 ὑμᾶς
906 3541 1114 3613 μισ-ει,
1150 3504 1542 3603 τουτέστιν,
1578 3508 1640 3583 εἰ
1677 3505 1796 3584 καὶ
1838 3502 2185 3604 μέλλοιεν
2220 3504 2404 3600 ὑμᾶς
2441 3500 2558 3582 διὰ
2592 3501 2871 3600 μίσους
2909 3504 3140 3609 ἔχεινὸ

679 3635 749 3711 οὶ
803 3628 897 3711 τὰ
950 3632 1027 3709 ἐν
1081 3626 1338 3738 κόσμῳ
1387 3627 1862 3729 τετιμηκότες,
1910 3660 2027 3706 και
2081 3624 2271 3726 μόνα
2329 3634 2795 3776 φρονοῦντες
2815 3627 2924 3707 τὰ
2978 3628 3078 3707 ἐπὶ

612 3781 657 3847 b
681 3759 810 3854 τῆς
878 3757 1034 3857 γῆς,
1109 3753 1267 3834 ἴστε
1340 3751 1430 3854 δὴ
1503 3753 1688 3850 τότε,
1749 3752 1961 3859 φησὶ,
2034 3749 2591 3855 προπεπονθότα
2661 3758 2891 3830 τοῦτο
2965 3751 3078 3832 τὸν

681 3877 1179 3961 Διδάσκαλον.
1281 3876 1392 3958 ὅτι
1463 3874 1540 3956 δὲ
1602 3881 1754 3960 τοῖς
1824 3881 1971 3966 τῶν
2029 3875 2458 3956 καλλίστων
2519 3879 2950 3976 εἶσηγηταῖς
3005 3874 3077 3955 οὗ

679 4003 975 4106 μετρίαν
1018 4001 1202 4082 οἴσει
1247 3999 1381 4103 τὴν
1418 4000 1675 4101 ὄνησιν
1710 4007 1840 4080 τοῦ
1880 4001 2219 4104 Σωτῆρος
2255 4000 2301 4099 ἡ
2338 3995 2618 4098 ἐντολὴ,
2653 4000 2942 4079 κατίδοι
2983 4032 3076 4082 τις

679 4125 770 4210 ἂν
817 4126 894 4208 εὖ
920 4114 929 4121 ’
946 4124 1152 4227 μάλα
1204 4127 1488 4234 ῥᾳδίως,
1544 4130 1603 4206 εἶ
1654 4129 1746 4229 τῇ
1801 4129 1950 4203 τῶν
2002 4119 2456 4227 πραγμάτων
2507 4119 2781 4230 ἐνορῴη
2838 4123 3127 4230 φύσειὲ

683 4248 904 4359 φίλον
956 4249 1089 4352 μὲν
1144 4249 1286 4353 γάρ
1340 4282 1494 4333 πως
1549 4250 1675 4346 ἀεὶ,
1734 4254 2028 4348 μᾶλλον
2088 4245 2166 4326 δὲ
2230 4249 2328 4332 ὡς
2386 4246 2648 4327 ἐπίπαν
2698 4248 3067 4329 ἐσπουδα-

759 4532 843 4588 16.
879 4553 936 4586 τε
960 4539 1299 4603 assumptum
1322 4548 1387 4586 ex
1414 4529 1479 4589 Ε.
1995 4527 2185 4583 18—20.
2223 4527 2274 4581 A
2297 4527 2456 4599 τυχὸν
2478 4523 2545 4582 ad
2569 4524 2733 4597 τυχὸν
2756 4524 2989 4581 transilii
3011 4523 3072 4579 E.

685 4620 771 4672 24.
806 4625 862 4660 τε
886 4604 1055 4676 φησιν
1080 4601 1144 4657 Ε.
1572 4617 1660 4672 29.
1694 4598 1909 4672 μετρίαν
1935 4598 1999 4655 Ε.
2024 4599 2242 4670 μετρίως
2266 4596 2371 4654 Ed.
