3238 5158
237 305 372 372 xiv.
405 325 508 372 11.
621 307 732 373 IN
792 308 861 375 S.
910 309 1423 375 JOANNEM.
1515 309 1707 375 LIB.
1754 309 1874 374 IX.
1965 307 2170 373 cAP.
2219 306 2274 372 Ι.
2514 302 2640 364 435

239 472 561 572 δύνωμαι
633 475 1111 557 διαπτύσσων
1182 476 1431 581 λόγοις
1503 475 1589 558 τὸ
1664 480 1995 580 ἀμυδρῶς
2067 473 2455 578 εἰρημένον,
2522 473 2642 550 καὶ

239 597 805 698 δυσωπούμενον
838 597 1031 706 τάχα
1070 600 1173 703 μὴ
1225 604 1341 682 καὶ
1390 602 1532 706 ἀρα
1580 599 1830 702 νοηθὲν
1865 600 2311 706 ἀποκαλύψῃ
2345 593 2478 696 τὴν
2513 603 2641 675 τοῦ

236 721 571 808 τεκόντος
643 723 819 805 αὐτὸ
895 727 1367 820 δυσβουλίαν.
1479 732 1539 806 εἶ
1607 722 1744 825 μὲν
1813 726 1940 806 οὖν
2012 731 2223 803 τοῦτο
2295 721 2641 818 βούλεται
2664 731 2708 796 b

241 850 536 946 δηλοῦν,
574 850 672 932 ὡς
720 850 798 929 ἐν
831 855 922 954 τῇ
969 859 1099 930 τοῦ
1151 848 1443 954 Πατρὸς
1496 851 1711 958 οὐσίᾳ
1758 848 2183 955 φαινόμενος
2235 848 2275 927 ὃ
2312 844 2509 943 Υἱὸς,
2545 846 2641 927 ὡς

171 992 214 1054 5
245 969 632 1068 ὃμοούσιος
685 974 901 1082 αὐτῷ,
937 974 1080 1079 ἕχει
1129 977 1246 1054 καὶ
1297 973 1509 1059 αὐτὸς
1557 977 1634 1054 ἐν
1670 976 1897 1082 ἑαυτῷ
1946 971 2076 1054 τὸν
2112 971 2407 1074 Πατέρα
2438 972 2513 1048 ἐν
2548 972 2641 1074 τῇ

242 1101 375 1174 τοῦ
438 1095 880 1196 γεννήματος
946 1096 1169 1204 φύσει
1230 1105 1472 1183 καλῶς
1536 1097 2061 1196 διαλάμποντα,
2121 1098 2643 1193 συναινέσομεν

245 1221 367 1296 καὶ
417 1220 618 1319 ἡμεῖς
672 1225 771 1304 εἷς
825 1220 958 1318 τὴν
993 1231 1122 1302 τοῦ
1177 1222 1635 1325 θεωρήματος
1690 1221 2014 1321 δύναμιν·
2075 1221 2160 1300 οὐ
2213 1220 2514 1323 μετρίως
2568 1219 2636 1297 δ’

244 1339 338 1421 ἂν
371 1343 711 1444 ἀδικήσω
745 1344 967 1450 τυχὸν
1003 1345 1087 1426 τὸ
1136 1351 1264 1447 τῆς
1312 1349 1655 1451 περιοχῆς
1689 1345 1915 1445 ὄνομα
1952 1344 2268 1444 κείμενον
2300 1343 2413 1449 ἐφ’
2454 1345 2636 1449 Υὶῷ.

247 1470 309 1545 εἱ
348 1466 424 1546 δὲ
455 1477 669 1549 τοῦτο
703 1468 835 1568 μὲν
871 1470 957 1549 οὐ
1005 1470 1260 1576 φησίν·
1320 1471 1403 1550 οὐ
1437 1469 1583 1573 γὰρ
1618 1472 1697 1549 ἐκ
1734 1475 1864 1570 τῆς
1901 1467 2151 1553 οὐσίας
2187 1476 2315 1547 τοῦ
2351 1464 2644 1568 Πατρὸς

135 1627 170 1668 1
184 1626 227 1666 0
251 1595 735 1692 γεγεννῆσθαί
775 1628 950 1674 ποτε
998 1594 1475 1702 παραδέξεται
1528 1592 1657 1675 τὸν
1694 1592 1875 1674 Υὶὸν
1912 1595 1953 1673 ὃ
2009 1592 2343 1691 τοιαύτην
2378 1590 2644 1690 ε’μέσας

248 1714 406 1794 κατ’
465 1715 683 1795 αὐτοῦ
735 1719 1176 1825 δυσφημίαν,
1233 1718 1483 1821 ὥσπερ
1546 1720 1636 1797 δέ
1687 1753 1758 1799 τι
1817 1723 2039 1816 σῶμα
2098 1713 2642 1817 πεπερασμένον

245 1836 384 1937 τὴν
414 1848 543 1919 τοῦ
578 1845 759 1921 Υἱοῦ
808 1842 1039 1947 φύσιν
1073 1845 1666 1950 ἐμπεριειλῆφθαι
1714 1848 1805 1948 τῇ
1855 1848 1984 1921 τοῦ
2020 1838 2313 1942 Πατρὸς
2348 1842 2633 1942 διισχυ·
2664 1864 2702 1909 0

244 1963 530 2067 ρίζεται·
590 1972 745 2049 πῶς
796 1967 926 2046 οὐκ
973 1964 1062 2046 ἂν
1098 1964 1515 2073 ἀναφανδὸν
1550 1964 2047 2072 δυσφημήσας
2083 1962 2479 2059 ἁλώσεται,
2523 1963 2643 2041 καὶ

243 2092 375 2187 τῆς
428 2093 527 2172 εἷς
583 2089 803 2193 ἄκρον
858 2089 1173 2190 ἡκούσης
1229 2093 1808 2197 φρενοβλαβείας
1861 2089 2241 2171 ἀνάπλεως
2294 2083 2447 2182 ὧν,
2524 2086 2659 2164 καὶ·

127 2234 164 2275 1
177 2229 216 2290 5
248 2211 447 2291 αὐτοὶ
498 2210 644 2315 γὰρ
689 2214 880 2295 Θεὸν
917 2211 1093 2294 εἶναι
1144 2215 1481 2317 λέγοντες
1532 2212 1662 2293 τὸν
1696 2212 1899 2311 Yam,
1936 2210 2029 2293 τὰ
2079 2208 2446 2309 σωμάτων
2495 2207 2641 2288 ἴδια

243 2332 700 2437 προσάπτειν
761 2337 956 2443 αὐτῷ
1017 2338 1459 2440 παραλόγως
1519 2338 1984 2442 ἐπιχειροῦσι·
2073 2334 2159 2415 τὸ
2233 2331 2377 2437 γὰρ
2451 2333 2643 2417 ὅλως

244 2465 695 2566 περιορισμῷ
749 2493 888 2539 τινι
942 2462 1061 2540 καὶ
1116 2460 1353 2569 μέτρω
1408 2459 2063 2566 περισχοινίζεσθαι
2125 2463 2230 2565 τῷ
2287 2458 2644 2563 νοουμένῳ

245 2581 430 2660 κατὰ
488 2583 900 2684 διάστασιν,
958 2589 1056 2671 ὡς
1120 2589 1239 2666 καὶ
1306 2584 1450 2665 ἀπό
1514 2619 1708 2668 τινος
1769 2586 1998 2688 ἀρχῆς
2055 2581 2493 2683 καταλήγειν
2549 2586 2645 2664 εἰς

246 2704 489 2805 πέρας,
533 2705 821 2792 πάντως
875 2709 1277 2816 ἐπιδέξαιτο
1333 2710 1452 2789 καὶ
1506 2708 1589 2788 τὸ
1647 2704 1824 2788 εἶναι
1878 2705 2100 2810 τυχὸν
2146 2708 2222 2785 ἐν
2270 2704 2471 2811 τόπῳ
2526 2706 2646 2783 καὶ

125 2857 222 2902 20
247 2834 465 2937 ποσῷ
518 2836 634 2911 καὶ
689 2833 854 2913 εἴδει
908 2838 1026 2913 καὶ
1080 2832 1427 2938 σχήματι.
1516 2829 1671 2913 εἶτα
1726 2838 1882 2915 πῶς
1941 2832 2025 2910 οὐ
2081 2829 2448 2929 σωμάτων
2501 2828 2645 2908 ἴδια

245 2955 460 3033 ταυτί
480 2987 501 3051 3
571 2963 726 3040 πῶς
782 2956 857 3037 δὲ
908 2959 991 3037 οὗ
1044 2957 1205 3056 μεθ’
1247 2957 1471 3056 ἡμῶν,
1521 2959 1618 3042 ῶς
1675 2957 1836 3037 καθ’
1879 2955 2082 3054 ἡμᾶς,
2132 2956 2172 3034 ὁ
2230 2951 2404 3055 ὑπὲρ
2457 2953 2643 3052 ἡμᾶς
2667 2968 2711 3032 d

245 3077 725 3179 νοηθήσεται;
804 3078 850 3183 ἢ
907 3088 1064 3165 πῶς
1120 3083 1247 3161 οὐκ
1302 3079 1624 3188 ἀδελφὸς
1672 3087 1764 3186 τῇ
1818 3078 2021 3186 ἑτέρᾳ
2074 3080 2334 3175 κτίσει,
2384 3077 2645 3157 λοιπὸν

246 3201 452 3284 οὐδὲν
506 3203 694 3310 ἔχων
746 3206 913 3309 παρ’
965 3203 1188 3304 αὐτὴν
1241 3204 1327 3285 τὸ
1381 3204 1634 3305 πλέον,
1683 3203 1864 3285 ὅσον
1912 3204 2082 3304 ἧκεν
2136 3209 2355 3283 εἰπεῖν
2410 3208 2507 3285 εἰς
2560 3199 2646 3280 τὸ

242 3323 424 3406 εἶναι
458 3329 1022 3432 πεπερασμένως
1052 3362 1075 3426 3
1140 3329 1326 3434 ἔχων
1362 3327 1437 3408 δὲ
1473 3331 1662 3409 οὕτω
1698 3327 1883 3409 κατά
1919 3362 2003 3430 γε
2040 3325 2172 3426 τὴν
2206 3329 2450 3426 ἀμαθῆ
2499 3333 2647 3406 τῶν

120 3477 215 3539 25
245 3451 333 3530 δι’
391 3452 713 3537 ἐναντίας
772 3452 1136 3551 ὑπόνοιαν,
1194 3454 1270 3532 τί
1321 3451 1560 3553 μάτην
1611 3453 1798 3552 ἡμᾶς
1860 3450 2345 3555 προσεκτύπει
2407 3449 2644 3552 λέγων

244 3585 291 3624 “
323 3576 573 3674 ’Υμεῖς
631 3579 711 3657 ἐκ
774 3583 921 3659 τῶν
981 3575 1176 3657 κάτω
1236 3576 1425 3673 ε’στὲ,
1481 3573 1623 3679 ἐγὼ
1689 3579 1767 3656 ἐκ
1823 3583 1970 3655 τῶν
2027 3574 2175 3655 ἀνω
2239 3575 2446 3672 εἷμί·”
2527 3577 2645 3654 καὶ

239 3697 470 3781 πάλιν
508 3710 554 3749 “
586 3703 832 3801 εΥμεῖς
876 3703 955 3781 ἐκ
1003 3710 1134 3781 τοῦ
1171 3699 1453 3800 κόσμου
1490 3697 1748 3780 τούτου
1784 3699 1972 3793 ἐστὲ,
2007 3697 2151 3800 ἐγὼ
2201 3699 2328 3777 οὐκ
2376 3700 2516 3795 εἰμὶ
2565 3701 2644 3778 ἐκ

241 3834 291 3872 “
323 3832 453 3905 τοῦ
491 3822 774 3924 κόσμου
808 3824 1066 3906 τούτου
1092 3826 1155 3920 ;”
1206 3825 1482 3906 ἀνωθεν
1520 3825 1666 3927 γὰρ
1700 3822 1955 3904 ἑαυτὸν
1989 3820 2164 3902 εἶναι
2200 3821 2467 3924 λέγων,
2509 3823 2643 3927 οὐχ

242 3949 502 4034 ἁπλῶς
555 3947 818 4049 ἐδήλου
872 3948 959 4029 τὸ
1013 3951 1103 4058 ἐξ
1153 3950 1492 4052 οὐρανῶν·
1574 3949 1652 4028 τί
1700 3947 1845 4050 γὰρ
1900 3945 1991 4026 ἂν
2045 3946 2197 4051 ἔχοι
2250 3943 2335 4026 τὸ
2390 3951 2641 4026 πλεῖον

121 4099 215 4159 30
239 4071 445 4175 παρὰ
497 4072 665 4158 τοὺς
720 4074 967 4175 ἁγίους
1022 4072 1405 4176 ἀγγέλους,
1452 4070 1648 4175 εἴπερ
1700 4072 1972 4151 ἀνωθεν
2022 4072 2380 4153 κάκείνους
2427 4067 2641 4153 ὄντας
2663 4114 2724 4156 e-

240 4194 662 4300 εὑρήσομεν,
720 4203 1027 4281 τοπικῶς
1089 4198 1576 4303 ἐκληφθέντος
1638 4202 1770 4276 τοῦ
1833 4192 2409 4294 σημαινομένου;
2489 4228 2631 4295 ση·

322 4480 406 4534 13.
441 4464 797 4552 δυσφημήσας
821 4464 886 4521 Ε.
915 4464 1018 4522 Ed.
1039 4483 1150 4536 mg.
1168 4464 1451 4535 δυσφῆσιις
1478 4464 1580 4520 Ed.
1728 4479 1811 4535 15.
1851 4466 1985 4521 θεὸν
2004 4465 2108 4537 γὰρ
2131 4466 2345 4520 inverso
2368 4463 2555 4519 ordine
2576 4465 2641 4519 Ε.

248 4548 335 4607 17.
371 4540 473 4591 τῶν
496 4557 781 4606 νοουμιενων
806 4537 871 4591 Ε.
1086 4553 1171 4591 20.
1208 4538 1291 4591 καὶ
1315 4537 1407 4589 alt.
1433 4552 1540 4589 om.
1569 4534 1634 4591 E.

1359 4639 1397 4703 3
1431 4637 1475 4680 K
1508 4638 1544 4685 2

2732 3587 2894 3665 SHPN·

2730 3667 2836 3701 vm.
2862 3665 2886 3699 2
2894 3666 2941 3713 3.
