3238 5158
193 312 327 376 xiv.
357 331 419 394 2,
445 334 508 400 3.
770 314 883 381 IN
943 315 1013 382 S.
1061 314 1577 382 JOANNEM.
1669 316 1862 382 LIB.
1908 316 2030 381 IX.
2470 316 2600 379 403

195 479 561 559 πιστεύειν
594 514 673 561 τε
705 487 1002 582 μᾶλλον
1038 485 1159 562 καὶ
1192 482 1292 568 ε’ίς
1325 517 1404 564 τε
1443 481 1740 586 Πατέρα
1773 480 1903 562 τὸν
1940 478 2152 577 Θεὸν,
2186 481 2306 558 καὶ
2347 475 2600 558 ἑαυτον

194 600 562 711 ἐπιτάξας,
607 607 727 687 καὶ
774 605 1194 713 ἀναφανδὸν
1242 607 1381 709 ἤδη
1430 610 1623 715 φησὶ
1674 609 2305 757 μικροψυχοῦντας
2353 635 2592 703 παρα-

192 727 662 828 μυθούμενος,
722 732 818 814 ὡς
881 732 1012 811 οὐκ
1075 730 1219 839 ἔξω
1281 738 1582 830 μενοῦσι
1645 733 1775 830 τῆς
1839 729 2049 811 ὁσίας
2111 728 2363 826 αὐλῆς,
2427 728 2600 804 ἀλλ’

195 852 822 954 ἐνοικισθήσονται
858 854 989 953 μὲν
1023 862 1183 942 ταῖς
1235 854 1384 936 ἄνω
1437 861 1712 956 μοναΐς,
1750 854 1828 934 ἐν
1864 850 1942 934 δὲ
1990 857 2083 958 τῇ
2130 858 2278 932 τῶν
2310 882 2602 954 πρωτο-

126 1002 172 1064 5
199 973 435 1056 τόκων
506 980 864 1087 ἐκκλησίᾳ
946 978 1076 1060 τὸν
1146 980 1567 1084 μακραίωνα
1647 979 2001 1086 τρίψουσι
2080 977 2267 1074 βίον,
2340 975 2459 1055 καὶ
2529 974 2609 1051 ἐν

202 1099 699 1201 ἀτελευτήτοις
772 1101 1066 1184 ἔσονται
1136 1111 1288 1187 τοῖς
1359 1106 1687 1206 ἀγαθοῖς.
1792 1099 2074 1185 πολλὰς
2139 1097 2368 1203 γεμὴν
2430 1093 2614 1178 εἷναί
2631 1109 2677 1176 d

90 1230 103 1238 ’
204 1229 399 1330 φησι
453 1225 585 1311 τάς
637 1225 849 1333 μονὰς
902 1229 963 1310 ἐν
1009 1229 1090 1339 τῇ
1140 1229 1256 1308 τοῧ
1306 1227 1574 1333 Πατρὶς
1633 1229 1836 1336 οἰκίᾳ,
1878 1222 2403 1330 πολυχώρητόν
2449 1256 2612 1303 τινα

205 1344 572 1429 διδάσκων
607 1348 785 1431 εἷναι
820 1350 949 1432 τὸν
985 1349 1310 1456 οὐρανὸν,
1347 1356 1466 1432 καὶ
1501 1349 1929 1455 προσθήκης
1966 1351 2294 1450 οὐδεμιᾶς
2332 1352 2615 1428 δεῖσθαι

206 1480 583 1558 παντελῶς
625 1474 759 1576 τὴν
794 1476 964 1580 παρ’
1004 1477 1226 1558 αὐτοῦ
1275 1475 1666 1580 γενομένην
1702 1475 1941 1556 κτίσιν
1977 1480 2076 1561 εἷς
2122 1470 2208 1555 τὸ
2258 1473 2617 1555 δύνασθαι

98 1630 189 1681 10
211 1602 472 1690 λαβεῖν
506 1597 670 1684 τοὺς
702 1602 1137 1705 ἀγαπῶντας
1182 1600 1422 1681 αὐτόν·
1479 1597 1667 1684 εἰκὸς
1711 1598 1809 1698 δὲ,
1848 1597 1958 1679 ὅτι
1991 1601 2109 1679 καὶ
2146 1596 2230 1678 τὸ
2268 1594 2618 1703 διάφορον

212 1724 343 1820 τῆς
391 1726 620 1823 τιμῆς,
655 1729 759 1833 τῷ
813 1726 1106 1811 πολλὰς
1160 1722 1339 1806 εἶναι
1396 1724 1640 1828 λέγειν
1688 1721 1819 1809 τὰς
1871 1721 2118 1824 μονὰς,
2158 1725 2619 1824 ὑποσημῆναι

213 1843 579 1945 βούλεται,
631 1845 943 1930 ἑκάστου
992 1858 1123 1931 τοῦ
1169 1849 1429 1953 διαζῆν
1478 1846 1931 1946 βουλομένω
1986 1849 2061 1928 ἐν
2112 1850 2353 1953 ἀρετῇ,
2398 1844 2624 1927 τόπον

215 1967 471 2073 ὥσπερ
525 1970 685 2052 τινὰ
748 1971 879 2054 τὸν
936 1974 1118 2054 ἴδιον
1176 1974 1770 2079 ἀποληψομένου,
1828 1976 1946 2052 καὶ
2011 1970 2144 2073 τὴν
2198 1979 2347 2056 τοῖς
2404 1973 2625 2051 αὐτοῦ

214 2095 643 2197 πρέπουσαν
702 2098 1221 2202 κατορθώμασι
1295 2096 1541 2205 δόξαν.
1632 2106 1682 2177 εἰ
1739 2095 1836 2202 μῆ
1902 2103 2174 2178 πολλαὶ
2238 2105 2625 2201 τοιγαροῦν

106 2245 190 2304 15
217 2216 413 2319 ἦσαν
456 2224 531 2300 αἱ
583 2220 787 2324 παρὰ
839 2228 944 2331 τῷ
993 2228 1160 2330 Θεῷ
1217 2225 1335 2302 καὶ
1382 2224 1624 2327 Πατρὶ
1672 2228 1896 2328 μοναὶ,
1933 2220 2198 2321 ταύτης
2252 2220 2344 2302 οἲν
2393 2221 2623 2302 ἕνεκεν
2647 2254 2684 2299 e

216 2347 348 2437 τῆς
394 2344 625 2430 αἰτίας
669 2345 1316 2451 προαποδημήσειν
1361 2346 1525 2453 ἔφη,
1564 2350 1662 2431 ὡς
1712 2344 2056 2447 δηλονότι
2102 2343 2628 2450 προετοιμάσαι

218 2464 313 2547 τά
356 2474 502 2548 τῶν
539 2470 768 2572 ἁγίων
805 2470 1333 2572 ἐνδιαιτήματα·
1393 2469 1689 2554 πολλὰς
1735 2468 1813 2550 δὲ
1863 2472 2090 2554 οὔσας
2141 2469 2342 2555 εἰδὼς
2390 2504 2621 2573 προη-

218 2597 709 2695 τοιμασμένας
764 2596 925 2698 ηδη,
981 2631 1096 2676 και
1153 2602 1300 2677 τῶν
1355 2597 1811 2698 ἀγαπώντων
1860 2594 2054 2677 Θεὸν
2107 2595 2630 2699 περιμενούσας

220 2716 354 2815 τὴν
421 2718 696 2825 ἄφιξιν,
756 2722 916 2825 οὐχὶ
987 2720 1250 2820 ταύτης
1326 2720 1528 2801 ἕνεκα
1603 2724 1732 2820 τῆς
1806 2720 2034 2804 αιτίας
2098 2719 2626 2820 ἀποδημήσων,

112 2874 198 2916 20
224 2843 478 2947 φησὶν,
534 2841 739 2921 ἀλλά
796 2848 924 2941 τῆς
980 2842 1241 2924 ἀνόδου
1298 2847 1427 2945 τῆς
1486 2843 1670 2948 πρὸς
1728 2879 1814 2925 το
1870 2879 2040 2942 ανω,
2097 2844 2325 2945 νομὴν
2381 2843 2633 2947 ὥσπερ

223 2962 387 3044 τινὰ
435 2968 554 3044 καὶ
597 2966 823 3047 τόπον
857 2968 1448 3071 προευτρεπίσων
1487 2971 1675 3069 ὑμῖν,
1716 2971 1835 3048 καὶ
1870 2966 1953 3048 τὸ
1989 2966 2225 3049 πάλαι
2260 2966 2635 3065 δύσβατον

222 3088 657 3196 ἐξομαλιῶν.
734 3091 1007 3188 ἄβατος
1046 3090 1191 3194 γὰρ
1233 3089 1327 3192 ἦν
1362 3092 1771 3197 ἀνθρώποις
1804 3099 2182 3177 παντελῶς
2221 3094 2262 3172 ὁ
2299 3091 2630 3197 οὐρανὸς,

221 3218 342 3294 καὶ
390 3215 477 3296 οὐ
524 3216 892 3317 πεπάτηκε
941 3214 1296 3320 πρότερον
1330 3215 1623 3298 πώποτε
1674 3215 1881 3325 σὰρξ
1927 3216 2012 3298 τὸ
2065 3215 2382 3320 καθαρὸν
2416 3219 2637 3296 ἐκεῖνο
2658 3254 2696 3296 a
2740 3241 2874 3297 764
2891 3238 2968 3293 Α.

223 3342 342 3419 καὶ
397 3338 775 3443 πάναγνον
830 3346 978 3422 τῷν
1031 3338 1376 3443 ἀγγέλων
1431 3343 1721 3445 χωρίον,
1776 3340 2164 3421 ἐνεκαίνισε
2220 3338 2298 3419 δὲ
2351 3346 2638 3443 πρῶτος

114 3494 200 3556 25
224 3463 394 3563 ἡμῖν
453 3463 588 3564 τὴν
643 3470 742 3549 εἷς
807 3463 1029 3544 αὐτὸν
1088 3464 1350 3544 ἄνοδον
1410 3466 1451 3543 ὁ
1512 3462 1862 3567 Χριστὸς,
1919 3467 2036 3544 καὶ
2095 3462 2323 3545 τόπον
2382 3463 2639 3545 ἔδωκεν

227 3584 487 3669 ἀνόδου
523 3591 652 3689 τῆς
696 3593 796 3672 εἰς
843 3585 1149 3692 οὐρανὸν
1185 3592 1276 3693 τῇ
1322 3590 1563 3690 σαρκὶ,
1603 3586 1944 3693 ἀπαρχὴν
1982 3584 2237 3692 ὥσπερ
2286 3588 2449 3668 τινὰ
2496 3595 2643 3670 τῶν

227 3711 775 3812 κεκοιμημένων,
809 3715 926 3792 καὶ
979 3714 1056 3792 ἐν
1102 3715 1242 3814 γῆς
1296 3710 1580 3817 χώματι
1635 3712 1994 3812 κειμένων,
2039 3710 2294 3792 ἑαυτὸν
2340 3715 2637 3793 ἀνακαι-

229 3835 440 3918 νίσας
474 3841 579 3943 τῷ
616 3841 784 3942 Θεῷ
818 3839 938 3916 καὶ
979 3839 1238 3939 Πατρὶ,
1275 3838 1394 3915 καὶ
1429 3842 1717 3938 πρῶτος
1764 3836 2145 3937 ἅνθρωπος
2194 3837 2444 3940 ὀφθεὶς
2491 3842 2640 3919 τοῖς

112 3943 122 3956 ⁸
228 3960 306 4038 ἐν
343 3962 648 4067 οὐρανῷ.
728 3960 1095 4063 τοιγάρτοι
1132 3963 1251 4040 καὶ
1288 3957 1374 4040 τὸ
1413 3960 1689 4041 σεπτὸν
1726 3964 1842 4040 καὶ
1880 3958 2068 4061 με’γα
2102 3964 2232 4059 τῆς
2268 3961 2641 4060 ἐπιδημίας

117 4114 204 4173 30
229 4085 358 4181 τῆς
421 4083 603 4180 μετὰ
667 4083 943 4186 σαρκὸς
999 4082 1405 4187 μυστήριον
1466 4085 1595 4165 οὐκ
1661 4084 1926 4169 εἰδότες
1987 4088 2054 4164 οἱ
2118 4084 2271 4163 κατ’
2336 4082 2643 4187 οὐρανὸν

230 4206 432 4291 ὄντες
481 4207 808 4309 ἄγγελοι,
846 4207 1137 4288 ἀνιόντα
1185 4208 1787 4309 κατετεθήπεσαν,
1825 4212 1942 4290 ἐπὶ
1997 4206 2074 4290 δὲ
2130 4213 2233 4315 τῷ
2288 4206 2471 4316 ξένῳ
2524 4212 2642 4287 καὶ

308 4354 393 4411 18.
428 4352 768 4427 ἀγαπώντων]
802 4361 861 4420 -Ι-
890 4356 981 4410 τὸν
1006 4353 1149 4409 Catt.
1318 4372 1406 4411 20.
1445 4355 1604 4425 νομὴν
1631 4355 1697 4411 Ε.
1726 4355 1868 4411 Catt.
1892 4353 2051 4425 μονὴν
2075 4355 2180 4412 Ed.
2326 4372 2412 4411 21.
2448 4357 2646 4427 τρόπον

234 4424 379 4481 Catt.
561 4440 647 4497 25.
685 4428 846 4481 τόπον
871 4425 936 4482 Ε.
939 4442 985 4480 c.
1014 4427 1209 4495 τρόπον
1233 4424 1399 4482 Cord.
1424 4425 1529 4481 Ed.
1713 4440 1800 4498 27.
1835 4427 2168 4483 ἀνακαινίσαι·
2192 4426 2257 4482 E.
2261 4443 2308 4480 c.
2331 4426 2647 4495 ἀνακομίσας

236 4495 402 4623 gelid.
430 4494 534 4550 Ed.
628 4566 684 4622 b
708 4512 797 4569 3ο.
835 4497 965 4552 κατὰ
986 4497 1079 4549 τὸν
1103 4494 1244 4552 Catt.
1424 4514 1512 4568 31.
1550 4495 1697 4554 ὄντες
1718 4497 1936 4570 ὅγγελοι
1962 4497 2105 4552 Catt.
2133 4496 2237 4552 Ed.
2261 4496 2480 4568 ἄγγελοι
2487 4448 2646 4551 ὄντες

290 4608 303 4623 .
358 4589 473 4625 ντες
494 4584 604 4623 om.

1354 4657 1530 4723 3¹³2
