3238 5158
571 310 704 375 360
1180 312 1259 377 B.
1304 311 1725 378 CYRILLI
1785 312 2370 378 ALEXANDR.
2712 308 2851 375 xiii.
2881 326 2993 395 ¹9·

577 476 618 554 5
656 473 904 580 λόγος.
979 477 1086 561 τι’ς
1123 475 1268 581 γὰρ
1303 476 1394 559 ἂν
1430 477 1535 580 εἴη
1573 486 1703 559 τοῦ
1739 478 2178 579 καθήκοντος
2214 483 2581 581 λογισμοῦ
2628 481 2991 556 τοσοῦτον

238 616 367 675 ¹732
386 616 464 673 Δ.
516 636 554 677 a
576 598 1068 701 ἐστερημένος,
1117 605 1214 686 ὡς
1267 601 1396 682 τὸν
1450 610 1579 683 τοῦ
1628 604 1889 705 Ἀγίου
1945 600 2370 703 Πνεύματος
2425 599 2703 681 οἴεσθαι
2755 597 2989 698 λόγον

577 723 929 827 ἁμαρτίας
987 727 1138 805 τισὶ
1197 727 1529 828 γίνεσθαι
1591 725 1992 833 πρόξενον,
2073 727 2330 806 οὐκοῦν
2385 726 2470 805 οὐ
2534 722 2651 803 διὰ
2713 721 2987 819 ταύτην

573 847 1009 947 πιστεύομεν
1057 846 1189 948 τὴν
1232 848 1465 930 αἰτίαν
1514 848 1909 955 δεδράσθαι
1963 848 2057 931 τὰ
2111 850 2289 953 ἔργα
2342 846 2543 952 παρά
2596 880 2828 944 τινων,
2863 845 2991 924 ba

573 977 1025 1075 πληρωθεῖεν
1060 977 1134 1054 αἱ
1178 974 1482 1081 γραφαί·
1547 972 1659 1054 ὅτι
1717 971 1795 1055 δὲ
1851 972 2141 1059 πάντως
2195 972 2403 1054 ἔσται
2450 970 2545 1053 τὰ
2592 966 2984 1070 συμβησό-
3014 989 3057 1052 5

575 1130 759 1197 μενα
822 1096 1149 1200 προειδὸς
1221 1097 1306 1179 τὸ
1383 1102 1687 1196 Πνεῦμα
1761 1096 2192 1200 λελάληκεν,
2254 1096 2341 1176 ἵν’
2409 1096 2585 1177 ὅταν
2650 1096 2986 1198 γίνεσθαι

576 1225 855 1325 συμβῇ,
891 1223 1205 1308 πίστεως
1259 1221 1591 1327 ἐνέχυρον
1642 1219 1994 1317 λαβόντες
2049 1220 2183 1322 τὴν
2231 1217 2657 1325 πρόρῤησιν,
2695 1217 2829 1320 τὴν
2861 1219 2982 1322 ἐφ’

579 1342 639 1452 ᾦ
729 1345 1134 1450 γέγραπται
1225 1354 1474 1443 ταῦτα,
1557 1342 1818 1426 λοιπὸν
1912 1344 2280 1449 ἀραρότως
2367 1344 2981 1447 ἐπιγινώσκωμεν.

575 1478 866 1551 πολλοῦ
932 1469 1007 1550 δὲ
1071 1471 1240 1571 ἡμῖν
1294 1467 1676 1574 γεγονότος
1735 1476 1866 1550 τοῦ
1929 1466 2159 1572 λόγου
2221 1470 2383 1572 περὶ
2446 1474 2592 1548 τῶν
2643 1467 2992 1548 τοιούτων

577 1594 654 1674 ἐν
708 1595 923 1701 ἑτέρῳ
986 1594 1281 1703 βιβλίῳ,
1335 1592 1422 1674 τὸ
1485 1598 1786 1697 μακροῖς
1851 1593 1956 1673 ἔτι
2019 1596 2182 1698 περὶ
2242 1594 2480 1673 αὐτῶν
2532 1593 2988 1697 ἐνδιατρῖψαι
3024 1622 3107 1665 10

511 1733 555 1798 b
582 1716 1000 1820 διηγήμασι,
1047 1716 1381 1822 περιττὸν
1435 1705 1621 1798 εἶναι’
1666 1750 1824 1800 πως
1878 1721 2089 1798 δοκεῖ.

482 1978 556 2037 ¹9
650 1974 930 2062 Ἀπάρτι
982 1975 1158 2051 Aeso)
1210 1969 1356 2053 ὑμῖν
1410 1974 1540 2065 πρὸ
1591 1980 1707 2042 τοῦ
1763 1974 2080 2058 Γενέσθαι,
2130 1976 2239 2042 ἵνα
2292 1975 2680 2043 πιστεύσητε
2734 1975 2897 2043 ὅταν

1382 2102 1644 2177 Γὲνκται
1695 2104 1797 2171 ὅτι
1847 2101 1984 2179 ἐΓώ
2033 2098 2185 2181 εἰμι.

691 2270 1312 2374 Ἀναγκαιοτάτην
1343 2273 1753 2376 πεποίημαι,
1791 2277 2003 2382 φησὶ,
2040 2281 2184 2356 τῶν
2220 2272 2403 2354 ὅσον
2438 2274 2713 2354 οὐδέπω
2754 2308 2984 2377 παρε-

579 2394 911 2495 σομένων
967 2400 1084 2477 καὶ
1139 2395 1283 2502 πρὸ
1339 2407 1588 2503 καιροῦ
1638 2397 1771 2500 τὴν
1813 2397 2192 2506 ἐξήγησιν·
2250 2397 2563 2503 ᾐσθήσει
2617 2396 2764 2502 γὰρ
2817 2396 2987 2484 τοῦς
3023 2435 3104 2498 15

578 2518 1085 2624 ἀκροωμένους,
1124 2524 1243 2602 καὶ
1298 2522 1382 2603 οὐ
1434 2521 1690 2627 μικρὸν
1742 2521 1922 2604 οἴσει
1978 2522 2062 2604 τὸ
2120 2522 2385 2627 κέρδος,
2433 2528 2492 2603 εἱ
2549 2520 2674 2603 τὸν
2719 2523 2795 2603 ἐκ
2851 2531 2985 2604 τοῦ

576 2643 1001 2748 πράγματος
1054 2650 1295 2726 εἰδεῖεν
1330 2646 1634 2728 σκοπόν.
1714 2649 1999 2733 εἶκαίοις
2045 2647 2178 2747 μὲν
2210 2647 2355 2752 γὰρ
2404 2644 2538 2747 τὴν
2572 2655 2701 2727 τοῦ
2750 2645 2988 2749 λόγου

518 2800 556 2845 ο
578 2771 824 2875 χρείαν
861 2775 1187 2852 δαπανᾶν
1225 2770 1685 2875 διηγήμασιν,
1723 2771 2077 2873 ἀσύνηθές
2113 2806 2190 2852 τε
2229 2774 2343 2851 καὶ
2396 2772 2480 2851 οὐ
2534 2771 2757 2876 φίλον
2794 2772 2978 2870 ἐμοί·

577 2891 682 2977 οἷς
744 2894 812 2974 δ’
870 2890 959 2973 ἂν
1015 2896 1356 3002 φαίνηται
1419 2893 1707 3000 προσὸν
1761 2892 1845 2976 τὸ
1907 2892 2286 2980 λυσιτελὲς
2347 2896 2432 2975 οὐ
2494 2891 2751 2997 μικρὸν
2806 2892 3017 2974 εἶναι’

574 3015 757 3120 πρὸς
793 3024 1072 3120 γνῶσιν
1106 3017 1200 3099 ἴοι
1244 3018 1378 3119 τὴν
1414 3018 1775 3123 ὑμετέραν,
1812 3028 2041 3100 ταῦτα
2089 3023 2234 3100 δεῖν
2272 3018 2772 3119 ὑπολαμβάνω
2827 3027 2985 3106 ταῖς
3018 3059 3102 3100 20

577 3142 938 3246 ὑμετέραις
1011 3144 1288 3249 ἐνηχεῖν
1349 3145 1618 3231 ἀκοαῖς.
1718 3141 1910 3248 λέγω
1973 3150 2357 3248 τοιγαροῦν
2417 3142 2676 3252 ἀπάρτι
2750 3147 2986 3249 φησὶν

576 3271 726 3369 ὑμῖν
783 3264 876 3345 τὰ
941 3268 1056 3348 ἐπὶ
1121 3267 1371 3370 θύραις
1432 3266 1566 3369 μὲν
1632 3269 1795 3369 ἤδη,
1855 3268 2385 3365 τετελεσμένων
2443 3263 2521 3348 δὲ
2585 3268 2787 3347 οὔπω
2849 3267 2985 3368 τὴν

575 3394 856 3492 γνῶσιν
909 3391 1251 3492 ἐντίθημι,
1305 3391 1390 3472 ἵν’
1450 3393 1605 3473 ’ὅταν
1661 3392 1989 3496 γενέσθαι
2045 3395 2304 3498 συμβῇ
2369 3388 2986 3495 συναρμόττοντες

577 3519 726 3595 τοῖς
779 3514 950 3616 παρ’
992 3515 1164 3611 ἐμοῦ
1217 3514 1861 3619 προηγορευμένοις
1919 3521 2064 3596 τῶν
2108 3513 2561 3620 πραγμάτων
2606 3513 2689 3593 τὸ
2746 3511 2981 3605 τέλος,

579 3638 844 3716 ἐκεῖνον
918 3635 1136 3716 αὐτὸν
1209 3634 1389 3717 εἶναι’
1452 3673 1543 3738 με
1610 3636 2026 3735 πιστεύσητε,
2102 3640 2266 3740 περὶ
2351 3637 2435 3719 οὗ
2516 3638 2610 3718 τὰ
2690 3647 2985 3718 τοιαῦτα
3014 3673 3095 3735 25

581 3758 1188 3867 κεχρησμῴδηκεν
1224 3762 1270 3861 ἡ
1309 3762 1463 3842 θεία
1497 3763 1770 3870 γραφή.
1827 3766 1903 3844 ἐν
1940 3763 2177 3872 ταύτῷ
2212 3768 2595 3866 τοιγαροῦν
2634 3763 2674 3841 5
2717 3759 2985 3863 Κύριος

514 3898 560 3968 d
584 3885 785 3985 ἡμῶν
847 3887 1136 3985 Ἰησοῦς
1210 3886 1250 3965 5
1323 3886 1673 3992 Χριστὸς,
1738 3889 1856 3968 καὶ
1928 3886 2056 3967 τὸν
2119 3886 2480 3989 προδότην
2543 3889 2986 3990 ἐπανορθοῦν

581 4006 1113 4114 εὐπεριστόλως
1167 4011 1518 4116 ἐπιχειρεῖ,
1564 4011 2047 4114 κεκρυμμένον
2092 4012 2208 4092 ἐπὶ
2262 4017 2549 4117 μικραῖς
2602 4011 3005 4118 α’σαφεῖαις·

661 4221 709 4259 1.
746 4204 809 4259 ἂν
831 4212 1170 4275 assumptum
1195 4223 1260 4259 ex
1286 4204 1352 4260 E.
1647 4204 1700 4260 6.
1735 4205 1980 4277 γενέσθαι
2006 4204 2149 4261 Catt.
2450 4217 2501 4276 7.
2538 4203 2631 4274 τὴν
2654 4202 2773 4276 alt.]
2800 4204 2892 4258 τὸν
2918 4202 2985 4259 Ε.

582 4276 637 4331 8.
675 4275 1089 4346 ἐπιγινώσκωμεν
1106 4293 1154 4330 a.
1183 4274 1347 4331 Cord.
1372 4275 1456 4331 ε’πι
1492 4278 1779 4346 ινώσκομεν
1801 4294 1848 4332 c.
1873 4279 2206 4350 γινώσκωμεν
2230 4274 2332 4331 Ed.
2476 4290 2558 4347 15.
2712 4274 2987 4329 endumne

580 4344 904 4415 ἦσθήσεταιὶ
1089 4361 1172 4417 17.
1211 4346 1416 4403 εἷκαῖοις
1441 4297 1506 4402 ἔ.
1530 4346 1733 4403 εἰκαίως
1757 4346 1860 4403 Ed.
2050 4364 2131 4419 19.
2169 4342 2296 4402 εἶναι
2318 4366 2359 4400 π
2425 4369 2449 4403 ς
2471 4350 2669 4418 γνῶσιν
2743 4385 2757 4399 .
2783 4346 2830 4398 εἷ
2851 4347 2986 4435 πρὸς

578 4420 776 4508 γνῶσιν
799 4415 903 4471 Ed.
930 4421 969 4447 ‘⁶
986 4416 1053 4472 al.
1078 4417 1125 4470 «l
1147 4416 1220 4474 εἷς
1239 4438 1281 4471 π
1490 4417 1576 4471 ιν”
1603 4417 1708 4472 Ed.
1735 4436 1847 4486 mg.
2214 4432 2301 4471 20.
2396 4414 2648 4472 olendum
2673 4425 2736 4471 ut
2759 4414 2867 4470 vid.
2893 4437 2985 4470 ιοι.

579 4485 828 4612 ἵξις-[ἐραν
852 4486 916 4542 Ε.
940 4485 1190 4614 {pariat-w
1302 4527 1316 4542 .
1331 4509 1428 4576 yp-
1456 4486 1538 4558 (-
1562 4487 1764 4560 γράφε)
1791 4486 2039 4559 ὑμετέραν
2064 4486 2168 4544 Ed.
2194 4505 2307 4559 mg.
2596 4503 2682 4542 21.
2718 4485 2987 4558 ὑμετέραις

632 4597 648 4613 .
674 4579 940 4628 ημετεραις
1051 4598 1064 4612 .
1154 4598 1168 4613 .
1193 4558 1458 4629 ὖμετεραις
1483 4557 1586 4613 Ed.
1610 4576 1723 4630 mg.
