3238 5158
198 318 334 388 xiv.
366 339 465 391 1.·
791 322 907 388 IN
965 323 1035 388 S.
1082 322 1595 390 JOANNEM.
1690 320 1879 388 LIB.
1928 320 2051 387 IX.
2483 318 2610 382 401

201 484 291 568 τὸ
326 485 555 590 ὄνομα
589 497 720 571 τοῦ
756 493 962 589 Υἱοῦ,
1000 489 1479 593 κηρυγμάτων
1515 491 2006 593 εὖαγγελικῶν
2042 485 2404 585 ἐπίταγμα
2445 483 2616 589 φαί-

202 646 427 693 νεται.
508 615 622 695 δεῖ
646 612 794 719 γὰρ
828 610 1197 697 πῖστεύειν
1229 613 1396 698 τοὺς
1432 614 1507 695 οἵ
1542 648 1631 716 γε
1668 620 2070 721 φρονοῦσιν
2105 610 2359 714 ὀρθῶς,
2396 605 2494 692 εἷς
2529 639 2614 708 γε

203 735 400 817 Θεὸν
440 739 756 842 Πατέρα,
794 742 912 819 καὶ
956 741 1091 846 οὐχ
1145 740 1399 823 ἁπλῶς
1449 744 1549 825 εἷς
1584 739 1787 838 Υὶὸν,
1824 734 2029 818 ἀλλὰ
2080 736 2198 814 καὶ
2249 735 2604 833 ἐνανθρω·

200 860 572 963 πήσαντα,
606 865 726 943 καὶ
762 869 859 948 εἷς
895 861 982 944 τό
1021 869 1325 963 Πνεῦμα
1365 861 1451 944 τὸ
1483 862 1775 966 Ἀγιον.
1857 862 1902 961 ἡ
1954 858 2086 962 μὲν
2121 857 2265 963 γὰρ
2315 855 2489 959 ἁγία
2536 889 2613 935 τε

120 1006 173 1069 5
204 991 329 1066 καὶ
383 987 768 1088 ὁμοούσιος
804 986 1050 1092 Τριᾶς,
1089 990 1205 1068 καὶ
1253 995 1410 1072 ταῖς
1459 994 1606 1069 τῶν
1652 985 2027 1087 ὀνομάτων
2064 988 2442 1089 διαφοραῖς
2494 981 2614 1060 καὶ

203 1117 355 1192 τῶν
425 1110 848 1215 προσώπων
919 1111 1268 1212 ποιότησί
1336 1145 1415 1192 τε
1495 1114 1614 1192 καὶ
1696 1109 2003 1211 ἰδιότησι
2075 1101 2607 1189 διαστέλλεται·

204 1233 449 1340 πατὴρ
504 1234 652 1340 γάρ
707 1238 911 1316 ἐστιν
958 1237 999 1316 ὁ
1053 1231 1318 1338 Πατὴρ
1371 1238 1489 1316 καὶ
1546 1235 1684 1341 οὐχ
1737 1232 1937 1332 Υἱὸς,
1982 1235 2101 1313 καὶ
2155 1228 2334 1316 Υἱὸς
2386 1229 2615 1312 πάλιν

205 1360 251 1439 ὁ
305 1357 483 1445 Υἱὸς
536 1364 655 1441 καὶ
710 1361 796 1440 οὗ
853 1357 1138 1464 Πατὴρ,
1188 1362 1308 1440 καὶ
1366 1366 1670 1460 Πνεῦμα
1722 1357 1810 1440 τὸ
1863 1364 2164 1456 Πνεῦμα
2216 1352 2301 1436 τὸ
2343 1353 2614 1456 Ἀγιον

204 1482 388 1564 ἴδιον
421 1488 550 1584 τῆς
595 1482 954 1586 θεότητος·
1013 1488 1133 1565 καὶ
1184 1491 1282 1571 εἷς
1332 1484 1462 1566 τὸν
1498 1483 1720 1564 αὐτὸν
1755 1487 1884 1583 τῆς
1932 1483 2212 1599 οὐσίας·
2237 1483 2605 1585 ἁνακεφα-
2635 1490 2678 1556 b

82 1645 180 1688 10
213 1616 543 1688 λαιοῦται
579 1605 830 1710 λόγον,
868 1610 953 1689 οὐ
999 1614 1187 1714 τρεῖς
1234 1609 1428 1709 ἡμῖν,
1465 1610 1638 1689 ἀλλ’
1680 1608 1803 1689 ἕνα
1841 1605 2035 1689 Θεὸν
2067 1603 2605 1712 ἐπιγράφουσα.

205 1729 410 1831 πλὴν
445 1731 930 1818 εὖδιαστόλως
969 1737 1158 1840 φημὶ
1191 1738 1337 1814 δεῖν
1370 1732 1560 1833 ἡμᾶς
1593 1736 1960 1813 ποιεῖσθαι
2002 1728 2135 1832 τὴν
2170 1731 2443 1827 πίστιν,
2481 1728 2617 1831 οὐχ

208 1854 468 1938 άπλῶς
504 1855 857 1958 λε’γοντας
893 1856 1351 1958 Πιστεύομεν
1390 1863 1482 1943 εἰς
1521 1855 1707 1954 Θεὶν,
1744 1853 1919 1934 ἀλλ’
1951 1853 2448 1962 ἐξαπλοῦντας
2483 1850 2617 1951 τὴν

206 1980 641 2082 ὁμολογίαν,
710 1983 828 2061 καὶ
903 1983 1191 2089 ἑκάστῳ
1262 1981 1646 2088 προσώπῳ
1719 1978 1849 2061 τὸν
1914 1976 2134 2059 αὐτὸν
2198 1980 2326 2077 τῆς
2395 1971 2617 2083 δόξης

205 2104 674 2191 ἀνατιθέντας
728 2104 980 2209 λόγον.
1064 2106 1382 2212 διαφορὰ
1438 2105 1583 2210 γὰρ
1638 2105 1953 2188 πίστεως
2007 2103 2301 2203 οὐδεμία
2352 2099 2484 2202 μὲν
2538 2103 2617 2181 ἐν

88 2258 179 2321 15
207 2227 401 2328 ἡμῖν,
438 2230 523 2309 οὐ
556 2228 702 2335 γὰρ
739 2229 993 2333 μείζων
1026 2229 1157 2331 μὲν
1194 2233 1270 2312 ἐν
1306 2231 1480 2332 ἡμῖν
1511 2231 1557 2327 ἦ
1593 2230 1843 2314 πίστις
1879 2231 1958 2310 ἐν
1993 2229 2252 2331 Πατρὶ,
2292 2224 2616 2306 ἐλάττων

206 2349 287 2432 δὲ
336 2354 412 2432 ἐν
448 2357 625 2461 Υὶῷ,
661 2353 707 2456 ἢ
760 2357 877 2435 καὶ
925 2356 1004 2435 ἐν
1047 2356 1151 2461 τῷ
1183 2354 1415 2462 Ἀγίῳ
1462 2354 1854 2453 Πνεύματι·
1913 2352 2088 2431 ἀλλ’
2127 2348 2225 2434 εἷς
2276 2385 2355 2431 τε
2403 2353 2521 2430 καὶ
2572 2352 2613 2429 ὁ

206 2473 424 2560 αὐτὸς
477 2480 608 2578 τῆς
661 2479 1057 2582 ὁμολογίας
1111 2478 1279 2582 ὅρος
1331 2512 1409 2558 τε
1462 2480 1582 2558 καὶ
1634 2474 1922 2582 τρόπος,
1973 2473 2088 2556 διὰ
2142 2481 2359 2578 τριῶν
2408 2472 2611 2581 ἐρχό-
2637 2512 2673 2556 ο

206 2632 420 2696 μενος
455 2600 830 2702 ὀνομάτων
867 2606 944 2683 ἐν
978 2602 1122 2711 ἴσῳ
1173 2609 1276 2712 τῷ
1320 2603 1575 2711 μέτρῳ,
1614 2602 1732 2682 ἵνα
1767 2600 1948 2706 πρὸς
1985 2598 2284 2701 ἑνότητα
2324 2600 2615 2707 φύσεως

207 2725 332 2802 καὶ
367 2723 486 2805 διὰ
520 2725 797 2808 τούτων
832 2733 1045 2808 ἰοῦσα
1095 2730 1438 2834 φαίνηται
1486 2726 1717 2809 πάλιν
1751 2726 1797 2827 ἡ
1837 2727 2010 2830 ἁγία
2048 2724 2297 2829 Τριὰς,
2334 2727 2607 2826 ἀκατη-

91 2893 183 2936 20
208 2844 520 2951 γόρητός
562 2882 641 2930 τε
689 2857 1064 2936 παντελῶς
1107 2852 1153 2953 ἡ
1204 2853 1367 2956 περὶ
1417 2850 1643 2953 αὐτὴν
1685 2850 2206 2948 διαλάμπουσα
2258 2845 2441 2955 δόξα
2495 2851 2612 2927 καὶ

209 2971 290 3050 ἐν
324 2979 482 3057 ταῖς
529 2974 900 3079 ἡμετέραις
950 2977 1184 3085 ὁρῷτο
1233 2980 1512 3082 ψυχαῖς
1560 2981 1660 3060 εἶς
1707 2974 2003 3076 Πατέρα
2049 2976 2166 3054 καὶ
2216 2978 2315 3057 εἷς
2347 2971 2529 3053 Υἶὸν
2564 2974 2610 3073 ἡ

204 3096 477 3197 πίστις,
534 3101 653 3179 καὶ
712 3097 832 3180 ὅτε
885 3100 1184 3203 γέγονεν
1238 3101 1641 3204 ἅνθραητος,
1697 3102 1817 3179 καὶ
1872 3104 1970 3182 εἶς
2022 3098 2108 3178 τὸ
2166 3102 2470 3195 Πνεῦμα
2525 3089 2611 3176 τὸ

192 3215 491 3323 Ἀγιον.
587 3226 706 3305 καὶ
762 3224 891 3304 οὐκ
946 3224 1037 3305 ἂν
1091 3220 1289 3323 οἶμαι
1345 3219 1655 3304 διέλοιτό
1709 3256 1838 3321 τις,
1894 3221 1962 3301 εἴ
2018 3255 2104 3323 γε
2159 3222 2608 3328 σωφρονοίη,

202 3353 336 3425 τοῦ
372 3351 566 3428 Θεοῦ
602 3347 852 3451 Λόγου
887 3345 1017 3429 τὸν
1051 3351 1130 3428 ἐκ
1165 3347 1525 3452 παρθένου
1563 3344 1758 3445 ναὸν,
1798 3345 1980 3426 ὅσον
2013 3344 2196 3446 ἧκεν.
2218 3350 2316 3430 εἷς
2360 3344 2444 3426 τὸ
2481 3350 2609 3447 τῆς

93 3500 178 3564 25
205 3468 530 3568 υἶότητος
565 3468 813 3576 χρῆμά
858 3478 1073 3579 φημι·
1139 3481 1181 3521 “
1210 3469 1341 3556 Εἷς
1388 3468 1534 3576 γὰρ
1576 3469 1842 3576 Κύριος
1877 3470 2166 3571 Ἰησοῦς
2201 3470 2529 3573 Χριστὸς
2537 3472 2604 3569 ,”
2696 3475 2877 3592 ξίξξοᾎ

202 3592 395 3674 κατὰ
449 3594 583 3697 τὴν
639 3603 769 3676 τοῦ
831 3594 1139 3677 Παύλου
1198 3594 1478 3703 φωνήν.
1582 3598 1626 3676 ὁ
1691 3593 1768 3676 δὲ
1831 3594 2224 3694 διατέμνων
2281 3601 2380 3680 εἶς
2439 3600 2608 3676 υἱῶν
2631 3614 2676 3679 d

204 3714 435 3799 δυάδα
471 3718 600 3801 τὸν
636 3720 760 3801 ἕνα
796 3723 914 3800 καὶ
948 3718 1194 3821 μόνον,
1227 3719 1413 3801 ’ίστω
1449 3717 1540 3821 δὴ
1575 3715 1866 3804 πάντως
1902 3715 2034 3819 τὴν
2067 3720 2319 3801 πίστιν
2354 3721 2610 3825 ἀρνού-

201 3876 438 3943 μενος.
542 3846 662 3925 καὶ
733 3852 913 3949 γοῦν
973 3846 1014 3924 ὁ
1088 3842 1479 3928 θεσπέσιος
1544 3848 1846 3927 Παῦλος
1918 3841 2049 3923 τὸν
2109 3846 2274 3948 περὶ
2337 3844 2611 3925 τούτων

203 3964 478 4071 ἄριστά
530 4001 611 4048 τε
659 3971 779 4048 καὶ
826 3969 998 4049 λίαν
1042 3969 1275 4073 ὀρθῶς
1322 3967 1730 4075 ἐξυφαίνων
1771 3964 2019 4070 λόγον,
2055 3968 2140 4047 οὐ
2190 3965 2467 4070 γυμνὸν
2510 3974 2610 4055 εἷς

94 4135 179 4193 30
202 4071 479 4172 πίστιν
514 4088 955 4193 εἶσκεκόμικε
1016 4088 1146 4172 τόν
1204 4095 1618 4194 Μονογενῆ,
1672 4090 1874 4170 ἀλλὰ
1928 4092 2046 4171 καὶ
2102 4092 2178 4171 ἐν
2231 4098 2380 4175 τοῖς
2436 4095 2603 4172 καθ’

201 4215 392 4315 ἡμᾶς
463 4214 837 4319 γεγονότα,
901 4216 1297 4315 τουτέστιν,
1363 4215 1749 4321 ἄνθρωπον
1811 4212 2272 4296 ἀποθανόντα
2336 4249 2415 4296 τε
2486 4220 2605 4297 καὶ

279 4502 329 4543 1.
366 4487 495 4542 Υῑοῦ
550 4490 589 4518 “
609 4484 848 4543 Christ?
876 4486 999 4560 Syr.
1238 4487 1322 4544 16.
1357 4490 1388 4543 ὅ
1411 4496 1753 4560 assumptum
1776 4504 1842 4542 ex
1869 4487 1936 4544 E.
2169 4503 2256 4544 20.
2295 4489 2377 4544 καὶ
2399 4506 2508 4545 om.
2537 4488 2604 4544 Ε.

207 4574 294 4615 21.
331 4562 371 4589 “
390 4557 458 4613 In
539 4575 669 4616 eum
692 4557 906 4616 Pan-em
930 4557 1098 4630 igitur
1119 4559 1176 4615 ut
1195 4558 1254 4615 in
1282 4559 1521 4616 Filium”
1547 4560 1723 4632 peu-git
1744 4569 1869 4631 pont
1890 4558 2090 4616 omina
2114 4557 2237 4633 Syr.

289 4658 433 4706 τοι..
466 4660 544 4709 11.
1350 4663 1390 4729 3
1421 4661 1460 4706 r
