3238 5158
283 334 420 402 xiii.
448 354 671 416 10‚11.
864 337 981 403 IN
1040 338 1107 405 S.
1155 333 1677 403 JOANNEM.
1741 336 1962 402 ’LIB.
2010 332 2132 402 IX.
2560 328 2686 399 351

283 499 689 604 προδῶσων
723 501 965 600 αὐτὸν,
999 503 1390 604 πολεμίους
1439 499 1528 582 ἂν
1566 502 1761 609 αὐτῷ
1806 499 1973 585 τοὺς
2023 502 2305 585 ἄλλους
2352 496 2683 607 ἐξειργά-

283 659 494 723 σατο,
564 627 681 706 καὶ
755 622 949 731 τάχα
1022 660 1092 707 τι
1167 633 1312 706 τῶν
1384 626 1801 725 ἀνηκέστων
1875 626 2154 726 συνέβη
2223 629 2499 721 παθεῖν,
2574 626 2693 702 καὶ

281 750 618 853 πρόωρον
685 747 777 829 ἂν
851 749 1221 850 ὑπομείναι
1293 750 1520 851 δίκην,
1592 747 1790 858 ζήλῳ
1871 754 1976 858 τῷ
2054 747 2237 853 πρὸς
2319 746 2691 844 εὐσέβειαν
2712 784 2752 830 ο

282 873 841 976 διατεθηγμένου
878 870 1091 970 τινὸς,
1127 876 1246 954 καὶ
1285 882 1710 978 προανελεῖν
1746 882 1876 954 τοῦ
1913 871 2308 955 Δεσπότου
2344 869 2473 954 τὸν
2509 906 2693 976 προ-

217 1012 255 1074 5
284 994 504 1097 δότην
536 995 1148 1101 ἐπιχειρήσαντος.
1228 996 1776 1104 ὑπαινιξάμενος
1816 1001 2081 1090 τοίνυν,
2121 1002 2240 1078 καὶ
2289 1002 2395 1105 τῷ
2444 1029 2687 1078 συνει-

284 1117 440 1201 δότι
514 1119 772 1222 δριμὺν
842 1119 973 1201 τὸν
1041 1115 1350 1227 ἔλεγχον
1414 1124 1642 1229 ἀφεὶς,
1708 1122 2205 1222 ἀναμίλλητον
2269 1119 2491 1228 ἔδειξε
2563 1124 2695 1220 τῆς

286 1244 589 1345 ἐνούσης
626 1247 820 1353 αὐτῷ
856 1244 1305 1353 ἀνεξικακίας
1351 1244 1435 1327 τὸ
1477 1245 1806 1347 μέγεθος.
1883 1247 2111 1328 καίτοι
2145 1244 2288 1350 γὰρ
2325 1244 2527 1329 εἰδὼς
2562 1247 2692 1325 οὐκ

286 1367 570 1472 ἀγαθὸν
634 1368 809 1448 ὄντα
867 1372 1029 1473 περὶ
1106 1366 1325 1451 αὑτὸν
1391 1369 1552 1451 οὐδὲ
1617 1369 2034 1473 εὐγνώμονα
2095 1367 2455 1470 μαθητὴν,
2518 1369 2689 1448 ἀλλ’

286 1493 632 1572 ὠδίνοντα
684 1491 817 1592 μὲν
863 1493 992 1573 τὸν
1037 1496 1115 1573 ἐκ
1169 1497 1297 1592 τῆς
1352 1497 1772 1592 διαβολικῆς
1828 1494 2114 1596 πικρίας
2169 1492 2309 1591 ἱὸν,
2357 1526 2694 1595 περισκε-

176 1643 261 1685 10
285 1614 644 1714 πτόμενον
691 1616 769 1697 δὲ
821 1618 981 1696 τίνα
1035 1616 1309 1719 τρόπον
1363 1615 1582 1697 αὐτὸν
1628 1620 1954 1725 παραδῷ,
2003 1618 2372 1718 τετίμηκεν
2420 1620 2497 1697 ἐν
2552 1614 2694 1723 ἴσῳ

286 1746 438 1825 τοῖς
474 1740 753 1837 ἄλλοις,
792 1739 1110 1844 ἀπονίζοι
1147 1741 1224 1821 δέ
1261 1742 1480 1822 αὐτοῦ
1515 1743 1636 1821 καὶ
1681 1739 1849 1826 τοὺς
1892 1740 2143 1840 πόδας,
2178 1742 2391 1847 μέχρι
2425 1738 2694 1826 παντός
2718 1766 2759 1832 d

288 1862 384 1945 τὰ
418 1866 495 1945 ἐκ
531 1869 663 1965 τῆς
700 1866 881 1949 ἰδίας
917 1864 1207 1969 ἀγάπης
1241 1871 1501 1969 τηρῶν,
1537 1869 1655 1946 καὶ
1691 1868 1863 1970 πρὶν
1898 1871 1997 1950 εἶς
2046 1865 2256 1950 τέλος
2302 1863 2567 1946 ἐλάσαι
2601 1864 2696 1947 τὰ

290 1986 735 2092 ἐγκλήματα,
792 1988 926 2089 τὴν
981 1987 1210 2093 ὀργὴν
1269 1990 1397 2070 οὐκ
1463 1990 1820 2074 ἐπιτιθείς.
1926 1988 2102 2074 ἴδοις
2165 1990 2311 2092 γὰρ
2372 1986 2463 2070 ἂν
2517 1988 2697 2070 ἴδιον

291 2112 487 2198 ὅπως
533 2114 860 2218 ὑπάρχον
895 2116 1013 2194 καὶ
1067 2121 1280 2194 τοῦτο
1326 2116 1455 2212 τῆς
1505 2113 1685 2198 ἰδίας
1740 2114 1935 2198 θείας
1985 2113 2277 2220 φύσεως
2326 2111 2411 2194 τὸ
2460 2124 2686 2195 πλεο-

183 2258 264 2322 15
291 2236 627 2338 νέκτημα.
723 2239 807 2318 οὐ
870 2236 1016 2343 γὰρ
1078 2238 1365 2340 ἐπείπερ
1428 2234 1615 2317 οἶδεν
1671 2239 1713 2318 ὃ
1777 2236 1968 2321 Θεὸς
2028 2235 2123 2318 τὰ
2184 2237 2518 2336 ἐσόμενα,
2579 2238 2696 2320 διὰ

289 2369 504 2441 τοῦτο
553 2360 888 2464 πρόωρον
923 2361 1241 2469 ἐπιφέρει
1289 2363 1442 2441 τισὶ
1487 2360 1622 2462 τὴν
1658 2360 1991 2443 κόλασιν·
2047 2361 2571 2470 ἀνεξικακήσας
2619 2362 2697 2444 δέ

288 2491 584 2587 μᾶλλον
648 2485 831 2567 ὅσον
893 2484 1030 2566 ἐδει
1100 2483 1371 2590 καιρὸν,
1428 2484 1603 2566 ὅταν
1659 2485 2204 2595 ὠφελουμένους
2263 2485 2381 2594 ἴδῃ
2443 2484 2691 2589 μηδὲν,

291 2609 720 2711 ἐμμένοντας
758 2611 833 2691 δὲ
866 2618 1163 2713 μᾶλλον
1199 2618 1349 2695 τοῖς
1384 2616 1730 2713 αἱρεθεῖσι
1778 2617 2040 2707 κακοῖς,
2074 2610 2355 2715 κολάζει
2408 2611 2691 2707 λοιπὸν,

290 2738 420 2833 τῆς
458 2735 907 2832 δυσβουλίας
941 2731 1026 2815 r&
1059 2742 1366 2837 πρᾶγμα
1406 2732 1699 2832 δεικνὺς,
1736 2738 1854 2814 καὶ
1892 2734 2021 2814 οὐκ
2052 2735 2265 2837 ἔργον
2302 2733 2525 2820 ὄντως
2567 2738 2698 2834 τῆς

181 2893 268 2935 20
294 2860 472 2943 ἰδίας
526 2864 827 2959 βουλῆς,
886 2859 1044 2959 ἤτοι
1108 2856 1498 2959 θελήσεως.
1591 2858 1711 2937 καὶ
1770 2865 1947 2961 γοῦν
2004 2856 2121 2937 διὰ
2185 2855 2397 2938 τοῦτό
2462 2863 2694 2965 φησιν
2718 2901 2755 2945 e

290 2982 625 3087 Ἰεᾷκιήλ
664 2994 706 3032 “
737 2989 861 3063 Ζῶ
912 2982 1057 3087 ἐγὼ
1106 2984 1301 3083 λέγει
1359 2980 1645 3084 Κύριος,
1684 2980 1792 3061 ὅτι
1842 2982 1926 3061 οὐ
1975 2982 2167 3062 θέλω
2221 2980 2349 3061 τὸν
2383 2983 2694 3062 θάνατον
2781 2994 2937 3110 ffl-
2975 3075 3002 3112 ²

291 3116 340 3154 “
371 3115 500 3187 τοῦ
538 3104 1149 3208 ἀποθνήσκοντος,
1186 3109 1283 3190 ὡς
1319 3101 1404 3185 τό
1440 3106 1877 3210 ἐπιστρέψαι
1915 3103 2133 3186 αὐτὸν
2168 3102 2314 3185 ἀπὸ
2346 3109 2474 3204 τῆς
2524 3107 2694 3186 ὁδοῦ
2781 3124 2863 3175 Ib-
2893 3077 2968 3207 ...³
3004 3097 3021 3114 ⁶

292 3241 339 3281 “
373 3233 592 3313 αὐτοῦ
627 3236 755 3332 τῆς
791 3238 1109 3335 πονηρᾶς
1147 3235 1262 3311 καὶ
1302 3230 1439 3335 ζῆν
1475 3229 1752 3312 αὐτόν.”
1805 3228 2280 3334 μακροθύμως
2314 3238 2694 3333 τοιγαροῦν
2781 3208 2964 3309 ἴῗῗιω

291 3358 412 3436 καὶ
463 3353 894 3463 ἀνεξικάκως
943 3357 984 3435 ὁ
1022 3353 1289 3458 Κύριος
1342 3354 1546 3454 ἡμῶν
1580 3356 1872 3456 Ἰησοῦς
1921 3356 1962 3434 ὃ
1999 3352 2325 3456 Χριστὸς
2375 3387 2694 3434 συνανα-

181 3510 267 3573 25
292 3479 549 3584 μιγνὺς
586 3480 689 3561 ἔτι
722 3487 872 3564 τοῖς
917 3478 1174 3564 ἄλλοις
1221 3480 1439 3560 αὐτοῦ
1487 3484 1841 3578 μαθηταῖς
1887 3475 2015 3559 τὸν
2050 3476 2430 3581 προδότην,
2468 3479 2697 3560 καίτοι

296 3615 340 3654 ‘⁴
376 3613 505 3685 τοῦ
558 3601 908 3701 διαβόλου
956 3603 1094 3704 ἤδη
1143 3602 1597 3702 βεβληκότος
1650 3607 1750 3688 εἰς
1792 3600 1924 3703 τὴν
1967 3603 2265 3707 καρδίαν
2309 3603 2526 3683 αὐτοῦ
2580 3602 2697 3682 ἵνα
2784 3609 2963 3726 {25¹2

294 3737 341 3777 ‘⁴
377 3724 596 3809 αὐτὸν
663 3726 1035 3836 παραδῷ·”
1125 3727 1533 3830 ἀναγκαίως
1605 3724 1754 3830 γὰρ
1828 3729 1974 3835 καὶὶ
2013 3734 2226 3807 τοῦτο
2293 3723 2478 3830 πρὸς
2547 3732 2697 3810 τοῖς

293 3852 554 3936 ἄλλοις
619 3848 1207 3952 ἐπισημήνασθαι
1270 3849 1399 3930 τὸν
1457 3848 2021 3954 Εὐαγγελιστὴν
2083 3853 2160 3929 ἐν
2222 3851 2497 3955 ἀρχαῖς·
2579 3851 2694 3928 καὶ
2718 3884 2756 3926 a
2796 3872 2925 3928 '126
2946 3869 3033 3927 Δ.

292 3976 514 4057 αὐτοῦ
568 3974 796 4059 πόδας
846 3975 1113 4080 ἔνιψεν,
1170 3974 1740 4080 ἀπροφάσιστον
1794 3975 2012 4053 αὐτοῦ
2072 3970 2208 4073 τὴν
2262 3971 2699 4069 δυσσέβειαν

178 4129 267 4188 30
291 4104 689 4198 ἀποτελῶν,
726 4099 844 4180 ἵνα
898 4098 1172 4205 καρπὸς
1225 4102 1355 4198 τῆς
1407 4098 1710 4198 ἐνούσης
1766 4098 1958 4206 αὐτῷ
2008 4094 2353 4200 πονηρίας
2406 4096 2452 4195 ἦ
2503 4094 2692 4176 ἀπό·

289 4259 563 4309 στασις
600 4225 961 4332 φαίνηται.

370 4459 420 4498 1.
457 4443 596 4514 αὐτῷ
617 4406 740 4498 τοὺς
759 4440 960 4497 ἄλλους
981 4439 1086 4496 hoc
1109 4438 1299 4495 ordine
1324 4437 1391 4494 E.
1584 4453 1669 4493 11.
1704 4434 1963 4509 ἀπονίζοι]
1989 4412 2346 4505 ἵσίάπονίξων
2367 4436 2453 4492 vel
2475 4435 2703 4503 ἆπονίξει

293 4511 540 4582 Κὰπις.
954 4528 1038 4579 14.
1064 4511 1205 4567 θείας
1228 4516 1569 4580 assumptum
1593 4526 1662 4563 ex
1687 4509 1754 4563 E.
2143 4523 2231 4563 22.
2267 4505 2608 4578 ἀποστρέψαι
2633 4506 2701 4561 Β.

295 4599 388 4652 24.
426 4582 743 4656 συναμιγνύς
766 4580 894 4654 (eie)
922 4581 988 4638 E.
1203 4592 1291 4651 27.
1327 4580 1411 4635 καὶ
1435 4588 1776 4650 assumptum
1798 4594 1865 4633 ex
1896 4577 1958 4633 Ε.
