3238 5158
640 331 728 394 58
1249 331 1329 396 Β.
1377 330 1798 397 CYRILLI
1856 331 2435 397 ALEXANDR..
2769 326 2907 395 viii.
2931 345 3044 413 31.

580 503 688 564 0“
723 492 1063 594 λαλήσας
1098 501 1248 578 τοῖς
1282 494 1651 598 πατράσιν
1673 497 1751 575 ἐν
1775 503 1924 581 τοῖς
1959 495 2370 601 προφήταις
2405 529 2496 576 επ
2544 491 2860 599 εσχάτου
2892 496 3047 572 τῶν

643 617 1008 720 “ἡμερῶν
1042 617 1315 698 τούτων
1349 617 1716 719 ἐλάλησεν
1753 619 1922 720 ἡμῖν
1957 622 2035 699 ἐν
2070 621 2295 727 Υἱῷ.”
2354 620 2609 700 οὐκοῦν
2645 611 3047 718 αὐτουργος

639 740 809 840 ἡμῖν
846 744 943 825 εἷς
982 743 1460 823 διδασκαλίαν
1495 740 1831 848 ἐσχάτοις
1881 751 2010 824 τοῦ
2059 750 2311 829 αἰῶνος
2359 748 2626 844 καιροῖς
2668 741 2962 843 γέγονεν
3002 741 3045 819 ὅ

639 863 835 948 Υἱός.
927 864 1046 945 διά
1107 899 1221 945 τοι
1282 873 1498 947 τοῦτο
1562 864 1788 967 λόγος
1854 868 2072 946 αὐτοῦ
2133 868 2392 971 κυρίως
2455 864 3047 965 ὀνομασθήσεται

637 984 940 1089 μάθημα
990 987 1072 1068 τὸ
1122 987 1609 1092 εὐαγγελικόν.
1686 987 1778 1090 ἦν
1812 988 1943 1091 μὲν
1979 990 2122 1094 γὰρ
2166 988 2568 1072 ἀκόλουθον
2602 989 3049 1092 γυμνότερόν
3075 1011 3111 1071 5

637 1145 792 1195 πως
849 1116 968 1193 καὶ
1025 1113 1638 1221 ἀπημφιεσμένως
1692 1120 1912 1195 εἰπεῖν
1949 1120 2051 1196 Οἱ
2106 1111 2239 1214 τὴν
2286 1116 2537 1196 πίστιν
2585 1112 2720 1214 τὴν
2768 1120 2866 1197 εἰς
2919 1112 3047 1212 ἐμὲ

635 1236 1260 1339 παραδεδεγμένοι,
1302 1242 1420 1318 καὶ
1471 1236 1615 1343 ὀψὲ
1663 1236 1815 1337 μὲν,
1853 1238 2045 1337 ὅμως
2098 1239 2167 1318 δ’
2209 1240 2336 1319 οὖν
2383 1236 2860 1340 ἐπεγνωκότες
2910 1235 3047 1318 τὸν

637 1359 911 1440 ἄνωθεν
947 1362 1112 1460 ὑμῖν
1158 1360 1275 1441 διὰ
1327 1359 1547 1462 νόμου
1597 1365 1717 1442 καὶ
1761 1367 2161 1469 προφητῶν
2210 1361 2752 1466 κηρυττόμενον,
2789 1361 3046 1460 μηκέτι

569 1490 614 1554 d
638 1491 785 1568 τοῖς
822 1483 940 1566 διὰ
980 1485 1357 1569 Μωυσέως
1393 1484 1921 1590 προσπέπηχθε
1957 1485 2224 1583 τύποις,
2262 1483 2445 1586 μηδὲ
2486 1493 2642 1569 ταῖς
2693 1483 2876 1564 κατὰ
2911 1482 3047 1565 τὸν

634 1608 855 1708 νόμον
924 1610 1428 1713 προσεδρεύειν
1491 1617 1729 1692 σκιαῖς
1805 1611 2296 1707 ἀναπείθεσθε,
2367 1609 2545 1709 μηδὲ
2616 1612 2693 1689 ἐν
2755 1610 3046 1694 ἐκείνοις
3078 1639 3145 1679 10

634 1730 825 1816 ὅλως
861 1731 995 1831 τὴν
1031 1737 1156 1831 τῆς
1193 1733 1556 1837 σωτηρίας
1592 1731 1912 1836 ὀρίζεσθε
1952 1733 2270 1834 δύναμιν,
2298 1736 2468 1813 ἀλλ’
2503 1736 2579 1813 ἐν
2613 1730 3047 1832 μαθήμασιν

633 1862 783 1939 τοῖς
850 1861 1369 1954 πνευματικοῖς,
1435 1858 1552 1936 καὶ
1618 1858 1696 1936 ἐν
1762 1864 1909 1942 τοῖς
1972 1858 2459 1960 εὐαγγελικοΐς
2523 1860 2642 1937 καὶ
2710 1857 2796 1935 δι’
2862 1859 3046 1952 ἐμοῦ

634 1976 1115 2079 κηρύγμασιν·
1216 1979 1389 2058 ἀλλ’
1453 1977 1543 2079 ἦν
1617 1981 1746 2059 οὐκ
1820 1978 2133 2078 ἀπεικὸς,
2197 1988 2491 2080 μᾶλλον
2563 1978 2640 2059 δὲ
2711 1979 2849 2079 ἤδη
2919 1982 3045 2059 καὶ

632 2101 1151 2186 ἀνενδοιάστως
1213 2102 1400 2207 ἕχον,
1458 2106 1556 2187 ὦς
1616 2102 1778 2206 ἄρτι
1842 2107 1960 2184 καὶ
2023 2101 2235 2203 μόλις
2293 2104 2427 2205 τὴν
2481 2105 2733 2184 πίστιν
2789 2136 3040 2204 παρα-

633 2224 1027 2332 δεξάμενοι,
1066 2227 1563 2326 σαλευομένην
1599 2260 1678 2307 τε
1716 2230 1835 2307 καὶ
1882 2225 2402 2329 εὐανάτρεπτον
2438 2234 2535 2311 εὶς
2585 2226 3045 2327 μετάστασιν
3076 2256 3141 2317 15

633 2346 913 2453 ἔχοντες
950 2347 1082 2448 τὴν
1120 2348 1460 2447 διάνοιαν,
1488 2352 1616 2430 οὐκ
1655 2349 1745 2430 ἂν
1783 2357 1929 2431 τῶν
1964 2351 2305 2432 τοιούτων
2338 2352 2735 2457 ἀνέσχοντο
2772 2351 3044 2453 λόγων,

633 2471 806 2550 ἀλλ’
848 2472 975 2552 οὐκ
1028 2470 1118 2552 ἂν
1167 2472 1724 2575 διεκαρτέρησαν
1769 2473 1960 2559 ὅλως
2010 2475 2307 2575 ἑτοίμως
2356 2477 2463 2554 ἀεὶ
2509 2475 2890 2557 πίπτοντες
2942 2481 3046 2560 εἶς

572 2624 610 2667 e
635 2591 879 2697 ὀργὴν,
922 2599 1019 2680 ὡς
1071 2597 1529 2701 ὑβριζομένου
1583 2598 1660 2677 δὲ
1711 2597 1830 2678 διὰ
1879 2597 2153 2679 τούτων
2189 2608 2317 2679 τοῦ
2367 2597 2757 2704 πανσόφου
2799 2604 3035 2678 Μωυ-

632 2718 840 2816 σέως,
869 2722 986 2800 καὶ
1023 2720 1479 2820 πεμπομένου
1516 2722 1699 2826 πρὸς
1735 2720 1820 2802 τὸ
1857 2721 2077 2822 μηδὲν
2106 2722 2223 2802 διὰ
2257 2731 2385 2804 τοῦ
2425 2727 3046 2829 καταφρονεῖσθαι

632 2844 719 2922 δι’
758 2845 976 2925 αὐτοῦ
1029 2842 1120 2924 τὰ
1170 2852 1318 2929 τοῖς
1366 2846 1850 2950 ἀρχαιοτέροις
1898 2846 2350 2950 διωρισμένα,
2387 2845 2569 2951 πρὸς
2607 2844 2740 2945 τὴν
2777 2848 3044 2927 οἰκείαν
3074 2883 3144 2923 20

631 2967 944 3052 εὐκόλως
1019 2967 1415 3071 ἐτράποντο
1488 2967 1793 3069 τόλμαν,
1868 2971 1983 3049 καὶ
2059 2969 2143 3050 τὸ
2218 2969 2724 3074 συναγορεύειν
2798 2971 3044 3078 ἐκείνῳ

629 3098 1068 3189 μελετῶντες
1115 3094 1245 3189 ἀεὶ,
1292 3093 1460 3193 παρ’
1503 3087 1707 3173 οὐδὲν
1757 3092 1846 3173 ἂν
1893 3091 2329 3195 ἐποιήσαντο
2385 3092 2469 3174 τὸ
2525 3093 2888 3175 πιστεύειν
2932 3092 3044 3173 ἔτι

629 3214 1034 3307 βούλεσθαι
1071 3215 1174 3320 τῷ
1210 3219 1540 3323 Χριστῷ.
1624 3222 2082 3314 οἰκονομικῶς
2118 3226 2501 3319 τοιγαροῦν
2537 3220 2654 3297 καὶ
2690 3220 3034 3297 ἐπεσκια-

631 3337 915 3432 σμένως
951 3335 1053 3414 ἔτι
1089 3344 1237 3420 τοῖς
1277 3340 1529 3418 ἑαυτοῦ
1567 3339 1818 3439 λόγοις
1852 3340 2473 3421 ἀντιδιαστέλλων
2508 3340 2601 3419 τὰ
2638 3339 3042 3439 Μωυσέως,

632 3458 1030 3557 τουτέστιν,
1067 3461 1656 3568 ἀντιπαρεξάγων
1693 3471 1795 3568 τῷ
1833 3462 2029 3571 νόμῳ
2072 3461 2156 3543 τὸ
2208 3464 2541 3566 κήρυγμα
2595 3463 2679 3544 τὸ
2726 3466 3030 3565 εὖαγγε-
3076 3495 3148 3556 25

295 3602 426 3657 535
447 3600 528 3658 Δ.
575 3615 611 3655 a
634 3581 863 3679 λικὸν,
901 3586 1018 3661 καὶ
1073 3581 1269 3662 πολὺ
1325 3585 1491 3664 λίαν
1535 3588 1610 3665 ἐν
1662 3589 1988 3685 ἀμείνοσι
2044 3596 2189 3667 τῶν
2237 3587 2718 3693 ἀρχαιοτέρων
2765 3586 2860 3666 τὰ
2913 3587 3045 3667 νέα

632 3709 848 3791 τιθεὶς
881 3705 1332 3806 παιδεύματα
1352 3707 1513 3789 Ἐἒιν
1544 3715 1732 3815 ὑμεῖς
1772 3720 1963 3813 φησι
1997 3717 2252 3816 μείνητε
2287 3713 2346 3793 ἐν
2383 3720 2475 3819 τῷ
2513 3714 2707 3818 λόγῳ
2741 3721 2835 3819 τῷ
2871 3710 3041 3818 ἑμῷ,

632 3829 854 3914 ὅντως
912 3828 1224 3936 μαθηταί
1276 3870 1407 3935 μου
1468 3833 1638 3913 ἐστέ·
1725 3839 1789 3913 οἱ
1855 3834 1999 3937 γὰρ
2065 3835 2448 3943 ὁλοκλήρῳ
2512 3833 3043 3934 διαλάμποντες

630 3956 894 4052 πίστει,
935 3957 1051 4034 καὶ
1088 3954 1609 4041 ἀνενδοιάστως
1649 3962 1745 4040 εἰς
1784 3968 1953 4039 νοῦν
1987 3957 2073 4040 τὸ
2111 3957 2579 4063 εὐαγγελικὸν
2613 3959 3036 4067 παραδεξά-

707 4154 754 4193 1.
791 4140 1073 4230 πατράσιν
1075 4147 1128 4194 et
1150 4139 1445 4211 προφήταις
1468 4143 1609 4197 inter
1634 4160 1693 4197 ee
1713 4150 2077 4215 transponunt
2103 4144 2286 4200 Holst.
2314 4145 2418 4200 Ed.
2773 4145 2826 4200 6.
2864 4144 3043 4215 ἀπημ-

630 4209 927 4281 φιεσμένως
954 4210 1018 4264 Β.
1042 4213 1387 4282 απἩιεμφιασ
1377 4212 1488 4268 ’νως
1514 4211 1614 4268 Ηὺ.
1644 4212 1747 4268 Ed.
1892 4231 1945 4284 9.
1968 4217 2351 4298 προσπέπηχθε
2375 4214 2623 4271 emendat
2649 4215 2849 4307 Heyse.
2865 4238 3042 4288 προσ·

629 4280 892 4370 πεπῆχθαι
920 4279 986 4334 Β.
1015 4280 1118 4335 Ed.
1284 4298 1367 4336 11.
1404 4282 1602 4351 μαθῆσι
1632 4284 1695 4338 Β.
1719 4283 2018 4353 μαθήμασιν
2041 4286 2345 4341 emendavit
2373 4286 2471 4341 Ht.
2628 4286 2709 4340 16.
2746 4286 3043 4357 ἀνέσχοντο

633 4349 700 4404 Β.
725 4350 992 4421 ἀνέχοιντο
1019 4350 1118 4406 Ht.
1146 4351 1249 4406 Ed.
1465 4370 1550 4420 24.
1588 4356 1773 4408 ἑαυτοῦ
1803 4355 1917 4409 B.a.
1945 4356 2104 4410 αὐτοῦ
2131 4356 2229 4411 Ht.
2259 4356 2361 4411 Ed.
2591 4373 2678 4423 25.
2713 4361 2786 4430 τῷ
2975 4361 3041 4414 τὸ

630 4420 863 4490 κήρυγμα
888 4423 948 4474 τὸ
972 4422 1307 4510 εὐαγγελικόν
1329 4424 1577 4479 emendat
1607 4425 1729 4495 Hey
1731 4444 1805 4480 se.
1831 4428 1891 4479 τὸ
1917 4427 2420 4519 νόμῶτοκὴρυγματι·
2463 4427 2524 4481 τὸ
2523 4361 3039 4551 xdmektxbfflic)

632 4490 698 4545 Β.
726 4492 817 4547 τὸν
837 4495 993 4560 νόμον
1015 4496 1121 4583 τῷ
1115 4492 1399 4563 κηρύγματι
1424 4499 1496 4567 τῷ
1520 4497 1866 4579 εὐαγγελικῷ
1866 4496 1970 4551 Ed.
2222 4512 2313 4581 ²7⁸.
2347 4498 2403 4555 ἐν
2425 4502 2498 4570 τῷ
2523 4499 2669 4573 λόγῳ
2693 4498 2853 4555 edidi.
2883 4499 2939 4554 ἒν
2961 4503 3038 4573 τᾷ

628 4562 840 4632 ὀνόματι
861 4585 962 4632 μου
987 4585 1070 4618 και
1094 4564 1148 4620 ἐν
1171 4568 1243 4637 τῷ
1267 4567 1414 4638 λόγῳ
1438 4583 1536 4637 pro
1562 4584 1711 4621 more
1736 4567 2007 4638 corrigens
2031 4586 2126 4640 per
2149 4567 2479 4624 additionem
2504 4567 2569 4623 Β.
