3238 5158
298 1325 349 1376 S.
374 1324 536 1377 Maro.
563 1334 606 1400 d

295 1393 384 1442 xii.
414 1407 494 1455 30.

290 2008 396 2058 xiii.
420 2023 469 2073 9,

296 2087 371 2122 10.

626 308 756 372 388
1233 309 1311 373 Β.
1358 307 1775 374 CYRILLI
1838 307 2423 374 ALEXANDR.
2765 310 2913 373 xiii.
2944 326 3070 395 35.

750 478 894 552 Καὶ
959 472 1103 571 μὴν
1166 473 1521 576 ὀρθότατά
1595 508 1681 575 γε
1754 471 1813 553 ὦ
1876 480 2029 572 τᾶν,
2095 476 2387 576 ἐροῦμεν
2447 474 2663 573 ἡμεῖς,
2726 472 2863 554 τὸν
2930 476 3071 555 ἐπὶ

632 594 904 680 τούτοις
941 595 1213 676 ἐποίσω
1248 596 1498 699 λόγον.
1580 596 1853 699 καρπὸς
1887 595 2030 700 γὰρ
2066 598 2316 681 οὐσίας
2359 600 2488 696 τῆς
2536 595 2911 692 ἀνωτάτω,
2962 598 3075 678 τὰ

632 718 822 804 ἰδίως
881 753 960 800 τε
1018 723 1136 799 καὶ
1194 721 1448 823 κυρίως
1504 718 2078 828 προσπεφυκότα
2133 721 2339 826 αὐτῇ.
2434 721 2606 800 ἀλλ’
2664 720 2827 800 ἔστι
2885 755 3075 806 πως

632 841 1096 946 δοκιμάζοντα
1131 847 1455 941 κατιδεῖν,
1494 843 1603 925 ὅτι
1647 851 1796 927 πᾶν
1833 841 2016 929 εἶδος
2064 846 2317 948 ἀρετῆς
2364 848 2492 944 τῆς
2540 844 2829 946 ἀγάπης
2881 846 3073 924 ἐστὶ

631 964 1261 1069 συμπληρωτικὸν,
1297 969 1414 1046 καὶ
1449 974 1617 1066 πᾶν,
1657 966 1834 1071 ὅπερ
1869 964 1959 1046 ἂν
1996 969 2235 1068 δοκοίη
2270 1001 2377 1052 τις
2421 963 2596 1048 εἶναι
2634 969 3061 1070 κατορθού-
3094 993 3137 1053 5

627 1122 843 1186 μενον
898 1088 1200 1191 ἀγαθὸν,
1260 1096 1357 1175 εἷς
1410 1088 1632 1190 αὐτὴν
1688 1092 1823 1197 ὁρᾷ
1875 1126 2030 1175 πως
2085 1093 2204 1170 καὶ
2256 1089 2665 1194 τέτραπται.
2747 1090 2868 1170 διά
2926 1125 3063 1172 τοι

628 1220 841 1293 τοῦτο
881 1215 1303 1318 προῦχουσα
1334 1212 1463 1313 μὲν
1501 1211 1755 1312 ἐντολὴ
1807 1217 1924 1294 καὶ
1971 1214 2224 1317 πρώτη
2271 1213 2454 1294 κατὰ
2489 1213 2617 1294 τὸν
2655 1212 2907 1315 νόμον,
2954 1213 3061 1295 τὸ

630 1337 923 1439 ἀγαπᾶν
967 1340 1126 1418 ἐστι
1177 1337 1448 1442 Κύρων
1503 1336 1631 1419 τὸν
1675 1337 1868 1424 Θεὸν
1920 1337 2011 1443 ἐξ
2061 1337 2238 1438 ὅλης
2292 1342 2422 1438 τῆς
2477 1342 2721 1444 ψυχῆς
2776 1340 2897 1417 καὶ
2955 1339 3063 1446 ἐξ

630 1457 808 1560 ὅλης
843 1464 971 1561 τῆς
1018 1460 1309 1566 καρδίας
1354 1464 1468 1541 καὶ
1517 1461 1607 1567 ἐξ
1653 1460 1830 1560 ὅλης
1877 1465 2004 1560 τῆς
2054 1460 2386 1545 διανοίας·
2453 1462 2740 1564 δευτέρα
2787 1461 2867 1541 δὲ
2916 1465 3055 1542 καὶ

627 1583 911 1691 ἀδελφὴ
956 1589 1073 1666 καὶ
1123 1587 1376 1687 γείτων
1413 1586 1638 1690 ἐκείνῃ
1688 1584 1733 1683 ἡ
1784 1589 1882 1666 εἶς
1928 1582 2056 1665 τὸν
2089 1585 2411 1684 πλησίον
2447 1584 2696 1686 ἀγάπη
2731 1583 3055 1683 σύμπαν
3086 1619 3165 1661 ιο

627 1706 898 1811 ἔχουσα
960 1717 1089 1788 τοῦ
1154 1705 1374 1807 νόμου
1440 1707 1524 1789 τὸ
1595 1706 1982 1810 πλήρωμα.
2096 1710 2211 1787 καὶ
2279 1716 2460 1810 γοῦν
2531 1709 2573 1787 ὃ
2649 1708 3052 1795 ememus·

630 1834 949 1928 Παῦλος,
986 1836 1082 1914 εἷς
1130 1840 1343 1911 τοῦτο
1391 1831 2148 1936 συγκεφαλαιούμενος
2197 1829 2496 1911 ἅπασαν
2536 1828 2836 1931 ἐντολὴν
2870 1833 3041 1912 ἐπι-

628 1950 929 2032 στέλλει
968 1962 1010 2000 “
1038 1952 1150 2033 Τὸ
1204 1952 1350 2056 γὰρ
1405 1956 1489 2034 οὖ
1542 1953 1966 2059 μοιχεύσεις,
2018 1955 2102 2033 οὐ
2157 1953 2552 2061 φονεύσεις,
2601 1954 2728 2034 οὐκ
2781 1956 3039 2058 ἐπιορ-

628 2085 671 2122 “
708 2073 973 2175 κήσεις,
1020 2079 1138 2156 καὶ
1187 2075 1256 2155 εἴ
1300 2110 1406 2161 τις
1455 2077 1660 2181 ἑτέρα
1708 2080 1908 2156 ἐστὶν
1948 2075 2225 2177 ἐντολὴ,
2263 2078 2339 2156 ἐν
2387 2075 2618 2185 τούτῳ
2669 2083 2773 2185 τῷ
2826 2077 3047 2187 λόγῳ

627 2208 670 2245 “
709 2200 1377 2305 ἀνακεφαλαιοῦται,
1432 2202 1508 2280 ἐν
1560 2205 1666 2308 τῷ
1719 2198 2120 2303 ἀγαπήσεις
2174 2198 2302 2279 τὸν
2355 2203 2677 2300 πλησίον
2728 2234 2871 2281 σου
2935 2204 3043 2288 ὥς
3073 2234 3145 2294 15

629 2330 672 2367 “
709 2319 985 2401 ἑαυτόν·
1051 2323 1415 2426 πλήρωμα
1451 2325 1577 2406 οὖν
1616 2323 1835 2423 νόμου
1871 2324 1916 2423 ἡ
1954 2322 2266 2426 ἀγάπη.”
2324 2322 2434 2404 ὅτι
2473 2322 2548 2404 δὲ
2585 2328 2701 2404 καὶ
2738 2322 3041 2424 ἀπάσης

624 2447 878 2548 ἀρετῆς
934 2445 1124 2526 ἰδέαν
1178 2445 1352 2527 ε’ίσω
1407 2454 1551 2528 τῶν
1601 2447 1873 2528 οἰκείων
1923 2447 2110 2551 ὅρων
2158 2445 2569 2549 ἐποιήσατο,
2612 2448 2898 2553 συνέχει
2955 2447 3040 2529 δὲ

623 2564 876 2674 ὥσπερ
930 2568 1281 2674 ἀγκάλαις
1336 2573 1614 2653 ἑλοῦσα
1667 2571 1760 2651 τὰ
1813 2570 2072 2674 ἀγαθὰ,
2112 2576 2410 2658 Παῦλος
2458 2570 2685 2653 πάλιν
2724 2570 2939 2658 αὐτὸς
2988 2576 3037 2654 ὁ

518 2798 530 2812 ·
623 2693 1054 2803 σοφώτατος
1089 2695 1645 2799 ἐπιμαρτυρήσει
1680 2701 1878 2791 βοῶν
1906 2706 1949 2744 “
1968 2697 2070 2776 ‘H
2100 2694 2349 2796 ἀγάπη
2388 2697 2472 2777 οὐ
2506 2695 3035 2800 περπερεύεται,

623 2829 667 2866 “
701 2821 784 2899 οὐ
834 2827 1238 2926 φυσιοῦται,
1276 2820 1406 2899 οὐκ
1453 2822 1873 2924 ἀσχημονεῖ,
1911 2820 1994 2898 οὖ
2044 2817 2239 2922 ζητεῖ
2278 2818 2372 2898 τὰ
2421 2817 2736 2919 ἑαυτῆς,”
2775 2825 2893 2900 καὶ
2939 2821 3035 2901 τὰ
3062 2852 3134 2894 πο

621 2942 894 3028 τούτοις
931 2943 1370 3043 συνημμένα·
1407 2941 1687 3047 μακρὸν
1713 2942 1859 3045 γὰρ
1891 2948 2108 3022 εἰπεῖν
2143 2947 2270 3042 τῆς
2305 2940 2591 3045 ἀγάπης
2628 2942 2713 3023 τὸ
2749 2943 3031 3046 με’τρον.

621 3065 870 3153 ἄλλως
918 3066 1003 3147 τέ
1047 3074 1234 3174 φημι
1290 3064 1379 3167 δὴ
1430 3064 1759 3165 μάλιστα
1807 3064 2097 3168 πρέπειν
2136 3100 2215 3146 τε
2260 3071 2377 3146 καὶ
2422 3065 2839 3172 ἐνυπάρχειν
2885 3075 3034 3153 τοῖς

623 3192 914 3292 ἀγαπᾶν
950 3189 1331 3289 ἑλομένοις,
1369 3189 1478 3270 ὅτι
1514 3194 1847 3293 Χριστοῦ
1883 3188 2227 3291 γεγόνασι
2261 3193 2575 3291 μαθηταὶ
2612 3198 2760 3274 τοῖς
2803 3190 3033 3270 ἀπαν-

289 3336 417 3393 768
436 3335 514 3392 A.
566 3349 603 3390 a
624 3313 895 3417 ταχόσε
934 3310 1424 3416 γνωρίζεσθαι,
1461 3310 1546 3393 τὸ
1588 3318 1693 3422 τῷ
1742 3311 2087 3421 στεφάνῳ
2135 3316 2263 3413 τῆς
2309 3312 2596 3416 ἀγάπης
2635 3313 3026 3413 ἐπισεμνύ-

625 3442 897 3536 νεσθαι,
946 3440 1061 3515 καὶ
1119 3435 1443 3541 καθάπερ
1496 3471 1566 3517 τι
1621 3434 2043 3538 σήμαντρον
2092 3435 2560 3541 ἐπιφέρεσθαι
2615 3445 2741 3518 τοῦ
2795 3435 3024 3541 πράγ-
3057 3465 3129 3525 ²5

621 3591 845 3657 ματος
900 3556 1034 3658 τὴν
1084 3561 1607 3665 φιλαλληλίαν·
1676 3567 1806 3640 τοῦ
1861 3556 1940 3638 δὲ
1996 3557 2085 3659 δὴ
2138 3558 2369 3665 χάριν,
2410 3562 2529 3640 καὶ
2582 3560 2796 3641 τοῦτό
2843 3569 3028 3667 φημι

622 3678 738 3761 διὰ
777 3680 1126 3786 βραχέων.
1204 3677 1346 3785 ἀρα
1392 3681 1537 3785 γὰρ
1585 3682 1654 3762 εἴ
1697 3716 1802 3767 τις
1847 3688 1994 3762 τῶν
2029 3684 2195 3764 καθ’
2233 3683 2417 3782 ἡμᾶς
2460 3681 3023 3788 χαλκουργικὴν,

621 3805 845 3908 ἤγουν
876 3804 1007 3906 τὴν
1045 3804 1366 3912 ὑφάντου
1400 3805 1604 3912 μετίῃ
1642 3805 1919 3912 τέχνην,
1956 3806 2085 3887 οὐκ
2123 3804 2212 3886 ἀν
2248 3806 2501 3914 ὁρῷτο,
2541 3810 2659 3887 καὶ
2701 3805 3028 3906 μάλιστα

622 3933 905 4035 σαφῶς,
950 3932 1047 4015 ὡς
1095 3928 1560 4035 χαλκοτύπον
1607 3926 1818 4027 τινὸς,
1874 3927 1921 4030 ἢ
1980 3926 2299 4036 ὖφάντου
2352 3924 2604 4032 γε’γονε
2658 3928 3026 4030 μαθητής;

623 4053 700 4132 τί
730 4051 806 4133 δὲ
843 4054 882 4132 ὃ
923 4058 1320 4154 τεκτονικῆς
1354 4054 1717 4155 ἐμπειρίας
1753 4052 1880 4131 οὐκ
1916 4053 2232 4155 ἀμοιρῶν
2261 4085 2283 4149 3
2349 4052 2477 4131 οὐκ
2513 4048 2656 4155 ἀρα
2698 4053 3028 4152 βοήσειεν
3051 4081 3121 4141 30

624 4175 712 4255 ἂν
748 4174 863 4256 διὰ
898 4184 1110 4257 τοῦτο
1148 4176 1501 4257 δύνασθαι
1534 4181 1931 4279 κατορθοῦν
1966 4173 2059 4255 τά
2104 4179 2181 4256 ἐν
2218 4181 2308 4280 τῇ
2360 4173 2572 4280 τέχνῃ
2623 4182 2884 4273 καλῶς,
2922 4175 3026 4256 ὅτι

696 4407 745 4465 7.
781 4394 994 4465 ἐντολὴν
1017 4394 1084 4449 Ε.
1376 4413 1427 4465 9.
1467 4393 1517 4447 A
1542 4397 1633 4463 τῆς
1656 4393 1724 4448 ad
1752 4395 1839 4463 τῆς
1863 4394 2093 4448 transilit
2121 4394 2183 4450 E.
2294 4392 2545 4465 διανοίας]
2584 4402 2633 4456 4
2670 4415 2771 4448 σου
2798 4393 2861 4448 Ε.
2967 4393 3020 4449 δί

622 4474 961 4535 assumptum
986 4483 1051 4520 ex
1078 4464 1142 4519 Ε.
1412 4481 1495 4519 12.
1533 4469 1688 4519 τοῦτο
1715 4465 1779 4519 Ε.
1805 4463 1994 4532 ταύτην
2018 4462 2121 4518 Ed.
2375 4465 2461 4519 26.
2496 4465 2633 4535 φημὶ
2660 4463 2725 4518 E.
2751 4465 2879 4532 μημὶ
2903 4464 3020 4533 (aie)

625 4535 727 4591 Ed.
754 4558 839 4607 γρ.
865 4534 1077 4605 μηνύσω
1105 4533 1206 4589 Ed.
1233 4553 1343 4604 mg.
