3238 5158
218 375 354 421 vm
383 357 486 426 26.
581 359 696 425 IN
759 360 826 424 S.
875 358 1390 426 JOANNEM.
1480 359 1673 425 LIB.
1704 358 1790 427 V.
1879 358 2086 424 CAP.
2135 358 2253 424 IV.
2540 360 2621 422 25

215 520 536 629 εὐτελείᾳ
569 531 697 604 τοῦ
733 521 916 603 κατὰ
953 521 1197 626 σάρκα
1231 524 1480 628 γε’νους
1516 522 2120 630 ἐξωφρυωμένων,
2150 522 2267 602 διά
2302 557 2380 603 τε
2415 529 2627 602 τοῦτο

215 641 306 722 τὸ
340 644 562 744 μηδὲν
596 644 774 727 εἶναι
816 646 1181 749 λεγόντων
1219 647 1457 744 αὐτὸν,
1493 647 1847 728 ἐδυσώπει
1894 644 2163 750 πράως,
2201 650 2317 727 καὶ
2366 649 2443 726 ἐν
2477 653 2626 730 τοῖς

216 768 552 872 ἀνωτέρω
587 769 1027 874 γυμνότερον
1062 770 1280 854 εἰπών
1320 782 1362 819 “
1388 773 1635 871 ’Υμεῖς
1670 769 1853 851 κατὰ
1889 770 2022 872 τὴν
2059 769 2302 875 σάρκα
2336 772 2622 875 κρίνετε,

217 898 263 936 “
298 889 442 992 ἐγὼ
498 894 715 995 κρίνω
770 893 1085 976 οῦδένα.”
1165 894 1250 976 τὸ
1307 893 1384 976 δέ
1440 895 1702 999 κρίνειν
1751 893 1936 974 κατὰ
1987 894 2121 994 τὴν
2171 894 2434 998 σάρκα,
2472 928 2622 973 τοι·

149 1032 188 1093 5
215 1010 445 1115 αύτην
499 1014 591 1096 ἂν
645 1018 795 1124 ἔχοι
847 1018 983 1119 τὴν
1038 1017 1354 1099 διάνοιαν
1402 1017 1714 1103 εἰκότως·
1776 1024 1843 1098 οἱ
1899 1019 2042 1122 γὰρ
2096 1018 2284 1119 μόνα
2340 1016 2618 1116 θαυμά-

215 1134 458 1239 §bures
507 1137 599 1219 τὰ
648 1142 943 1245 ἐπίγεια,
979 1150 1124 1223 τῶν
1164 1142 1296 1243 μέν
1346 1144 1694 1246 οὐρανίων
1737 1144 2034 1245 ἀγαθῶν
2083 1146 2352 1245 ὁρῶσιν
2389 1142 2619 1239 οὐδὲν,

213 1264 314 1343 εἰς
364 1260 594 1364 μόνην
631 1264 706 1345 δὲ
758 1265 889 1361 τὴν
931 1271 1113 1374 τῷδε
1162 1273 1266 1375 τῷ
1319 1267 1458 1373 βίῳ
1508 1265 1987 1370 λαμπρότητα
2033 1266 2457 1364 βλέποντες,
2499 1263 2628 1346 τὸν

211 1393 678 1468 πλουτοῦντα
741 1389 1246 1494 θαυμάζουσιν,
1313 1390 1472 1490 ἤτοι
1536 1387 1666 1469 τὸν
1732 1389 1992 1492 ἑτέροις
2054 1395 2205 1472 τισὶ
2270 1391 2627 1499 δοξαρίοις

215 1510 818 1613 ἐπικομπάζοντα·
898 1516 1068 1594 ἀλλ’
1110 1515 1186 1595 οἵ
1230 1549 1316 1617 γε
1373 1512 1557 1594 κατὰ
1611 1513 1741 1594 τὸν
1795 1521 1923 1594 τοῦ
1977 1519 2168 1595 Θεοῦ
2226 1514 2444 1612 νόμον
2497 1513 2628 1597 τὰς

112 1661 187 1703 10
216 1638 364 1712 τῶν
444 1637 895 1740 πραγμάτων
977 1636 1516 1740 διευκρινόμενοι
1601 1637 1881 1745 φύσεις,
1957 1643 2103 1718 τῶν
2178 1635 2629 1745 ἀξιεράστων

213 1753 445 1841 ὅντως
506 1763 623 1839 καὶ
684 1761 1191 1869 ἀξιοζηλῶτων
1246 1761 1650 1865 ἀνθρώπων
1704 1764 1966 1841 ἐκεῖνον
2020 1757 2204 1842 εἷναί
2253 1768 2509 1868 φασιν,
2566 1757 2626 1869 ᾧ

211 1878 299 1960 τὸ
360 1881 769 1976 βούλεσθαι
827 1893 1037 1979 βιοῦν
1092 1883 1468 1991 ἐνυπάρχει
1531 1885 1717 1965 κατὰ
1778 1884 1912 1986 τὴν
1968 1894 2096 1965 τοῦ
2155 1883 2625 1985 πεποιηκότος
2650 1919 2686 1962 e

212 2002 503 2105 βουλήν
535 2040 614 2086 τε
650 2011 768 2088 καὶ
804 2006 1135 2109 θέλησιν.
1217 2008 1544 2109 ἀδικήσει
1581 2008 1727 2111 γὰρ
1765 2008 1969 2089 οὐδὲν
2003 2009 2136 2110 τὴν
2172 2018 2301 2089 τοῦ
2338 2009 2615 2113 ἀνθρώ-

211 2163 360 2208 που
405 2129 659 2236 ψυχὴν
694 2136 1167 2235 ἀγαθουργεῖν
1204 2132 1611 2234 εἰθισμένην
1648 2132 1733 2213 τὸ
1783 2132 1968 2212 κατὰ
2015 2131 2258 2235 σάρκα
2309 2167 2620 2233 σμικρο·

115 2274 187 2337 15
214 2251 506 2354 πρεπές,
545 2254 912 2363 ὠφελήσει
951 2254 1027 2336 δέ
1078 2261 1196 2337 καὶ
1242 2259 1321 2337 ἐκ
1366 2263 1514 2336 τῶν
1549 2256 1886 2337 ἐναντίων
1922 2256 2125 2338 οὐδὲν
2160 2255 2327 2340 τοῦς
2377 2255 2630 2358 διαζῆν

213 2375 530 2475 ἐννόμως
582 2377 1184 2483 παραιτουμένους
1239 2382 1284 2481 ἡ
1339 2383 1417 2460 ἐν
1462 2384 1642 2489 τῷδε
1692 2386 1795 2488 τῷ
1845 2381 1986 2490 βίῳ
2036 2378 2461 2484 λαμπρότης
2510 2385 2628 2463 καὶ

217 2499 301 2581 τὸ
366 2503 451 2583 ἐκ
516 2504 839 2585 πλούτου
902 2505 1309 2613 περιφανές.
1414 2506 1740 2608 κρίνουσι
1803 2514 2186 2609 τοιγαροῦν
2250 2504 2432 2586 κατὰ
2496 2505 2629 2605 τὴν

218 2625 487 2728 σάρκα,
525 2626 847 2733 καθάπερ
904 2630 1031 2709 οὖν
1077 2629 1336 2734 ἀρτίως
1391 2628 1755 2732 ἐλέγομεν,
1805 2633 1871 2709 οἰ
1927 2628 2028 2730 μὴ
2080 2629 2479 2723 βλέποντες
2532 2637 2629 2715 εἰς

219 2747 590 2851 ἀγιότητα,
651 2751 751 2852 μὴ
814 2754 1205 2850 πολιτείαν,
1266 2749 1368 2853 μὴ
1433 2749 1744 2855 τρόπους
1809 2751 2133 2837 εἰωθότες
2198 2753 2622 2857 δοκιμάζειν,

119 2901 195 2944 20
219 2872 392 2949 ἀλλ’
440 2879 540 2956 εἰς
593 2873 779 2973 μόνα
836 2874 928 2956 τὰ
980 2878 1257 2978 ἐπίγεια
1313 2875 1439 2955 τὸν
1490 2881 1745 2957 οἰκεῖον
1798 2878 2373 2980 παρατρέποντες
2427 2885 2624 2976 νοῦν,

218 2997 337 3075 καὶ
391 2997 666 3082 παντὸς
720 2999 1087 3108 ἀξιοῦντες
1140 2999 1504 3097 θαύματος
1559 2998 1691 3080 τὸν
1734 3002 1812 3080 ἐν
1862 2999 2156 3107 πλούτῳ
2216 3003 2331 3080 καὶ
2386 3007 2628 3108 τρυφῇ

217 3122 733 3222 τεθραμμένον.
814 3125 1008 3224 ὑμεῖς
1059 3125 1205 3224 οὖν,
1244 3121 1303 3204 ὦ
1351 3122 2033 3229 παραφρονέστατοι
2087 3129 2232 3203 τῶν
2266 3123 2628 3204 Ἰουδαίων
2651 3156 2688 3196 a
2745 3141 2865 3198 518
2883 3139 2962 3198 Δ.

217 3249 648 3347 καθηγηταί,
684 3249 911 3328 καίτοι
967 3246 1162 3358 νόμῳ
1217 3253 1321 3356 τῷ
1375 3246 1493 3329 διὰ
1542 3245 1924 3331 Μωυσέως
1972 3244 2155 3350 πρὸς
2202 3245 2336 3348 τὴν
2375 3249 2492 3328 ἐπὶ
2541 3247 2625 3328 τὸ

220 3370 525 3475 δικάζειν
559 3372 927 3478 ἀκρίβειαν
959 3371 1648 3477 παιδαγωγούμενοι,
1687 3369 2203 3474 κατεγνωκότες
2253 3372 2358 3452 ἐπ’
2398 3373 2628 3453 οὐδενὶ

121 3509 195 3569 ²5
223 3492 339 3572 διὰ
400 3493 633 3596 μόνην
687 3492 820 3596 τὴν
873 3501 1002 3597 τῆς
1059 3496 1334 3600 σαρκὸς
1394 3495 1755 3576 εὐτέλειαν
1809 3494 2262 3597 κατακρίνετε
2327 3492 2454 3574 τὸν
2510 3495 2627 3575 διὰ

219 3625 530 3697 πολλῶν
566 3621 732 3717 ὑμῖν
765 3618 1203 3727 παραδόξων
1238 3617 1553 3727 ὀφθέντα
1595 3617 1808 3700 Θεόν.
1888 3617 2030 3722 ἐγὼ
2081 3616 2158 3697 δέ
2201 3615 2335 3717 τὴν
2371 3620 2620 3718 ὑμετέ-

221 3774 357 3841 ραν
421 3744 893 3824 ἀπαιδευσίαν
951 3745 1036 3824 οῦ
1093 3740 1525 3844 μιμήσομαι,
1589 3740 1749 3822 οὐδὲ
1811 3739 2147 3840 τοιαύτην
2203 3743 2368 3845 περὶ
2427 3743 2625 3839 ὑμῶν

222 3863 489 3970 ἐξοίσω
534 3864 668 3967 τὴν
702 3871 989 3974 ψῆφον·
1052 3865 1257 3947 οὐδὲν
1293 3864 1425 3965 μὲν
1459 3864 1605 3969 γὰρ
1643 3863 1833 3949 ὅλως
1869 3864 1913 3962 ἡ
1952 3864 2335 3969 ἀνθρώπου
2368 3865 2617 3973 φύσις.

221 3989 296 4066 τί
325 3988 470 4091 γὰρ
507 3988 597 4069 ἂν
634 3991 739 4090 εἴη
777 3989 861 4071 τὸ
898 3992 1234 4093 ἐπίκηρον
1269 3992 1464 4070 τουτὶ
1500 3990 1617 4070 καὶ
1656 3987 1800 4070 ἀπὸ
1836 3991 1971 4088 γῆς
2009 3994 2228 4086 σῶμα
2255 4022 2278 4086 3
2343 3989 2625 4091 σαπρία

125 4134 200 4192 30
223 4115 337 4192 καὶ
374 4113 693 4221 σκώληξ
724 4118 840 4195 καὶ
880 4115 1118 4218 ἕτερον
1156 4114 1381 4195 οὐδέν.
1462 4114 1633 4193 ἀλλ’
1674 4114 1758 4193 οὐ
1806 4111 1922 4191 διὰ
1972 4111 2238 4212 ταύτην
2276 4114 2456 4211 ὑμᾶς
2489 4110 2621 4212 τὴν
2647 4126 2691 4191 b

224 4237 457 4317 αἰτίαν
504 4245 924 4343 κατακρινῶ,
963 4238 1122 4319 οὐδὲ
1177 4240 1462 4343 ἐπείπερ
1517 4238 1880 4343 ἅνθρωποι
1930 4236 2113 4317 κατὰ
2162 4235 2390 4342 φύσιν
2436 4234 2624 4335 ἐστὲ,

2653 794 2695 860 d
2718 766 2883 831 Supra

2716 847 2821 882 ver.
2851 842 2926 893 15.

229 4446 808 4586 ,33·25„⁶x‡ffi”5‚2„³;
830 4444 1647 4590 ffffissffssswz’ffl
1674 4444 2071 4572 3353„th
2098 4444 2629 4585 ¹1³3?⁸5;„2::2‚?·ss¹.³3.;

227 4588 363 4659 νόμῳ
390 4586 488 4643 Ht.
514 4587 617 4643 Ed.
764 4606 794 4645 2
836 4630 849 4645 .
887 4590 1028 4659 ὑμῶν
1055 4588 1121 4644 Β.
1146 4590 1265 4660 ὑμῖν
1287 4588 1589 4644 emendavit
1617 4587 1715 4642 Ht.
1862 4588 1946 4642 28.
1984 4586 2042 4659 ἡ]
2077 4595 2133 4653 -1-
2165 4591 2256 4641 rofi
2285 4589 2380 4642 Ht.
2414 4586 2516 4642 Ed.

310 4686 454 4734 vol..
487 4689 562 4735 11.
1426 4690 1465 4734 E
