3238 5158
243 358 304 400 x.
339 356 441 417 14.
620 338 735 402 IN
796 338 863 402 S.
912 337 1425 404 JOANNEM.
1517 337 1708 402 LIB.
1742 335 1861 400 VI.
1954 335 2159 400 CAP.
2212 334 2266 397 1.
2511 331 2639 395 22⁷

242 505 364 581 καὶ
399 503 759 607 περισσόν
794 539 862 585 τι
908 504 999 585 τὰ
1038 504 1400 609 πρόβατα·
1466 510 1710 588 καλῶς
1749 538 1824 584 τε
1862 504 1980 582 καὶ
2015 502 2246 602 ὀρθῶς
2294 496 2641 604 ἀνεφώνει

237 624 327 706 τό
386 628 574 731 Ἐγώ
627 637 762 735 εἰμι
823 640 853 712 ὁ
910 628 1158 736 ποιμῆν
1204 639 1234 711 ὁ
1295 630 1539 727 καλὶς,
1585 630 1773 709 οὕτω
1829 625 2136 709 κάνθάδε
2191 622 2319 703 τὸν
2363 622 2642 724 ἀγαθὸν

238 751 470 837 ὅντως
527 754 830 855 ποιμένα
884 753 1378 859 διορισάμενος
1436 757 1515 834 ἐν
1568 759 1673 862 τῷ
1730 756 1846 833 καὶ
1908 748 2392 856 προθνήσκειν
2444 745 2602 827 ἐπεί
2604 792 2637 806 ·

236 882 511 977 γεσθαι
563 886 710 959 τῶν
748 879 1161 983 προβάτων,
1199 883 1315 959 καὶ
1369 878 1502 980 τὴν
1538 876 1793 985 ψυχὴν
1835 883 2202 980 προθεῖναι
2254 870 2642 977 προθύμως

165 1021 208 1082 5
241 1000 425 1104 ὑπὲρ
489 1004 743 1101 αὐτῶν,
803 1003 931 1085 τὸν
984 1004 1060 1083 δέ
1123 1004 1496 1104 μισθωτὸν
1551 1007 1670 1083 καὶ
1739 1005 2014 1083 ὀθνεῖον
2066 998 2462 1097 ἐπιστάτην
2524 998 2635 1076 καί
2666 1025 2703 1066 a
2738 1011 2978 1067 650A·

237 1125 491 1207 δειλὸν
519 1132 633 1208 καὶ
671 1128 986 1235 φυγάδα,
1011 1130 1129 1209 καὶ
1164 1131 1242 1208 τί
1272 1128 1415 1232 γὰρ
1453 1129 1609 1234 οὐχὶ
1647 1135 1793 1208 τῶν
1819 1126 2160 1208 τοιούτων
2184 1120 2640 1228 προειρηκὼς,

235 1252 532 1356 ἐπείπερ
600 1251 852 1334 ἑαυτὸν
924 1251 1067 1334 οἶδε
1141 1252 1650 1355 καταθήσοντα
1719 1252 1851 1353 τὴν
1924 1250 2174 1358 ψυχὴν
2248 1246 2423 1351 ὑπὲρ
2496 1253 2642 1325 τῶν

234 1377 619 1475 ποιμνίων,
660 1378 891 1458 πάλιν
942 1377 1260 1482 εὐλόγως
1313 1383 1598 1486 ἀναβοᾷ
1647 1376 1732 1458 τό
1786 1379 1974 1480 Ἐγώ
2032 1384 2169 1481 εἰμι
2226 1383 2256 1456 ὁ
2314 1369 2557 1477 ποιμῆν
2610 1380 2640 1452 ὁ

240 1501 498 1587 καλός.
575 1500 711 1582 ἔδει
747 1502 892 1606 γὰρ
928 1503 1065 1584 ἔδει
1100 1500 1380 1589 πάντας
1418 1511 1618 1584 νικᾶν
1656 1500 1783 1583 τὸν
1817 1506 1893 1582 ἐν
1930 1508 2118 1582 πᾶσι
2158 1496 2637 1601 πρωτεύοντα,
2733 1518 2974 1568 ΟοΙ.ἰ.ι8.

115 1657 203 1698 10
233 1626 362 1706 ἴνα
417 1628 533 1706 καὶ
581 1627 862 1729 ἀληθὴς
912 1633 1229 1736 φανῆται
1275 1627 1503 1710 πάλιν
1548 1631 1588 1709 ὁ
1638 1626 1963 1738 μελῳδὸς
2011 1624 2191 1730 πρὸς
2242 1621 2459 1704 αὐτόν
2499 1656 2643 1703 που

234 1751 487 1852 λε’γων
516 1762 560 1799 “
576 1750 840 1836 “Όπως
877 1752 969 1832 ἂν
1005 1755 1384 1859 δικαιωθῇς
1417 1755 1494 1833 ἐν
1529 1759 1680 1839 τοῖς
1716 1751 1964 1855 λόγοις
2000 1784 2163 1848 σου,
2191 1750 2310 1829 καὶ
2348 1744 2644 1854 νικήσῃς
2734 1772 2820 1824 Pe.
2842 1772 2877 1822 1.
2897 1770 2946 1821 6.

235 1886 288 1924 ‘⁶
327 1878 405 1955 ἐν
441 1882 545 1984 τῷ
581 1877 956 1981 κρίνεσθαί
986 1879 1143 1959 σε.”

360 1999 565 2100 Πρὸς
619 2001 708 2081 δέ
749 2035 835 2103 γε
890 2008 1039 2086 τοῖς
1087 2001 1476 2102 εἰρημένοις
1530 2003 1811 2083 κάκεῖνο
1861 2001 2351 2082 διασκεπτέον.
2449 1993 2644 2094 οἶμαι

237 2121 394 2227 γὰρ
430 2123 656 2228 ἔγωγε
692 2123 785 2205 τὰ
819 2123 1004 2230 πρὸς
1040 2127 1393 2233 ὠφελείας
1428 2123 1740 2228 ἐσόμενα
1773 2131 2061 2225 πολλῆς
2096 2134 2245 2210 τοῖς
2279 2123 2643 2205 Ἰουδαίων
2667 2138 2711 2204 b

123 2275 147 2313 ¹
164 2270 204 2332 5
239 2255 453 2333 λαοῖς
487 2249 904 2353 παραθέντα
938 2250 1067 2331 τὸν
1108 2250 1400 2354 Κύριον,
1438 2247 1539 2350 μὴ
1582 2250 1806 2349 μόνον
1839 2250 1927 2358 ἐξ
1964 2251 2238 2331 οἰκείων
2268 2245 2637 2355 ῥημάτων,

237 2373 449 2453 ἀλλὰ
509 2376 628 2453 καὶ
693 2372 810 2453 διὰ
872 2379 1003 2474 τῆς
1058 2380 1205 2454 τῶν
1258 2382 1657 2481 προφητῶν
1717 2376 2184 2484 χρησμῳδίας
2244 2374 2647 2454 ἀναπείθειν

238 2496 503 2584 αὐτοὺς
545 2499 958 2602 ἐπείγεσθαι
1006 2498 1100 2581 τὰ
1149 2497 1385 2581 εἰκότα
1422 2507 1737 2609 φρονεῖν,
1781 2504 1896 2582 καὶ
1937 2504 2189 2582 εἰδέναι
2227 2506 2513 2606 σαφῶς,
2550 2500 2647 2583 ὡς

237 2620 461 2708 αὐτὸς
496 2623 627 2722 μέν
664 2625 869 2704 ἐστιν
906 2626 946 2704 ὁ
993 2625 1264 2724 ποιμὴν
1302 2628 1342 2705 ὁ
1394 2628 1638 2724 καλὸς,
1677 2631 1745 2707 οἰ
1796 2624 1874 2707 δὲ
1923 2625 2171 2707 οὐκέτι·
2232 2624 2501 2719 πόθεν;
2560 2621 2650 2723 ἦν

240 2745 391 2851 γὰρ
429 2748 558 2828 οὐκ
593 2747 886 2832 ἀπεικὸς
919 2751 1185 2830 ἐννοεῖν
1220 2753 1317 2835 ὡς
1370 2756 1429 2831 εἰ
1477 2750 1578 2850 μὴ
1627 2758 1777 2835 τοῖς
1828 2752 2000 2854 παρ’
2043 2751 2261 2861 αὐτοῦ
2306 2749 2640 2829 καταπεί-

129 2902 213 2944 ²0
242 2878 495 2953 Bouron
560 2871 831 2976 λόγοις,
888 2874 1091 2954 ἀλλά
1155 2909 1240 2977 γε
1301 2883 1450 2961 τοῖς
1514 2877 1599 2954 δι’
1660 2874 1943 2956 ἐκείνων
1997 2881 2115 2957 καὶ
2181 2876 2315 2979 οὐχ
2374 2865 2682 2957 ἑκόντες·

241 2996 672 3078 ἐνδώσουσι.
755 2997 952 3101 λέγει
1007 3000 1245 3080 τοίνυν
1280 2999 1364 3081 τό
1401 3000 1586 3104 Ἐγώ
1634 3007 1771 3106 εἰμι
1826 3009 1856 3081 ὁ
1908 2996 2155 3103 ποιμὴν
2193 3009 2223 3082 ὁ
2265 2998 2513 3088 nafis,
2553 3003 2648 3081 εἰς

240 3118 655 3222 ἀνάμνησιν
702 3120 956 3225 ὥσπερ
1010 3132 1157 3203 τῶν
1211 3126 1595 3226 εἰρημένων
1651 3122 1770 3204 διὰ
1827 3129 2071 3232 φωνῆς
2129 3122 2463 3228 ’Ῑεζεκιὴλ
2520 3130 2646 3202 τοῦ
2671 3160 2706 3203 c

238 3244 627 3354 προφήτου
692 3245 825 3346 τὴν
887 3254 1033 3327 τῶν
1087 3248 1453 3329 Ἰουδαίων
1507 3247 1953 3351 ἀνακομίζων
2008 3247 2348 3330 διάνοιαν.
2454 3245 2647 3350 λε’γει

239 3368 391 3472 γὰρ
440 3372 628 3451 οὕτω
678 3372 850 3475 περί
892 3406 968 3451 τε
1011 3376 1345 3476 Χριστοῦ
1394 3376 1511 3453 καὶ
1563 3380 1711 3454 τῶν
1748 3380 2223 3477 καθηγεῖσθαι
2271 3370 2650 3478 λαχόντων

129 3509 212 3571 25
242 3498 376 3593 τῆς
410 3495 775 3575 Ἰουδαίων
810 3495 1085 3597 ἀγέλης
1114 3508 1158 3545 “
1184 3495 1377 3577 Τάδε
1414 3497 1611 3599 λε’γει
1649 3497 1885 3601 κύριος
1923 3498 2161 3602 κύριος
2182 3495 2288 3579 Ὠ
2323 3498 2648 3597 ποιμένες
2735 3515 2891 3595 Eup.

242 3628 290 3666 “
329 3625 460 3698 τοῦ
493 3619 827 3723 Ἰσραὴλ,
865 3619 967 3720 μὴ
1016 3617 1427 3716 βόσκουσιν
1462 3626 1529 3702 οἰ
1576 3623 1906 3722 ποιμένες
1952 3622 2292 3719 ἐαυτούς;
2353 3624 2511 3729 οὐχὶ
2558 3621 2649 3701 τὰ
2736 3598 2907 3698 ῖῖἔίν’

243 3753 289 3791 “
331 3741 672 3845 πρόβατα
708 3743 1118 3840 βόσκουσιν
1155 3750 1220 3826 οἰ
1256 3744 1583 3844 ποιμένες
1613 3779 1635 3843 ;
1698 3745 1849 3827 ἰδοὺ
1884 3745 1969 3826 τὸ
2006 3746 2205 3846 γάλα
2241 3747 2649 3827 κατεσθίετε

242 3877 288 3915 “
324 3868 445 3947 καὶ
497 3866 590 3947 τὰ
644 3867 797 3972 ἔρια
849 3867 1397 3974 περιβάλλεσθε
1454 3873 1570 3951 καὶ
1627 3871 1710 3950 τὸ
1759 3867 1958 3975 παχὺ
2005 3868 2341 3978 σφάζετε,
2387 3873 2504 3951 καὶ
2560 3868 2651 3948 τὰ

321 4140 372 4179 1.
405 4127 790 4196 περισσότερον
812 4143 860 4181 α.
1004 4125 1271 4197 πρόβατα]
1306 4132 1364 4190 -Ι-
1395 4126 1591 4198 &xum
1614 4144 1645 4180 e
1671 4127 1789 4181 Cat.
1822 4125 1971 4180 Harl.
1998 4124 2163 4188 Aah„
2190 4124 2284 4179 ted
2309 4125 2449 4196 ἔχειν
2471 4123 2651 4195 paullo

242 4205 370 4250 ante
393 4197 644 4278 omiqerat
669 4196 800 4253 Nik.
1032 4216 1083 4266 4.
1121 4196 1314 4252 τιθέναι
1338 4215 1386 4251 a.
1619 4197 1672 4253 6.
1707 4197 1826 4269 οὐχὶ
1849 4201 1951 4251 τῶν
1973 4195 2221 4251 τοιούτων
2241 4194 2344 4251 hoc
2368 4194 2554 4250 ordine
2584 4195 2648 4248 B.

445 4281 583 4316 μνιων

242 4318 299 4372 8.
336 4338 595 4386 ποιμενων
622 4317 687 4372 Β.
720 4318 979 4388 ποιμένων
1005 4317 1107 4372 Ed.
1146 4320 1238 4390 qui
1276 4317 1498 4374 adnotat
1527 4324 1565 4349 ‘⁸
1584 4318 1790 4443 cerri&
1824 4317 2110 4388 προβάτου.
2185 4316 2272 4371 Ita
2309 4314 2430 4370 Cat.
2457 4315 2648 4370 Harl.”

240 4389 527 4514 mrsu
549 4405 599 4442 a.
628 4389 836 4460 Migne.
959 4391 1120 4444 πάλιν
1142 4390 1371 4459 εὐλόγως
1396 4388 1499 4443 hoc
1524 4389 1713 4444 ordine
1793 4408 1858 4444 .a.
2182 4427 2196 4442 .
2232 4386 2312 4459 ἐν]
2341 4388 2425 4441 ἐπὶ
2453 4404 2501 4440 a.
2530 4385 2649 4440 Cat.

637 4476 721 4515 10.
757 4462 984 4531 φαιῆται
1015 4461 1078 4515 Β.
1110 4460 1288 4517 Holst.
1312 4461 1559 4532 φαίνηται
1584 4460 1731 4517 Aub.
1982 4474 2062 4532 17.
2100 4459 2285 4514 αυτοὺς
2308 4456 2598 4527 assumpsit
2623 4474 2653 4510 e

245 4529 369 4585 Cat.
393 4539 458 4584 ut
482 4529 591 4584 vid.
619 4530 766 4586 Aub.
789 4541 842 4585 et
866 4532 940 4585 ita
964 4549 1013 4586 a.
1508 4549 1590 4605 19.
1632 4531 2022 4588 καταπείθονται
2045 4549 2093 4585 a.
2119 4529 2520 4585 καταπείθωνται
2546 4526 2649 4581 Ed.

246 4615 336 4671 25.
375 4599 550 4670 κύριος
571 4601 667 4658 alt.
693 4612 1037 4673 assumptum
1061 4620 1126 4658 ex
1157 4602 1221 4657 B.

1361 4705 1402 4749 ο
1431 4711 1480 4771 g
1514 4706 1549 4752 2
