3238 5158
216 315 478 382 xiv„10.
788 316 904 382 IN
967 316 1040 408 S²
1084 314 1606 381 JOANNEM.
1700 316 1892 382 LIB.
1942 319 2065 383 IX.
2495 317 2628 381 429

219 482 586 583 τοσαύτην
629 479 776 584 γὰρ
832 482 974 587 ἔχω
1029 479 1215 585 πρὸς
1270 481 1490 562 αὐτὸν
1539 481 1857 582 οὐσιῶδη
1911 481 2045 583 τὴν
2092 483 2495 589 ἐμφέρειαν,
2534 482 2630 565 ὡς
2653 515 2689 558 ο

219 606 441 686 αὑτοῦ
476 604 607 693 τὰς
657 605 832 707 ἐμὰς
882 601 1061 686 εἶναι
1111 603 1380 713 φωνὰς,
1421 609 1537 686 καὶ
1576 604 1763 709 ἅπερ
1801 604 1891 686 ἂν
1928 601 2166 713 δρῴην
2204 605 2368 707 ἐγὼ,
2405 612 2632 684 ταῦτα

221 730 441 810 αὐτοῦ
489 729 970 811 πιστεύεσθαι
1020 729 1570 834 κατορθώματα·
1654 732 1715 813 ἐν
1747 731 1893 836 ἐμοὶ
1939 729 2085 833 γὰρ
2134 732 2341 835 μένων
2379 726 2497 808 διὰ
2545 725 2631 807 τὸ

223 853 798 956 ἀπαράλλακτον
835 857 913 934 ἐν
950 854 1165 961 οὐσίᾳ
1216 858 1399 934 ποιεῖ
1436 852 1530 934 τὶ
1576 852 1747 961 ἔργα
1793 856 2018 941 αὐτός.
2097 856 2248 935 ἐπεὶ
2299 856 2416 934 καὶ
2466 859 2635 953 μιᾶς

147 994 194 1057 5
225 981 450 1079 οὔσης
512 982 643 1078 τῆς
702 976 1063 1080 θεότητος,
1123 978 1201 1059 ἕν
1253 1013 1330 1059 τε
1392 982 1632 1080 Πατρὶ
1696 981 1814 1058 καὶ
1868 983 2024 1086 Υἱῷ
2089 982 2206 1059 καὶ
2265 978 2635 1078 Πνεύματι

226 1102 630 1201 νοουμένης,
669 1100 859 1187 ἅπας
896 1101 1028 1199 μὲν
1064 1101 1290 1205 λόγος
1326 1102 1367 1180 ὃ
1401 1099 1603 1204 παρὰ
1644 1098 1958 1204 Πατρός,
1995 1100 2283 1187 πάντως
2332 1104 2491 1181 ἐστὶ
2544 1103 2632 1182 δι’

224 1231 407 1306 Υἱοῦ
443 1229 517 1307 ἐν
556 1226 952 1325 Πνεύματι·
1017 1229 1133 1306 καὶ
1183 1231 1330 1306 πᾶν
1368 1225 1600 1328 ἔργον,
1640 1223 1798 1325 ἤτοι
1847 1225 2288 1333 παράδοξον,
2327 1224 2413 1305 δι’
2452 1231 2635 1306 Υἱοῦ

225 1353 301 1430 ἐν
340 1348 734 1449 Πνεύματι·
795 1348 1186 1454 πράττεται
1241 1348 1494 1451 γεμὴν,
1545 1354 1643 1436 ὡς
1698 1350 1898 1453 παρὰ
1947 1348 2263 1453 Πατρός.
2353 1352 2436 1431 οὐ
2489 1348 2636 1454 γὰρ

228 1475 370 1582 ἔξω
418 1480 546 1576 τῆς
593 1484 722 1556 τοῦ
772 1474 1261 1577 γεννήσαντος
1312 1474 1562 1558 οὐσίας
1611 1478 1814 1555 ἐστὶν
1850 1475 1891 1552 ὁ
1927 1474 2125 1571 Υἱὸς,
2162 1475 2323 1556 οὔτε
2368 1472 2514 1575 μὴν
2549 1471 2635 1554 τὸ

109 1624 202 1666 10
235 1605 534 1698 Πνεῦμα
581 1598 666 1680 τὸ
696 1596 983 1702 Ἀγιον,
1018 1602 1095 1679 ἐν
1132 1599 1326 1707 αὐτῷ
1375 1597 1451 1678 δὲ
1501 1595 1602 1678 ὧν
1636 1599 1677 1677 ὃ
1719 1597 2162 1701 Μονογενὴς,
2200 1599 2386 1705 ἔχων
2423 1598 2499 1680 δὲ
2546 1600 2636 1679 αὖ
2660 1604 2706 1670 (l

227 1723 455 1803 πάλιν
489 1726 566 1803 ἐν
601 1724 828 1832 ἐαυτῷ
880 1720 1010 1804 τὸν
1045 1723 1365 1821 τεκόντα,
1401 1722 1619 1803 αὐτόν
1657 1728 1889 1830 φησιν
1927 1724 2261 1826 ἐνεργεῖν.
2348 1721 2638 1827 ἐνεργὴς

228 1847 375 1950 γάρ
412 1848 693 1947 ἐστινὴ
731 1856 863 1928 τοῦ
901 1845 1195 1953 Πατρὸς
1233 1847 1481 1955 φύσις,
1519 1853 1763 1929 καλῶς
1800 1849 1874 1926 ἐν
1902 1852 2059 1954 Υἱῷ
2096 1846 2637 1946 διαλάμπουσα.

341 1971 530 2071 Φαίη
596 1973 663 2052 δ’
725 1973 816 2051 ἄν
876 2006 986 2057 τις
1046 1973 1162 2052 ἐπὶ
1220 1970 1498 2055 τούτοις
1563 1968 1813 2074 ἑτέραν
1877 1967 2216 2071 διάνοιαν,
2273 1976 2401 2072 τῆς
2459 1970 2640 2073 μετὰ

227 2093 504 2198 σαρκὸς
559 2096 961 2196 οἰκονομίας
1024 2101 1268 2180 καλῶς
1323 2096 1517 2202 αὐτῷ
1571 2094 2034 2199 χορηγούσης
2086 2094 2217 2180 τὰς
2272 2096 2634 2203 ἀφορμάς.

110 2238 198 2301 15
230 2226 358 2299 ἀπ’
397 2221 691 2327 ἐμαυτοῦ
733 2220 880 2323 γάρ
917 2228 1151 2329 φησιν
1191 2225 1261 2301 οὐ
1298 2219 1530 2318 λαλεῖ,
1570 2222 1730 2300 ἀντὶ
1766 2228 1916 2319 τοῦ,
1954 2221 2038 2300 οὐ
2072 2222 2635 2324 μεμερισμένως,

231 2340 390 2422 οὐδὲ
427 2342 847 2452 ἀπᾳδόντως
892 2349 996 2451 τῷ
1033 2349 1202 2451 Θεῷ
1253 2345 1371 2424 καὶ
1411 2344 1674 2446 Πατρί,
1755 2342 1996 2445 ἐπειδὴ
2047 2343 2194 2447 γὰρ
2241 2347 2318 2425 ἐν
2354 2348 2635 2450 ἀνθρω-

229 2467 397 2574 πεία
430 2474 681 2575 μορφῇ
716 2475 865 2553 τοῖς
902 2469 1175 2573 ὁρῶσιν
1209 2465 1558 2575 ἐφαίνετο,
1589 2467 1977 2566 ἀνατίθησι
2009 2474 2100 2573 τῇ
2139 2473 2266 2568 τῆς
2306 2469 2641 2570 θεότητος

231 2591 451 2697 φύσει
494 2590 659 2677 τοὺς
709 2597 962 2674 ἑαυτοῦ
1010 2590 1298 2695 λόγους,
1340 2596 1437 2678 ὡς
1471 2594 1547 2673 ἐν
1583 2592 1962 2700 προσώπῳ
1997 2601 2126 2673 τοῦ
2169 2592 2483 2698 Πατρὸς,
2523 2596 2641 2675 καὶ
2664 2624 2702 2667 0

231 2712 375 2814 μὴν
414 2718 531 2795 καὶ
566 2716 659 2795 τὰ
695 2717 896 2820 ἔργα·
938 2714 1161 2818 μόνον
1197 2714 1272 2799 δὲ
1306 2717 1474 2823 οὐχί
1504 2722 1696 2824 φησι
1738 2715 1872 2818 Μὴ
1906 2716 1991 2796 τὸ
2030 2720 2289 2823 σχῆμα
2323 2721 2521 2798 τουτὶ
2555 2715 2641 2798 τὸ

117 2869 210 2913 20
234 2837 704 2941 ἀνθρώπινον,
742 2839 874 2940 τὴν
911 2844 1065 2940 ἐμοὶ
1111 2840 1537 2945 πρέπουσαν
1572 2843 1694 2920 καὶ
1741 2840 2338 2945 χρεωστουμένην
2371 2875 2634 2945 παραι-

231 2963 505 3064 ρείσθω
556 2962 927 3071 διάληψιν,
965 2962 1146 3064 μηδὲ
1194 2964 1580 3068 ἀνθρώπου
1632 2970 1867 3071 ψιλοῦ
1918 2967 2037 3045 καὶ
2085 2962 2242 3049 ἑνὸς
2290 2972 2438 3045 τῶν
2474 2967 2639 3047 καθ’

235 3086 419 3186 ὑμᾶς
456 3081 630 3166 εἶναι
672 3121 840 3172 τους
888 3086 1097 3186 ἐμοὺς
1151 3086 1419 3191 λόγους
1468 3085 1913 3188 ὖπολαβητε,
1949 3086 2153 3168 ἀλλὰ
2190 3089 2417 3175 θείους
2454 3091 2664 3189 ἀλη-
2719 3163 2740 3177 x

234 3216 380 3294 θῶς
416 3214 533 3292 καὶ
571 3212 765 3319 αὐτῷ
799 3212 1206 3316 πρέποντας
1249 3218 1354 3319 τῷ
1393 3215 1654 3315 Πατρὶ,
1692 3213 1917 3298 οὕτως
1971 3216 2069 3298 ὡς
2119 3212 2299 3313 ἐμοί.
2379 3214 2654 3317 ἐνεργεῖ

234 3332 387 3414 δὲ’
358 3369 422 3416 εν
467 3336 613 3442 ἐμοι
663 3334 891 3442 [ducor
955 3337 1095 3435 εἰμὶ
1148 3369 1294 3439 γαρ
1347 3338 1424 3458 ἐν
1467 3337 1662 3443 αὐτῷ
1715 3338 1834 3415 καὶ
1889 3334 2102 3421 αὐτος
2157 3340 2235 3418 ἐν
2279 3337 2461 3437 ἐμοί.
2539 3334 2644 3438 μὴ

123 3483 207 3544 25
234 3458 491 3557 τοίνυν,
543 3462 799 3567 φησὶν,
852 3463 953 3544 ὡς
1005 3459 1195 3562 μέγα
1247 3493 1319 3540 τι
1374 3493 1489 3540 και
1547 3459 1903 3567 ὑπερφυες
1956 3468 2105 3545 τοῖς
2161 3461 2647 3567 ἀρχαιοτεροις

235 3581 577 3664 δεδόσθαι
607 3584 1005 3681 πιστεύετε,
1041 3583 1128 3664 τὸ
1165 3586 1337 3664 ἰδεῖν
1372 3582 1507 3684 μὲν
1543 3586 1641 3669 ὦς
1678 3585 1755 3664 ἐν
1793 3584 1956 3665 ε’ίδει
1991 3582 2217 3690 πυρὸς
2254 3583 2384 3666 τὸν
2422 3584 2639 3685 Θεὸν,
2667 3617 2705 3657 a
2744 3602 2876 3660 ’188
2899 3600 2981 3656 A·

235 3707 542 3787 ἀκοῦσαι
586 3705 663 3787 δὲ
719 3712 838 3787 καὶ
895 3710 1142 3815 φωνῆς
1197 3708 1577 3808 λαλούσης
1636 3710 1895 3793 αὐτοῖς.
1973 3710 2167 3809 ὑμεῖς
2222 3708 2367 3816 γὰρ
2422 3709 2648 3797 ὅντως

236 3829 581 3911 τεθέασθε
636 3830 724 3910 δι’
781 3833 954 3930 ἐμοῦ
1010 3833 1128 3911 καὶ
1183 3832 1259 3911 ἐν
1313 3834 1468 3930 ἐμοὶ
1522 3830 1651 3911 τὸν
1701 3833 2020 3936 Πατέρα,
2070 3839 2128 3914 εἰ
2184 3837 2302 3914 καὶ
2354 3835 2647 3941 πέφηνα

238 3953 403 4032 καθ’
445 3955 650 4052 ὑμᾶς,
685 3953 873 4039 Θεὸς
928 3952 1030 4034 ὧν
1076 3953 1261 4035 κατὰ
1316 3953 1566 4063 φύσιν,
1603 3954 1836 4056 ἦλθον
1880 3958 2239 4063 ἐμφανῶς,
2277 3957 2461 4039 κατὰ
2513 3956 2647 4059 τὴν
2733 3962 2858 4081 {fl-¹·
2882 4042 2935 4093 3

128 4110 214 4170 30
238 4083 368 4157 τοῦ
421 4075 851 4183 ψάλλοντος
906 4076 1182 4185 φωνήν.
1275 4077 1437 4159 ἴστε
1502 4078 1579 4161 δὲ
1644 4080 1754 4160 ὅτι
1812 4086 1960 4160 τῶν
2011 4079 2369 4185 ἡμετέρων
2423 4080 2639 4163 ἀκού·

237 4233 503 4284 σαντες
576 4197 845 4302 λόγων,
917 4208 1064 4283 τῶν
1139 4200 1279 4284 ὑπὸ
1356 4201 1652 4308 Πατρός
1729 4202 2117 4304 ἠκούσατε·
2234 4207 2490 4311 θεωροὶ
2571 4204 2650 4288 δὲ

238 4320 585 4429 γεγόνατε
630 4326 753 4404 καὶ
793 4330 941 4404 τῶν
975 4325 1226 4431 ἔργων,
1264 4329 1383 4408 καὶ
1435 4331 1563 4428 τῆς
1613 4326 1917 4430 ἐνούσης
1966 4326 2219 4436 ἰσχύος
2268 4330 2483 4437 αὐτῷ.
2560 4329 2645 4410 δι’

314 4484 401 4541 26.
436 4485 500 4540 τὸ
553 4485 637 4541 καὶ
660 4486 723 4542 τὸ
749 4483 958 4557 Migne.
1226 4488 1312 4546 28.
1351 4487 1739 4561 legendumne
1762 4489 2045 4562 πεφηνὸςέ
2316 4506 2405 4562 3ο.
2439 4489 2558 4547 ἴστε
2582 4488 2650 4545 Ε.

238 4555 421 4613 ἱστίον
445 4556 556 4614 Ε.
