3238 5158
162 354 519 438 xv.26,27.
590 358 703 422 IN
764 359 831 423 S.
880 360 1394 426 JOANNEM.
1488 362 1681 426 LIB.
1731 361 1811 425 X.
1905 360 2110 429 CAP.
2158 364 2256 428 ΙΙ.
2432 357 2562 419 609

164 519 387 620 ἁγίων
432 520 760 630 πατέρων
808 530 1356 630 ἶχνηλατοῦντες
1403 528 1678 626 πίστιν,
1718 528 1895 609 ἰ’διον
1930 525 2114 609 εἶναί
2154 537 2395 635 φαμεν
2428 537 2559 608 τοῦ

163 647 342 723 Υἱοῦ
389 644 516 726 τὸν
553 646 1060 751 Παράκλητον,
1101 650 1454 749 τουτέστι,
1490 652 1574 733 τὸ
1630 655 1930 754 Πνεύμα
1982 653 2066 734 τὸ
2107 651 2391 756 ”Ἀγιον,
2442 654 2558 733 καὶ
2579 644 2642 711 Β

165 768 291 847 οὐκ
325 769 945 875 ἐπεισκρινόμενον
970 775 1256 882 ἔξωθεν,
1285 777 1443 858 οὐδὲ
1478 780 1854 879 ἐπίκτητον
1888 782 1964 859 ἐν
2001 780 2212 884 αὐτῷ,
2237 777 2560 880 καθάπερ

162 892 361 974 ἐστὶν
415 898 490 975 ἐν
542 905 691 982 τοῖς
756 899 1132 1001 ἁγιότητος
1194 906 1552 1001 δεκτικοῖς,
1609 901 1714 989 οἷς
1770 907 1886 984 καὶ
1942 907 2020 984 ἐκ
2075 902 2176 1003 μὴ
2233 902 2460 984 ὄντων
2515 903 2561 1001 ἡ

102 1035 137 1096 5
164 1020 462 1120 γένεσις,
529 1025 701 1103 ἀλλ’
770 1026 1159 1124 ὁμοούσιον
1223 1029 1463 1124 αὐτοῦ,
1532 1024 1856 1131 καθάπερ
1930 1028 2181 1129 ἀμέλει
2247 1031 2363 1108 καὶ
2433 1037 2563 1108 τοῦ

167 1146 480 1251 Πατρός.
563 1149 748 1229 οὕτω
791 1147 937 1253 γὰρ
985 1149 1075 1231 ἂν
1107 1152 1234 1232 οὐκ
1286 1158 1383 1236 εἰς
1431 1151 1795 1234 πολύθεον
1830 1154 1998 1253 ἡμῖν
2035 1154 2478 1255 μυθολογίαν
2516 1154 2562 1252 ἡ

163 1277 307 1352 τῶν
357 1274 980 1374 ἐκκλησιαστικῶν
1028 1276 1410 1377 δογμάτων
1464 1274 1836 1381 οἰχήσεται
1892 1275 2204 1376 δύναμις,
2242 1279 2412 1356 ἀλλ’
2466 1284 2564 1362 εἷς

166 1398 290 1477 ’ἕνα
338 1399 670 1499 θεότητος
704 1399 949 1503 ’λόγον
982 1399 1028 1499 ἡ
1080 1401 1256 1503 ἁγία
1305 1399 1532 1504 Τριὰς
1582 1402 2134 1508 ἀνασφίγγεται.
2209 1405 2284 1482 ἐν
2329 1403 2565 1510 ταύτῷ

165 1534 545 1627 τοιγαροῦν
588 1528 705 1606 καὶ
759 1531 888 1625 τῆς
943 1526 1193 1610 οὐσίας
1246 1522 1380 1625 τὴν
1424 1525 1725 1626 ἑνότητα
1777 1522 2271 1629 παραδεικνῦς,
2309 1529 2563 1608 ἑαυτοῦ

73 1668 142 1707 ¹0
166 1649 253 1728 τέ
290 1655 479 1755 φημι
530 1651 648 1729 καὶ
695 1653 823 1750 τῆς
874 1656 1002 1729 τοῦ
1032 1655 1225 1730 Θεοῦ
1271 1651 1390 1730 καὶ
1430 1648 1743 1752 Πατρὸς,
1781 1653 2051 1755 πνεῦμα
2091 1650 2205 1743 τῆς
2240 1649 2560 1744 ἀληθείας
2585 1668 2624 1712 ⁰

163 1769 290 1852 τὸν
331 1771 819 1876 Παράκλητον
854 1771 1030 1854 εἶναι
1080 1773 1338 1878 λέγων,
1376 1773 1575 1882 παρα
1617 1777 1730 1855 τοῦ
1767 1777 2034 1883 Πατρὶς
2080 1774 2572 1884 ὲκπορεόεσθαί

168 1904 419 2000 φησιν,
478 1899 862 2005 ἀπελέγχει
936 1934 1012 1981 τε
1085 1907 1348 2008 σαφῶς
1425 1903 1543 1979 καὶ
1613 1901 2135 2006 ἀναμφιλόγως
2210 1898 2566 2007 θεομάχον

168 2022 588 2126 ὁλοκλήρως
623 2059 750 2104 τον
785 2022 1309 2130 χριστομάχον.
1391 2025 1431 2103 ὃ
1483 2023 1628 2127 γὰρ
1679 2023 1869 2108 ολως
1920 2027 2368 2180 ἐμπαροινεΐν
2409 2027 2561 2105 ἐθε-

167 2143 406 2245 λήσας
458 2153 562 2256 τῷ
616 2154 802 2270 Υιῷ,
856 2148 1486 2250 πεπλημμεληκως
1541 2147 1633 2228 ἂν
1687 2147 1968 2290 εἰκότως
2023 2152 2142 2229 καὶ
2196 2185 2293 2235 εις
2348 2150 2566 2230 αὐτὸν

72 2285 139 2345 ¹5
168 2280 400 2352 νοοῖτο
437 2307 562 2353 τον
598 2274 688 2380 ἐξ
717 2273 936 2377 οὗπέρ
968 2277 1196 2355 ἐστιν.

257 2394 488 2479 Ὀταν
523 2398 762 2479 τοίνυν
801 2398 1017 2514 ἔλθῃ“
989 2439 1018 2481 o
1062 2396 1510 2508 Παράκλητός
1548 2404 1740 2505 φησι
1775 2436 1846 2480 το
1899 2401 2171 2505 πνεῦμα
2221 2436 2335 2492 της
2380 2406 2561 2495 ἀλη-

167 2519 371 2621 θείας,
441 2521 770 2605 τουτέστι
840 2521 927 2606 τὸ
975 2523 1193 2625 ἐ’μὸν,
1265 2524 1297 2605 ὃ
1358 2519 1557 2627 παρα
1615 2525 1729 2603 τοῧ
1786 2520 2050 2630 Πατρός
2121 2522 2565 2628 ἐκπορεύεται,

167 2649 401 2733 ἐκεῖνος
437 2651 829 2757 μαρτυρήσει
867 2656 1014 2757 περὶ
1056 2651 1240 2756 ἐμοῦ.
1316 2645 1870 2751 μαρτυρήσειζδὲ
1906 2652 2108 2745 πῶς;
2171 2651 2570 2752 ἐνεργῆσαν

167 2769 308 2875 γὰρ
367 2774 443 2850 ἐν
498 2775 663 2872 ὑμῖν
717 2807 795 2852 τε
852 2776 970 2853 καὶ
1023 2775 1107 2853 δι’
1151 2775 1348 2872 ὑμῶν
1405 2770 1497 2852 τὰ
1550 2770 1950 2878 παράδοξα,
2002 2768 2274 2874 μάρτυς
2329 2771 2568 2851 ε”σεται

75 2913 144 2953 ²0
171 2895 433 2981 δίκαιός
466 2931 546 2977 τε
583 2900 702 2977 καὶ
732 2897 1012 2998 ’ἀληθὴς
1051 2901 1179 2996 τῆς
1216 2900 1387 2997 ἐμῆς
1425 2903 1862 3000 θεοπρεποῦς
1897 2895 2253 3002 ἐξουσίας,
2291 2900 2407 2976 καὶ
2440 2900 2569 2995 τῆς
2592 2892 2635 2956 d

168 3023 242 3100 ἐν
277 3019 572 3121 δυνάμει
616 3020 1191 3125 μεγαλειότητος.
1268 3020 1440 3122 ἐμὸν
1475 3019 1618 3124 γὰρ
1660 3024 1955 3125 Πνῶμα,
1991 3019 2075 3100 τὸ
2124 3023 2455 3122 ἐνεργοῦν
2493 3023 2570 3101 ἐν

171 3146 363 3255 ὑμῖν·
453 3144 704 3250 ὥσπερ
779 3146 855 3228 δὲ
928 3146 1122 3248 ε’μὸν,
1189 3149 1375 3227 οὕτω
1447 3148 1566 3226 καὶ
1628 3153 1757 3224 τοῦ
1822 3150 2014 3226 Θεοῦ
2068 3148 2184 3226 καὶ
2246 3144 2561 3248 Πατρός.

169 3272 806 3375 συγκαθυβρίσθαι
862 3279 1247 3374 τοιγαροῦν
1301 3267 1578 3372 ἀνάγκη
1638 3277 1821 3350 νοεῖν
1875 3304 2041 3353 τους
2096 3267 2183 3349 δι’
2233 3267 2386 3353 ἑνος
2441 3278 2570 3350 τοῦ

168 3396 447 3497 ἀγαθοῦ
509 3396 927 3496 Πνεύματος
998 3395 1093 3477 τὰ
1162 3392 1544 3547 παράδοξα
1616 3428 1800 3497 προς
1874 3396 2381 3500 πληροφορίαν
2441 3397 2570 3494 τῆς

83 3534 143 3593 25
166 3522 485 3606 πίστεως
554 3521 1078 3624 ἐνεργήσαντας
1160 3523 1256 3604 ὡς
1338 3523 1413 3598 ἐν
1481 3518 1859 3628 προσώπω
1933 3525 2283 3622 Χριστοῦ,
2358 3520 2436 3598 ἐν
2508 3515 2568 3627 ᾦ

169 3644 546 3750 κατῴκησε
601 3647 783 3726 κατὰ
837 3644 963 3727 τὸν
1015 3651 1341 3742 Παῦλον,
1386 3647 1541 3750 οὐχι
1599 3645 1810 3746 με’ρος
1866 3678 1935 3724 τι
1988 3648 2115 3743 τῆς
2180 3641 2567 3750 ἀφράστου

170 3767 521 3869 θεότητος,
559 3772 730 3850 ἀλλ’
770 3782 812 3819 “
840 3770 1017 3852 ὅλον
1051 3806 1135 3852 το
1167 3769 1531 3872 πλήρωμα
1568 3771 2037 3866 σωματικῶςῖ
2589 3772 2625 3815 ⁶
2659 3768 2833 3818 0”1·ἰί·
2856 3781 2914 3833 ⁹·

285 3899 847 3996 Μαρτυροῦντος
884 3894 958 3976 δὲ
984 3905 1114 3976 τοῦ
1153 3893 1593 3994 Πνεύματος,
1617 3892 2341 4002 συνεπιμαρτυρήσετε
2331 3893 2569 4002 ’φησι

170 4020 287 4097 καὶ
345 4024 533 4122 ὑμεῖς
592 4021 814 4100 αὐτοί.
921 4019 1263 4124 γεγόνατε
1326 4021 1469 4172 γὰρ
1535 4017 1883 4099 αὐτόπται
1945 4022 2063 4098 καὶ
2120 4021 2369 4122 θεωροὶ
2424 4024 2571 4096 τῶν

89 4158 145 4211 ῐΟ
168 4141 370 4247 παρὰ
406 4151 549 4228 τοῖς
598 4147 794 4228 ἰδίοις
829 4144 1376 4243 τετελεσμένων,
1414 4147 1520 4224 ἀεὶ
1555 4143 1895 4227 συνόντες
1933 4145 2028 4227 ὡς
2063 4143 2397 4243 μαθηταί.

240 4406 296 4463 5.
333 4390 491 4446 αὐτοῦ
515 4411 567 4464 q.
592 4392 822 4447 Veccus.
847 4392 984 4467 αὐτῷ
1011 4391 1114 4447 Ed.
1569 4408 1652 4446 ια.
1689 4412 1746 4444 τε
1771 4398 2107 4460 assumptum
2137 4408 2201 4444 ex
2234 4388 2293 4442 E.
2298 4406 2350 4459 q.
2375 4385 2571 4438 Vecco

171 4462 258 4517 28.
298 4485 521 4531 συνεπιμ.
718 4484 846 4532 σητε
874 4464 936 4517 E.
1208 4479 1297 4533 30.
1334 4459 1508 4533 ἰδίοις]
1537 4461 1782 4518 ῖουδαίοις
1805 4460 2086 4515 emendare
2109 4459 2279 4517 voluit
2302 4462 2358 4529 (a
2384 4456 2574 4525 Migne

168 4533 259 4589 cit.
266 4536 287 4604 )
313 4485 787 4590 Οοω1.μῦ’δῖιιιω.
796 4534 943 4589 Eccl.
970 4532 1063 4589 Gr.
1093 4533 1147 4591 ii.
1173 4548 1298 4605 520,
1324 4532 1419 4588 sed
1444 4542 1654 4604 praeter
1677 4550 1789 4588 rem
1816 4540 1876 4587 ut
1900 4532 2106 4602 opinor.

256 4716 405 4761 vm..
440 4719 515 4762 11.
1294 4720 1339 4780 4
1370 4718 1394 4761 1
