3238 5158
243 326 504 394 xiv.2'1.
833 326 950 392 IN
1012 325 1081 390 S.
1128 323 1650 392 JOANNEM.
1742 324 1937 391 LIB.
1982 325 2068 390 X.
2518 327 2649 391 493

243 489 665 593 πωδεστέρα
697 491 789 572 τέ
811 493 971 572 ἐστι
1021 494 1138 571 καὶ
1191 489 1461 575 οἰκείως
1510 490 1788 595 ἔχουσα
1835 497 2156 590 μᾶλλον,
2193 491 2278 570 οὐ
2324 489 2468 589 μὴν
2503 496 2654 576 τοῖς

245 617 585 696 τάναντία
631 612 1128 724 πεφρονηκόσι
1178 649 1254 695 τε
1308 619 1426 694 καὶ
1480 612 1885 717 δεδρακόσι,
1931 614 2454 720 χρησιμώτατα
2503 622 2655 701 τοῖς

249 738 635 841 εἰρημένοις
669 738 1009 843 ἐπήνεγκε
1044 738 1285 841 λέγων
1317 738 1407 819 ‘O
1451 737 1617 837 ἔχων
1652 737 1783 824 τᾶς
1820 736 2096 825 ἐντολάς
2132 776 2265 845 μου
2305 746 2425 820 καὶ
2463 737 2655 847 τηρῶ

254 861 490 961 αὐτᾶς,
531 863 705 950 οὗτός
742 865 913 944 ἐστιν
952 872 982 945 o‘
1019 862 1321 966 ἀγαπῶν
1356 891 1473 968 με·
1535 862 1680 968 ἔχει
1729 861 1817 943 δέ
1855 896 1962 946 τις
2012 859 2142 948 τὶς
2188 861 2482 960 inaniat,
2521 862 2656 962 τὴν

182 1002 225 1065 5
254 988 503 1068 πίστιν
578 985 1162 1094 παραδεξάμενος
1244 991 1362 1066 καὶ
1431 984 1550 1066 διὰ
1623 986 1907 1087 μνήμης
1985 988 2264 1088 ἀγαθῆς
2351 992 2448 1070 εἷς
2526 984 2656 1067 τὸν

255 1117 508 1191 οἰκεῖον
542 1110 1111 1210 εἶσοικισάμενος
1165 1119 1334 1191 νοῦν
1370 1107 1505 1210 τὴν
1541 1109 1919 1192 ἄθόλωτόν
1954 1145 2031 1191 τε
2078 1114 2197 1191 καὶ
2244 1113 2462 1210 διειδῆ
2510 1116 2656 1190 τῶν

254 1236 739 1337 εὐαγγελικῶν
784 1233 1253 1334 ἐνταλμάτων
1299 1234 1697 1315 παίδευσιν·
1754 1242 2031 1335 πληροῖ
2071 1235 2147 1315 δὲ
2189 1232 2411 1319 αὐτὰς
2454 1267 2646 1338 πρα-
2678 1266 2716 1310 e

254 1364 509 1443 κτικῶς
542 1361 872 1463 ἐνεργῶν,
896 1362 1012 1439 καὶ
1048 1363 1140 1465 τῇ
1175 1364 1323 1438 τῶν
1355 1357 1735 1461 δρωμένων
1769 1357 2228 1462 λαμπρότητι
2264 1352 2657 1461 διαπρεπὴς

257 1485 566 1583 ὁρᾶσθαι
602 1480 1052 1585 σπουδάζων.
1132 1482 1402 1566 τέλειος
1442 1483 1567 1562 οὖν
1603 1480 1747 1586 ἄρα
1783 1486 1902 1563 καὶ
1950 1480 2371 1583 ὁλοκλήρως
2415 1485 2651 1583 ἀπηρ-

136 1634 231 1677 10
256 1604 588 1704 τισμένος
641 1613 739 1692 εἷς
794 1608 1185 1705 εὐσέβειαν,
1242 1608 1283 1686 5
1338 1607 1584 1686 πίστει
1641 1639 1720 1686 τε
1781 1607 1899 1687 καὶ
1955 1603 2216 1712 πράξει
2276 1602 2655 1713 διαφανὴς,

256 1727 510 1834 ὥσπερ
546 1732 662 1811 ἐπὶ
699 1729 1021 1831 ὁσιότητι
1059 1736 1149 1837 τῇ
1183 1728 1367 1812 κατὰ
1401 1727 1735 1834 Χριστόν
1769 1730 2363 1835 μαρτυρούμενος·
2419 1740 2463 1777 66
2488 1732 2660 1809 Ἐπὶ
2748 1726 2920 1851 {3⁰¹}
2947 1805 2980 1841 ο

258 1852 705 1952 66στόματος
767 1852 912 1957 γὰρ
978 1855 1105 1967 δύο
1168 1852 1215 1956 ἢ
1279 1860 1497 1958 τριῶν
1558 1854 1944 1958 μαρτύρων
2003 1852 2453 1953 σταθήσεται
2516 1860 2662 1934 πᾶν
2748 1857 2959 1988 Ξῗξὸ

258 1980 597 2084 “ῥῆμα,”
638 1978 821 2058 κατὰ
857 1976 942 2059 τὸ
983 1980 1502 2082 γεγραμμένον.
1584 1977 1714 2059 τὸν
1752 1977 1828 2059 δὲ
1867 1975 1955 2078 δη
1993 1987 2339 2077 τοιοῦτον,
2375 1975 2664 2064 εἶκότως

258 2100 625 2205 ἀγαπήσει
671 2099 806 2203 μὲν
844 2103 884 2183 5
931 2101 1119 2187 Θεος
1153 2137 1269 2183 και
1304 2102 1611 2254 Πατὴρ,
1650 2104 2016 2206 ἀγαπήσει
2071 2100 2148 2182 δε
2203 2101 2403 2182 οὐδὲν
2447 2102 2665 2204 ἧττον

134 2252 227 2314 15
261 2232 378 2306 καὶ
428 2228 468 2306 5
505 2224 703 2311 Υἱός.
792 2226 1043 2331 ὥσπερ
1094 2259 1235 2376 γαρ
1286 2229 1488 2308 ἐστιν
1534 2225 1940 2328 ὁμοούσιος,
1978 2229 2165 2308 οὕτω
2209 2230 2325 2307 καὶ
2362 2233 2658 2308 συνεθε-
2686 2258 2723 2300 a
2764 2245 2898 2301 828
2920 2245 3004 2301 A·

259 2348 485 2451 λητὴς
538 2356 642 2458 τῷ
697 2351 851 2458 ἰδίῳ
904 2350 1302 2454 γεννήτορι.
1403 2358 1571 2451 μιᾶς
1625 2349 1770 2454 γὰρ
1826 2351 2098 2450 οὐσίας,
2155 2350 2230 2433 ἓν
2287 2348 2520 2453 δήπου
2580 2349 2665 2432 τὸ

260 2474 564 2574 θέλημα,
603 2478 720 2554 καὶ
756 2471 1037 2560 σκοπὸς
1082 2473 1195 2581 ἐφ’
1235 2473 1518 2556 ἅπασιν
1553 2474 1670 2573 εἷς,
1711 2477 1827 2555 καὶ
1863 2473 1948 2556 τὸ
1986 2478 2396 2583 διαφωνοῦν
2432 2472 2661 2573 οὐδὲν,

257 2599 486 2701 ἤγουν
523 2605 618 2684 εἰς
657 2599 902 2702 ἑτέραν
938 2604 1056 2680 καὶ
1092 2601 1338 2705 ἑτέραν
1376 2600 1811 2707 κατασχίζον
1849 2601 2173 2702 θέλησιν.
2254 2607 2402 2684 τοῖς
2438 2597 2667 2702 γεμὴν

262 2727 392 2823 τῆς
445 2724 638 2807 θειάς
691 2723 977 2827 ἀγάπης
1033 2725 1468 2832 ἠξιωμένοις,
1505 2722 1848 2828 λαμπρὸν
1893 2724 2271 2806 ἐπιδώσειν
2317 2721 2402 2805 τὸ
2451 2723 2667 2826 γέρας·

139 2885 238 2929 20
264 2847 813 2950 ἐπαγγέλλεται,
858 2852 975 2930 καὶ
1032 2847 1140 2929 ὅτι
1195 2857 1351 2935 ταῖς
1409 2848 1583 2953 ὑπὲρ
1641 2849 1868 2954 λόγον
1915 2847 2170 2933 αὐτοὺς
2225 2848 2669 2955 καταστέψει

263 2975 584 3074 δωρεαῖς.
665 2974 1019 3081 ἐμφανίσω
1074 2970 1220 3078 γάρ
1274 2982 1507 3081 φησιν
1561 2979 1746 3083 αὐτῷ
1798 2973 2104 3079 ἐμαυτόν.
2178 2975 2476 3078 καθαροὶ
2530 2970 2670 3076 γὰρ

260 3094 466 3197 παρὰ
530 3101 679 3180 τοῖς
740 3103 1078 3201 καθαροῖς
1145 3104 1210 3179 οἶ
1273 3101 1435 3203 περὶ
1492 3103 1622 3198 τῆς
1686 3097 2017 3183 θεοπτίας
2078 3096 2366 3177 ἔσονται
2424 3095 2663 3198 λόγοι·

261 3217 656 3321 διαλάμπει
710 3220 786 3300 δὲ
843 3223 883 3301 5
933 3219 1263 3326 Χριστὸς
1317 3226 1394 3304 ἐν
1443 3224 1700 3322 αὐτοῖς,
1750 3220 1868 3302 διὰ
1923 3230 2050 3303 τοῦ
2106 3222 2284 3302 ἰδίου
2335 3219 2670 3321 δηλονότι
2692 3231 2738 3298 b

264 3343 689 3445 Πνεύματος
738 3351 835 3429 εἰς
886 3346 1159 3425 ἕκαστα
1208 3353 1353 3427 τῶν
1390 3345 1696 3428 δεόντων
1740 3352 2236 3454 φωταγωγῶν,
2272 3347 2390 3425 καὶ
2440 3342 2668 3449 ἆῤῥή-

136 3502 232 3562 25
263 3503 416 3554 τοις
452 3471 603 3549 τισὶ
651 3471 1059 3575 δᾳδουχίαις
1105 3477 1259 3556 ταῖς
1310 3469 1492 3552 κατὰ
1547 3469 1676 3553 τὸν
1714 3478 1882 3551 νοῦν
1919 3468 2170 3551 ἑαυτὸν
2206 3469 2673 3551 ἐκκαλύπτων

263 3595 386 3675 καὶ
437 3596 720 3700 ἐμφανῆ
768 3593 1143 3679 καθιστάς·
1207 3598 1274 3675 οἱ
1322 3592 1399 3674 δὲ
1451 3592 1558 3676 ἅπ
1709 3592 2011 3693 ἑλόντες,
2046 3591 2385 3698 μακάριοί
2427 3629 2505 3676 τε
2559 3595 2675 3675 καὶ

264 3717 599 3821 ζηλωτοί.
682 3719 807 3797 καί
834 3752 957 3817 μοι
994 3721 1193 3799 δοκεῖ
1220 3719 1540 3805 τοιοῦτός
1572 3753 1679 3805 τις
1716 3717 1892 3800 εἶναι
1928 3719 2167 3823 λέγων
2205 3721 2245 3800 5
2292 3717 2675 3823 προφήτης

267 3843 538 3922 Δαυείδ
581 3851 625 3890 66
653 3842 1099 3940 Ἀκούσομαι
1153 3843 1229 3923 τί
1278 3841 1595 3943 λαλήσει
1649 3845 1726 3924 ἐν
1775 3845 1931 3942 ἐμοὶ
1990 3843 2257 3947 Κύριος
2313 3846 2353 3924 5
2412 3841 2626 3928 Θεός·
2610 3843 2670 3889 ·”
2762 3846 2848 3897 ¹²⁸·

2761 3912 2951 3962 lxxxiv.
2964 3927 3016 3979 9.

267 3967 391 4046 καὶ
427 3961 571 4065 μὴν
608 3999 724 4045 και
761 3963 975 4051 αὐτὸς
1025 3967 1193 4066 ἡμῖν
1231 3968 1271 4046 5
1325 3972 1512 4051 θεῖος
1559 3966 2019 4048 ἐπιστέλλων
2055 3965 2475 4051 ἀπόστολος
2511 3978 2556 4015 66
2584 3972 2675 4047 Ει
2768 3996 2948 4124 acor-3·

2653 4098 2683 4115 a
2763 4078 2868 4112 xm.

192 4098 320 4175 0“
357 4088 651 4190 δοκιμὴν
700 4089 961 4193 ζητεῖτε
1016 4098 1143 4170 τοῦ
1197 4093 1271 4170 ἐν
1317 4092 1473 4188 ἐμοὶ
1522 4099 1923 4176 λαλοῦντος
1972 4093 2403 4194 Χριστοῦ)
2334 4153 2357 4189 ,
2461 4100 2679 4172 λαλει

267 4248 419 4320 γαρ
470 4217 545 4293 ἐν
588 4221 738 4298 τοῖς
792 4214 1023 4316 ἁγίοις
1077 4213 1195 4294 διὰ
1249 4221 1377 4294 τοῦ
1417 4214 1840 4312 Πνεύματος
1888 4212 1981 4294 τὰ
2030 4216 2195 4296 καθ’
2237 4213 2517 4313 ἑαυτὸν,
2560 4250 2676 4296 και

345 4386 399 4435 4.
435 4369 499 4436 τῇ
526 4366 704 4422 πίστει
730 4366 796 4421 Ε.
823 4368 857 4397 66
877 4366 943 4422 In
966 4367 1071 4421 alio
1091 4366 1377 4437 codicem
1354 4367 1607 4423 ’nont’
1611 4367 1874 4422 ’adnotat
1897 4376 1951 4422 et
1973 4367 2119 4424 Aub.
2264 4381 2316 4440 7.
2352 4369 2681 4438 δνταλμᾶτων

266 4437 343 4494 Ε.
367 4438 638 4510 δογμάτων
663 4436 766 4492 Ed.
791 4438 825 4468 “
841 4437 1173 4529 ἐνταλμότων
1197 4439 1265 4493 al.
1290 4439 1600 4512 δογμάτων”
1626 4438 1753 4510 (εἰσ)
1779 4436 1927 4493 Aub.
1952 4438 2008 4493 in
2035 4438 2681 4494 notis-10.5m·

265 4509 444 4581 φανὴς
466 4526 515 4563 c.
543 4507 708 4562 Cord.
735 4506 800 4563 δι’
824 4507 1025 4579 ἀμφοῖν
1051 4507 1151 4564 Ed.
1509 4523 1593 4582 15.
1632 4443 1951 4579 συνθελητὴς
1975 4507 2139 4565 Cord.
2165 4510 2237 4580 (c.
2263 4508 2681 4582 imperfectum.)

271 4581 429 4653 29.‹5
398 4578 638 4636 ὁθεῖος*
615 4582 735 4648 ημῖν
757 4579 970 4635 inverso
994 4577 1182 4636 ordine
1206 4578 1275 4636 Ε.
