3238 5158
204 347 332 412 xiv.
358 349 459 417 28.
597 350 711 415 IN
774 350 841 416 s,
891 351 1406 419 JOANNEM.
1499 353 1692 417 ΜΒ.
1742 353 1825 417 x.
1915 353 2116 418 cAP.
2164 354 2218 419 1.
2469 356 2594 420 525
2657 331 2666 341 “

206 513 486 618 ἔχοντες
523 521 778 619 χῶρον,
802 516 1002 597 ἀλλὰ
1040 519 1156 597 καὶ
1190 516 1370 617 αὑτὴ
1407 524 1550 596 τῶν
1585 517 1809 620 ἁγίων
1845 514 2255 620 ἀγγέλωνὴ
2289 519 2595 617 πληθύς·

205 638 802 739 κατηγορήσομεν
861 638 936 721 δὲ
1000 644 1116 720 καὶ
1177 639 1449 725 παντὸς
1515 642 1723 744 ἁγίου
1787 639 2064 739 λοιπὸν,
2126 639 2319 721 Θεὸν
2381 640 2601 721 αὑτὸν

204 759 390 839 κατὰ
464 760 694 865 φύσιν
746 761 1105 866 εἰρηκότος
1161 769 1276 871 καὶ
1339 762 1707 864 ἀληθινὸν,
1767 762 2096 916 μάλιστα
2169 762 2245 844 δὲ
2304 764 2598 844 πάντων

204 882 676 984 αἰτιασόμεθα
747 884 877 968 τὸν
936 885 1284 990 μακάριον
1343 887 1685 988 Ἰωάννην
1746 885 2076 992 εἰρηκότα
2143 889 2307 991 περὶ
2377 888 2597 968 αὑτοῦ

142 1016 251 1086 5“
286 1006 692 1110 Οἴδαμεν”
651 1043 763 1090 οτι
815 1011 858 1090 ὃ
914 1010 1063 1096 υἱὸς
1114 1020 1243 1092 τοῦ
1291 1017 1485 1092 Θεοῦ
1539 1012 1712 1112 ἥκει,
1749 1015 1867 1091 καὶ
1918 1010 2176 1092 ἔδωκεν
2222 1012 2391 1111 ἡμῖν
2435 1010 2589 1091 διά·
2686 1015 2929 1132 31ῗῇῦῦ-

207 1140 485 1212 “νοιαν
518 1133 636 1213 ἵνα
682 1134 1151 1236 γινώσκωμεν
1198 1134 1327 1217 τὸν
1361 1131 1706 1236 ἀληθινὸν
1734 1134 1945 1233 Θεὸν,
1978 1139 2096 1216 καὶ
2133 1134 2352 1236 ε’σμεν
2387 1137 2462 1215 ἐν
2496 1142 2600 1244 τῷ
2620 1168 2656 1213 ο

204 1264 249 1302 “
286 1256 607 1365 ἀληθινῷ
642 1258 861 1338 αὑτοῦ
887 1263 1043 1366 Υἱῷ
1067 1259 1317 1359 Ἰησοῦ
1353 1264 1681 1366 Χριστῷ,
1704 1258 1910 1342 οὗτός
1945 1260 2147 1339 ἐστιν
2181 1261 2223 1338 ὃ
2258 1258 2598 1359 ἀληθινὸς

205 1386 251 1424 “
286 1376 474 1463 Θεός
510 1384 626 1461 καὶ
663 1381 804 1486 ζωὴ
841 1383 887 1482 ἡ
924 1383 1270 1467 alffinus-3²
1331 1388 1390 1462 εἰ
1428 1379 1506 1462 δὲ
1539 1389 1793 1463 πᾶσαν
1830 1385 2012 1480 ὁμοῦ
2048 1383 2598 1482 δυσωπούμενος
2632 1446 2638 1453 -

202 1499 332 1581 τὸν
386 1501 872 1586 θεόπνευστον
923 1504 1239 1613 γραφὴν,
1286 1505 1480 1587 Θεὸν
1534 1504 1758 1589 ὅντως
1812 1506 2031 1586 αὑτὸν
2083 1513 2431 1609 προσερεῖ
2481 1509 2597 1587 καὶ

104 1634 182 1701 ἑο
207 1623 548 1731 ὑπάρχειν
584 1630 768 1709 οὕτω
804 1627 1252 1728 διακείσεται,
1288 1630 1652 1710 πιστεύειν
1686 1664 1765 1710 τε
1816 1632 2002 1710 οὕτω
2044 1635 2597 1729 μειονεκτεῖσθαι

204 1756 334 1828 τοῦ
373 1751 663 1853 Πατρὸς
697 1751 882 1832 κατά
916 1787 988 1833 τι
1024 1761 1202 1853 γοῦν
1240 1753 1430 1838 ὅλως
1468 1752 1986 1851 ὑπολαμβάνει·
2045 1748 2156 1857 ἆρ’
2185 1753 2322 1857 οὑχ
2357 1752 2596 1856 ἕτερον

98 1884 105 1891 ’
202 1871 373 1971 ἡμῖν
415 1874 847 1975 εἰσκεκόμικε
896 1874 1110 1975 Θεὸν,
1141 1881 1269 1977 τῆς
1317 1874 1499 1980 πρὸς
1546 1876 1675 1957 τὸν
1716 1876 2012 1980 Πατέρα
2063 1875 2386 1982 σχέσεως
2442 1884 2589 1984 φυ-

198 2002 413 2098 σικῆς
466 1997 885 2103 ὁλοκλήρως
938 1998 1502 2100 διακεκομμένον,
1540 2003 1658 2081 καὶ
1709 2005 1785 2081 ἐν
1830 2003 1972 2109 ἰδίᾳ
2022 1999 2151 2098 μέν
2193 2033 2332 2079 τινι
2380 2001 2589 2081 νοού-

195 2155 414 2219 μενον
487 2121 910 2223 ὑποστάσει,
974 2121 1078 2223 μὴ
1148 2122 1292 2224 μὴν
1354 2121 1775 2229 ἐνυπάρχειν
1843 2129 1935 2229 τῇ
2008 2131 2139 2204 τοῦ
2212 2128 2403 2203 Θεοῦ
2477 2126 2592 2203 καὶ

95 2266 170 2329 15
199 2243 495 2349 Πατρὸς
544 2246 812 2352 οὑσίᾳ3
874 2246 1047 2326 ἀλλ’
1087 2244 1280 2344 οἶμαι
1333 2250 1558 2346 δῆλον
1594 2245 1829 2328 ἅπασι
1877 2245 1963 2327 τὸ
2010 2244 2314 2350 πρᾶγμά
2360 2247 2585 2327 ἐστιν.
2616 2281 2652 2320 a
2708 2268 2832 2325 851
2851 2266 2932 2324 A.

193 2375 257 2448 εἰ
311 2366 454 2472 γὰρ
508 2368 710 2450 οὐδὲν
753 2371 1006 2450 ἑαυτοῦ
1057 2373 1293 2474 μεζον
1339 2367 1387 2470 ἢ
1444 2367 1768 2470 ἔλαττον,
1815 2371 1987 2450 ἀλλ’
2028 2369 2409 2453 ἐλάττονος
2462 2369 2593 2468 μέν

192 2524 385 2576 τινος
438 2491 676 2598 μεῖῷν
726 2528 796 2573 τι
852 2501 1128 2591 νοεῖται,
1174 2493 1489 2599 μείζονος
1544 2495 1631 2574 δέ
1675 2529 1866 2579 τινος
1918 2491 2244 2592 ἔλαττον,
2289 2490 2593 2597 πότερόν

192 2650 350 2702 πως
414 2618 543 2697 οὐκ
609 2617 888 2721 ἀνάγκη
950 2618 1079 2699 δύο
1140 2618 1230 2719 δὴ
1290 2617 1575 2703 πάντως
1636 2621 2091 2721 ὁμολογῆσαι
2152 2615 2354 2702 θεοὺς
2410 2617 2593 2697 κατὰ

195 2738 429 2843 φύσιν
470 2744 588 2822 καὶ
636 2740 1108 2842 ἀληθινοῦς,“
1075 2742 1160 2823 ιν’
1198 2746 1239 2823 ὁ
1284 2742 1416 2842 μὲν
1448 2748 1694 2843 νοῆται
1739 2740 2080 2844 μείζων,“
2048 2776 2089 2820 ο
2142 2741 2216 2820 δὲ
2271 2739 2592 2821 ἐλάττων

88 2889 171 2931 20
197 2865 462 2958 αὐτοῦ’,
523 2868 772 2946 οὐκοῦν
811 2867 1076 2972 οἴχεται
1124 2866 1253 2966 μὲν
1289 2866 1426 2967 ἤδη
1483 2869 1599 2947 καὶ
1646 2868 2168 2969 ἀνατετραπται
2218 2865 2368 2943 κατ’
2407 2864 2586 2943 ἐκεί-

197 3020 365 3070 νους
419 2992 547 3088 τῆς
579 2990 1021 3090 Ἐκκλησίας
1075 2990 1122 3090 ἡ
1175 2991 1445 3075 πίστις·
1516 2989 1704 3074 Θεὸς
1760 2988 1835 3069 δε
1892 2990 2026 3094 οὐχ
2080 3023 2178 3073 εις
2232 2987 2345 3091 εφ’
2384 2987 2588 3085 ἡμᾶς,

194 3106 402 3189 ἀλλὰ
451 3110 579 3191 δύο
630 3110 909 3193 λοιπόν.
986 3114 1178 3197 τίνος
1208 3113 1333 3193 οὖν
1369 3114 1510 3216 ἄρα
1547 3115 1700 3192 ναοὶ
1738 3111 2368 3216 κεχρηματίκαμεν,
2405 3108 2589 3189 κατὰ

189 3229 324 3317 τὰς
359 3234 649 3342 γραφάς
678 3269 701 3333 ;
762 3235 809 3339 ἢ
848 3241 1075 3337 δῆλον
1110 3236 1219 3316 ὅτι
1252 3243 1383 3316 τοῦ
1428 3235 1514 3318 τὸ
1565 3236 1744 3316 ἰ’διον
1783 3241 2081 3333 Πνεῦμα
2129 3242 2284 3319 ταῖς
2332 3233 2581 3332 ἦμετέ-
2613 3255 2656 3320 b

186 3391 355 3462 ραις
404 3360 1029 3460 ἐγκατοικίσαντος
1076 3364 1350 3467 ψυχαῖς
1382 3392 1403 3456 ;
1468 3358 1643 3440 ὅταν
1680 3359 1806 3439 οὖν
1841 3357 2278 3463 εὑρίσκωμεν
2314 3359 2392 3438 ἐκ
2442 3363 2588 3437 τῶν

83 3498 161 3561 ²5
188 3486 400 3585 ἰερῶν
452 3482 918 3585 γραμμάτων,
973 3484 1131 3590 οὐχὶ
1190 3491 1320 3564 τοῦ
1378 3483 1672 3587 Πατρὸς
1727 3481 1971 3584 μόνον,
2026 3481 2229 3562 ἀλλὰ
2285 3486 2401 3562 καὶ
2458 3489 2588 3562 τοῦ

184 3611 374 3686 Υἱοῦ
441 3610 735 3707 Πνεῦμα
797 3607 1207 3710 λεγόμενον,
1271 3609 1348 3689 τί
1404 3605 1906 3709 λογισόμεθα,
1991 3609 2071 3688 τί
2122 3604 2200 3688 δὲ
2260 3610 2586 3710 προσῆκε

186 3733 531 3835 φρονεῖν;
589 3731 749 3809 τίνα
802 3736 948 3811 τῶν
992 3729 1120 3810 δύο
1172 3730 1704 3835 παρωσάμενοι,
1739 3730 1867 3813 τὸν
1908 3730 2147 3835 ἕτερον
2185 3728 2358 3811 εἶναι
2395 3729 2586 3812 Θεὸν

184 3853 547 3956 λε’γομενς
599 3859 657 3934 εἰ
691 3851 823 3952 μὲν
860 3854 986 3934 οὖν
1020 3853 1147 3934 δύο
1187 3851 1410 3954 θεοὺς,
1438 3852 1567 3935 τὸν
1601 3853 1880 3937 ἐλάττω
1914 3888 1992 3937 τε
2034 3859 2153 3936 καὶ
2190 3853 2319 3936 τὸν
2352 3854 2586 3959 μείζω,

182 3976 779 4083 παραδεξόμεθα,
816 3976 1039 4085 ἄμφω
1072 4012 1149 4059 τε
1184 3986 1338 4062 ταῖς
1374 3978 1740 4082 ἡμετέραις
1780 3984 2056 4086 ψυχαῖς
2099 3978 2584 4082 ἐναυλίζεσθαι

76 4130 159 4190 3ο
184 4098 530 4206 φήσομεν
564 4098 683 4180 διὰ
715 4107 863 4182 τῶν
895 4101 1088 4182 ἰδίων
1123 4093 1566 4200 πνευμάτων,
1606 4104 1762 4182 ναοὶ
1804 4108 1988 4183 θεῶν
2021 4102 2160 4203 ἤδη
2209 4101 2583 4204 γεγονότες
2609 4143 2645 4185 e

180 4221 657 4325 ἁλωσόμεθα·
736 4225 866 4304 δύο
929 4222 1007 4306 δὲ
1069 4227 1240 4326 ἡμῖν
1295 4227 1551 4307 ἐνοικεῖ
1594 4224 1988 4326 πνεύματα,
2041 4225 2276 4330 μεῖζόν
2329 4260 2407 4308 τε
2466 4228 2585 4308 καὶ

252 4426 310 4481 6.
347 4428 589 4498 mvl-mm
629 4449 685 4483 εν
707 4427 775 4484 Ε.
797 4429 1119 4518 γινῶσκομεν
1145 4427 1252 4484 Ed·
1469 4445 1554 4502 19.
1587 4426 1651 4485 ἵν’
1677 4427 1745 4484 Ε.
1767 4426 1850 4483 ἵνα
1873 4425 1979 4483 Ed.
2181 4442 2248 4494 24
2315 4425 2585 4481 ’κατοικί-

177 4496 451 4637 {we}
454 4497 567 4623 gd
649 4515 801 4569 ..mg
825 4497 1286 4571 &yaemm'yemoe
1308 4498 1411 4555 Ed·
1776 4514 1864 4570 29·
1897 4445 2304 4568 πφαδεξόμὲθα
