3238 5158
230 365 556 435 x.14,15.
633 350 749 415 IN
810 351 879 416 s,
926 351 1438 417 JOANNEM.
1529 352 1879 419 L13.v1.
1970 352 2178 418 CAP.
2226 353 2283 418 1.
2508 351 2640 417 233

232 513 326 594 τὰ
358 523 717 597 τοσοῦτον
754 520 1210 627 διῳκισμένα,
1249 522 1368 601 καὶ
1404 517 1843 601 συνάπτεται
1878 517 2011 619 μὲν
2049 523 2145 605 ὦς
2187 517 2413 627 φύσει
2450 516 2639 602 Θεὸς

232 645 337 746 τῷ
384 644 553 748 Θεῷ
608 643 729 724 καὶ
785 647 1043 748 Πατρὶ,
1089 645 1494 748 ἀνθρώποις
1549 641 1626 724 δὲ
1676 642 1905 726 πάλιν
1949 647 2047 729 ὡς
2101 644 2255 724 κατ’
2294 640 2639 744 ἀλήθειαν

235 762 636 867 ἅνθρωπος.

345 888 563 967 Ἀλλ’
603 887 786 974 ἴσως
833 892 979 993 ε’ρεῖ
1015 926 1124 978 τις
1160 895 1330 1000 Οὐχ
1382 896 1577 1002 ὁρᾷς,
1616 889 1675 974 ὦ
1710 893 1938 992 οὗτος,
1976 892 2141 973 ὅποι
2187 888 2364 973 ποτὲ
2411 888 2639 972 πάλιν

168 1031 207 1093 5
236 1010 277 1088 5
314 1009 450 1095 σὸς
492 1014 1023 1098 ἀποκινδυνεύει
1070 1015 1337 1120 λόγος;
1394 1024 1454 1099 εἶ
1508 1014 1655 1121 γὰρ
1706 1015 1887 1098 καθὸ
1936 1016 2228 1121 γε’γονεν
2264 1014 2640 1118 ἄνθρακι-ος

234 1134 618 1236 γινώσκειν
673 1134 891 1219 αὐτὸν
944 1138 1340 1240 οἰησόμεθα
1394 1141 1488 1222 τὰ
1541 1143 1780 1239 αὐτοῦ,
1827 1139 2223 1237 τουτέστιν,
2258 1141 2495 1220 ἐλθεῖν
2542 1143 2641 1223 εἱς

235 1260 632 1361 οἰκειότητα
667 1269 815 1342 τῶν
850 1263 1242 1365 προβάτων
1277 1266 1516 1364 αὐτοῦ,
1554 1267 1660 1349 τίς
1705 1263 1847 1372 ἔξω
1890 1264 2080 1363 με’νει
2130 1268 2256 1363 τῆς
2306 1259 2577 1365 ἀγέλης
2609 1296 2630 1360 ;

234 1382 529 1465 ἔσονται
566 1383 712 1490 γὰρ
746 1392 985 1468 οἰκεῖοι
1034 1389 1452 1488 σύμπαντες
1499 1388 1683 1470 καθὸ
1730 1396 1848 1469 καὶ
1899 1388 2267 1492 ἅνθρωποι
2316 1384 2640 1490 καθάπερ
2659 1412 2703 1462 ο
2739 1402 2876 1457 654
2891 1399 2978 1458 Δ.

237 1504 475 1592 αὑτός.
554 1510 632 1589 τί
674 1511 802 1591 οὖν
836 1514 913 1591 ἐν
947 1516 1051 1620 τῷ
1100 1512 1340 1615 λέγειν
1374 1514 1478 1594 ἔτι
1512 1510 1597 1594 τὸ
1643 1510 2005 1615 περισσόν
2042 1510 2155 1592 Tc}
2198 1510 2386 1616 ἐμά,
2439 1510 2521 1616 τί
2564 1509 2641 1590 δὲ

128 1661 209 1704 10
235 1630 386 1716 τοῖς
440 1630 666 1719 ὅντως
721 1637 940 1716 αὐτοῦ
992 1636 1077 1717 τὸ
1132 1637 1540 1744 ἐξαίρετον;
1606 1642 1667 1716 εὶ
1725 1633 1867 1740 γὰρ
1920 1633 2184 1720 πάντες
2236 1640 2472 1715 οἰκεῖοι
2522 1631 2640 1713 διὰ

235 1752 371 1856 τὴν
424 1754 563 1857 ἤδη
619 1758 1132 1864 προειρημένην
1189 1762 1439 1857 αἰτίαν,
1495 1762 1575 1841 τί
1629 1765 1777 1844 τοῖς
1841 1762 2227 1863 γνωρίμοις
2287 1758 2494 1839 ἔσται
2555 1755 2640 1839 τὸ

235 1887 542 1980 πλεῖον;

351 2008 556 2113 Πρὸς
603 2008 816 2090 τοῦτό
867 2016 1130 2117 φαμεν,
1169 2009 1278 2092 ὅτι
1314 2010 1548 2095 κοινὸς
1596 2010 1729 2109 μὲν
1763 2008 2002 2091 ἅπασι
2048 2011 2167 2089 καὶ
2213 2013 2361 2093 τοῖς
2408 2008 2635 2109 ἐγνω-

239 2129 451 2211 κόσιν
490 2133 708 2213 αὐτὸν
753 2139 869 2214 καὶ
915 2142 1065 2222 τοῖς
1112 2135 1572 2238 ἀγνοήσασιν
1605 2135 1649 2214 5
1697 2139 1825 2233 τῆς
1874 2130 2301 2232 οἰκειότητος
2345 2129 2637 2234 τρόπος·

134 2277 211 2341 15
238 2255 496 2357 γε’γονε
546 2254 691 2362 γὰρ
740 2258 1136 2364 ἅνθριιητος,
1174 2261 1259 2340 οὐ
1312 2255 1772 2366 χαριζόμενος
1826 2256 1964 2340 ἀνὰ
2015 2257 2227 2361 μέρος
2282 2259 2455 2353 τισὶ,
2491 2258 2645 2337 τισὶ

238 2378 317 2460 δὲ
390 2380 642 2481 οὐκέτι,
713 2385 886 2463 ἀλλ’
960 2382 1146 2486 ὅλην
1217 2392 1601 2466 πεσοῦσαν
1672 2382 2107 2486 ἐποικτείρας
2179 2379 2311 2480 τὴν
2383 2380 2634 2487 φύσιν.

238 2501 484 2605 ὀνήσει
551 2504 629 2587 δὲ
692 2507 896 2589 οὐδὲν
958 2509 1000 2590 5
1065 2513 1193 2609 τῆς
1265 2507 1690 2619 οἰκειότητος
1753 2506 2016 2613 τρόπος
2090 2504 2257 2592 τοὺς
2331 2503 2451 2585 διὰ
2513 2508 2643 2607 τῆς
2666 2516 2709 2583 b

239 2629 603 2716 ἀπειθείας
666 2634 1100 2737 ὑβρίζοντας,
1158 2633 1782 2735 ἀπονεμηθήσεται
1841 2632 2267 2729 δὲμᾶλλον
2320 2628 2643 2734 καθάπερ

239 2753 460 2857 γε’ρας
496 2754 859 2861 ἐξαίρετον
894 2764 1043 2841 τοῖς
1089 2760 1478 2860 ἀγαπῶσιν
1515 2755 1755 2837 αὐτόν.
1834 2754 2053 2859 ὅνπερ
2102 2752 2246 2858 γὰρ
2296 2751 2567 2857 τρόπον
2603 2754 2644 2832 5

132 2908 216 2957 βο
238 2881 371 2978 τῆς
428 2879 902 2965 ἀναστάσεως
950 2879 1173 2983 λόγος
1223 2878 1446 2980 διήκει
1493 2877 1628 2981 μὲν
1668 2882 1783 2961 ἐπὶ
1833 2876 2134 2969 πάντας,
2173 2875 2293 2957 διὰ
2339 2875 2471 2977 τὴν
2514 2884 2643 2958 τοῦ
2732 2881 2970 3012 {32254

243 3006 580 3107 Σωτῆρος
638 3003 1070 3103 ἀνάστασιν,
1133 3004 1315 3106 ὅλην
1380 3008 1607 3112 ἑαυτῷ
1666 3008 2249 3087 συνανιστῶντος
2311 3000 2445 3101 τὴν
2506 3003 2639 3080 ἀν-
2735 3016 2790 3062 0²
2814 3012 2950 3062 alibi.

240 3126 538 3231 Opc57rov
602 3127 855 3236 φύσιν,
911 3128 1283 3237 ὠφελήσει
1342 3127 1420 3209 δὲ
1480 3127 1684 3208 οὐδὲν
1737 3125 1903 3212 τοὺς
1966 3124 2641 3233 φιλαμαρτήμονας·

242 3250 806 3357 κατοιχήσονται
886 3251 1032 3358 γὰρ
1106 3259 1203 3340 εἰς
1278 3253 1403 3333 τὸν
1475 3250 1680 3361 ᾅδην,
1755 3255 1871 3333 ἐπὶ
1943 3250 2141 3360 μόνῳ
2213 3256 2317 3360 τῷ
2389 3254 2649 3356 χρῆναι

240 3374 680 3478 κολάζεσθαι
735 3377 820 3458 τὸ
875 3381 1271 3476 ἀναβιῶναι
1327 3374 1714 3482 δεχόμενοι·
1781 3383 1930 3462 τοῖς
1983 3374 2211 3479 γεμὴν
2263 3372 2392 3456 τὸν
2447 3374 2640 3482 ἐξαί-

138 3525 217 3588 25
241 3533 451 3603 ρετον
489 3501 853 3602 ἡσκηκόσι
889 3504 1053 3597 βίον
1087 3499 1271 3607 πρὸς
1306 3502 1659 3608 ὠφελείας
1699 3500 1904 3581 ἔσται
1948 3503 2265 3600 πολλῆς·
2332 3501 2449 3581 ἐπὶ
2500 3496 2647 3602 γὰρ

241 3625 595 3733 μετουσίᾳ
643 3633 789 3708 τῶν
835 3623 1008 3731 ὑπὲρ
1059 3635 1227 3708 νοῦν
1271 3629 1567 3727 ἀγαθῶν
1611 3623 1980 3733 λήψονται
2029 3622 2163 3724 τὴν
2205 3623 2641 3706 ἀνάστασιν·
2668 3657 2707 3704 ο

243 3748 429 3830 κατὰ
494 3758 751 3832 τοῦτον
805 3746 1001 3850 οἶμαι
1054 3751 1184 3831 τὸν
1236 3749 1507 3853 τρόπον
1561 3747 1691 3831 τὸν
1744 3753 1873 3849 τῆς
1937 3746 2363 3849 οἰκειότητος
2422 3748 2648 3852 λόγον

244 3873 443 3973 ἥκειν
486 3872 621 3973 μὲν
662 3877 778 3956 ἐπὶ
822 3873 1103 3960 πάντας
1146 3875 1505 3979 πονηρούς
1558 3908 1635 3954 τε
1690 3876 1809 3954 καὶ
1864 3870 2199 3976 ἀγαθοὺς,
2235 3872 2339 3975 μὴ
2387 3871 2533 3974 μὴν
2572 3875 2649 3953 ἐν

244 3997 387 4107 ἴσῳ
441 4005 673 4079 πᾶσιν
717 3997 1079 4105 ὑπάρχειν,
1126 3996 1330 4079 ἀλλὰ
1383 4004 1531 4085 τοῖς
1583 3997 1715 4097 μὲν
1758 3997 2231 4080 πιστεύουσιν
2279 4003 2376 4082 εἷς
2430 3995 2649 4077 αὑτὸν

145 4158 222 4219 30
245 4124 674 4224 συγγενείας
727 4124 1046 4224 ἀληθοῦς
1101 4124 1219 4203 καὶ
1273 4127 1419 4204 τῶν
1466 4121 1693 4228 ταύτῃ
1746 4120 2354 4227 χρεωστουμένων
2408 4123 2644 4227 ἀφορ-

244 4243 412 4346 μὴν,
468 4254 615 4332 τοῖς
671 4246 747 4328 δὲ
803 4246 907 4348 μὴ
965 4247 1309 4332 τοιούτοις
1372 4245 1800 4354 ἀχαριστίας
1860 4281 1940 4327 τε
2002 4247 2122 4325 καὶ
2185 4241 2650 4346 ἀνοσιότητος

326 4481 410 4538 17.
444 4466 540 4537 τὴν
560 4467 825 4523 ἀπείθειαν
850 4466 969 4523 Cat.
999 4465 1172 4531 Harl„
1198 4465 1293 4523 sed
1317 4469 1408 4537 τῆς
1430 4465 1689 4522 ἀπειθείας
1711 4464 1877 4521 habet
1898 4483 1947 4521 a.
2214 4479 2299 4531 24.
2338 4463 2650 4531 κολάζεσθαι

243 4538 544 4608 assumpsit
565 4555 595 4592 ο
621 4537 741 4592 Cat.
772 4539 927 4593 Harl.
948 4537 1096 4594 Aub.
1337 4551 1422 4608 27.
1461 4533 1602 4605 οἶμαι
1627 4546 1968 4608 assumptum
1993 4554 2058 4590 ex
2083 4554 2130 4590 a.
2365 4551 2451 4606 29.
2487 4536 2652 4589 πᾶσιν

244 4609 501 4681 ὑπάρχειν
523 4608 628 4665 hoc
652 4606 838 4664 ordine
864 4609 982 4664 Β.8.
1197 4625 1287 4680 3ο.
1322 4608 1578 4680 εὐγενείας
1599 4625 1650 4664 a.
1676 4606 1798 4663 Cat.
1826 4607 1981 4663 Harl.
2253 4614 2266 4619 “

332 4709 476 4755 vot..
507 4710 585 4756 11.
1400 4709 1448 4755 Η
1478 4689 1522 4754 h
