3238 5158
278 4189 443 4254 Supra

279 4272 327 4304 x.
354 4269 433 4306 πο.

279 4322 424 4371 Infra

278 4403 382 4438 ver.
405 4403 456 4454 9.

618 306 750 369 412
1060 262 1069 269 ¹
1225 305 1304 370 B.
1352 304 1779 370 CYRILLI
1838 304 2422 371 ALEXANDR.
2809 302 2957 367 xiv.
2991 316 3056 382 7.

622 465 873 550 εἰδέναι
927 468 1280 574 Χριστόν.
1358 469 1595 571 ἐπειδὴ
1652 471 1728 551 δὲ
1783 471 1873 574 ἦν
1925 507 2124 556 τινας
2178 470 2362 556 εἰκὸς
2409 468 2819 570 Ἰουδαῖκήν
2871 502 3058 548 τινα

618 599 912 693 μᾶλλον
958 595 1185 696 ἤγουν
1238 593 1712 697 εὐαγγελικὴν
1761 596 2301 696 ἐπιτηδεύοντας
2355 597 2756 691 παίδευσιν,
2808 592 3050 699 ἐξαρ-

621 725 770 812 κεῖν
803 717 1080 799 οἴεσθαι
1123 716 1307 820 πρὸς
1354 717 1440 798 τὸ
1488 717 1854 800 πιστεύειν
1890 720 2122 824 ὀρθῶς
2155 719 2290 820 τὴν
2324 726 2420 804 εἰς
2471 720 2600 800 ἕνα
2647 725 2797 798 τῶν
2833 717 3058 796 ὅλων

622 840 814 923 Θεὸν
866 843 1265 945 ὁμολογίαν
1318 875 1396 922 τε
1450 846 1569 923 καὶ
1628 849 1928 946 γνῶσιν,
1969 840 2070 943 μὴ
2125 842 2270 945 μὴν
2311 844 2727 946 ἐπείγεσθαι
2773 847 3057 940 μαθεῖν

620 965 750 1045 τὸν
783 971 943 1070 περὶ
979 971 1106 1064 τῆς
1143 967 1355 1069 ἁγίας
1397 970 1514 1046 καὶ
1559 968 1950 1065 ὁμοουσίου
1987 966 2300 1071 Τριάδος
2335 965 2582 1069 λόγον,
2621 963 3052 1066 ἀναγκαίως·
3081 976 3126 1036 5

622 1090 979 1171 ἀποκλείει
1015 1089 1286 1193 τρόπον
1321 1090 1481 1172 τινὰ
1516 1091 1845 1195 Χριστὸς
1880 1094 1999 1171 καὶ
2041 1098 2190 1175 τοῖς
2234 1093 2420 1172 οὕτω
2460 1087 2850 1198 δοξάζουσι
2895 1086 3051 1188 τὴν

552 1221 596 1285 b
621 1217 783 1318 περὶ
834 1223 964 1295 τοῦ
1011 1221 1203 1296 Θεοῦ
1253 1221 1550 1318 γνῶσιν,
1589 1221 1648 1295 εἶ
1696 1214 1797 1316 μὴ
1848 1220 1965 1296 καὶ
2014 1215 2232 1296 αὑτὸν
2263 1215 2652 1311 βούλοιντο
2699 1213 3040 1316 παραδέ-

618 1345 909 1444 χεσθαι.
1026 1337 1145 1419 διὰ
1217 1336 1362 1443 γὰρ
1434 1343 1616 1418 Υὶοῦ
1690 1338 2079 1442 προσιτέον
2151 1344 2256 1447 τῷ
2328 1343 2499 1447 Θεῷ
2569 1340 2688 1418 καὶ
2754 1339 3038 1439 Πατρί.

618 1461 998 1565 ἀναλόγως
1062 1462 1208 1565 γὰρ
1272 1468 1364 1567 τῇ
1421 1470 1551 1543 τοῦ
1616 1461 2057 1567 γεννήματος
2119 1463 2383 1570 θεωρίᾳ
2455 1466 2574 1542 καὶ
2637 1462 2741 1542 ἐπ’
2806 1459 3044 1542 αὑτὸν

618 1586 889 1694 ἥξομεν
922 1585 1052 1666 τὸν
1090 1586 1508 1689 γεννήτορα.
1581 1589 1667 1668 οὐ
1701 1586 1846 1690 γάρ
1882 1589 2103 1686 ἐστιν,
2141 1588 2270 1667 οὐκ
2304 1584 2508 1666 ἔστιν
2543 1587 3036 1691 ἀμφιβαλεῖν,
3075 1609 3150 1649 10

618 1709 727 1791 ὅτι
762 1709 892 1790 τὸν
924 1709 1106 1790 Υἱόν
1139 1745 1245 1795 τις
1291 1709 1691 1818 ὑφεστάναι
1742 1710 2104 1792 πιστεύων
2142 1712 2367 1795 οὕτως
2416 1714 2513 1795 ὡς
2561 1709 2741 1802 υἱὸν,
2780 1705 2918 1789 τὸν
2957 1712 3041 1789 ἐκ

615 1838 744 1933 τῆς
799 1834 1049 1918 οὐσίας
1107 1838 1294 1940 φημὶ
1351 1842 1479 1915 τοῦ
1536 1834 2045 1938 γεννήσαντος,
2093 1833 2363 1916 εἴσεται
2417 1832 2506 1935 δὴ
2561 1833 2856 1919 πάντως
2907 1838 3038 1914 καὶ

616 1956 748 2037 τὸν
786 1957 1098 2062 Πατέρα.

735 2080 948 2162 Κατὰ
998 2081 1128 2180 μὲν
1171 2082 1298 2163 οὖν
1340 2080 1474 2182 τὴν
1516 2084 2033 2190 ἁπλουστέραν
2079 2085 2196 2166 καὶ
2252 2081 2674 2187 ἀπερίεργον
2707 2086 3027 2183 γνῶσιν,

556 2235 593 2278 c
620 2206 843 2290 οὕτως
880 2207 971 2286 οἷν
1009 2241 1114 2291 τις
1150 2208 1415 2307 οἰηθείη
1448 2207 1672 2313 τυχὸν
1706 2213 2060 2310 λαλῆσαι·
2121 2214 2183 2289 εἶ
2219 2206 2303 2288 δέ
2329 2241 2434 2316 τῳ
2474 2205 2714 2307 δοκοίη
2753 2207 2873 2285 καὶ
2909 2205 3034 2286 διὰ
3064 2220 3142 2289 15‘

619 2336 911 2410 λεπτῶν
966 2330 1304 2435 ἔρχεσθαι
1360 2331 1756 2433 νοημάτων,
1814 2337 1912 2419 ὡς
1964 2337 2084 2413 καὶ
2139 2334 2244 2413 ἐπ’
2299 2330 2527 2431 αὐτὴν
2580 2336 2728 2410 τῶν
2771 2363 3024 2433 πραγ-

616 2450 866 2552 μάτων
907 2455 1170 2534 ἐλάσαι
1226 2452 1358 2555 τὴν
1405 2453 1760 2555 βάσανον,
1799 2456 2244 2557 ἀληθεύοντα
2292 2454 2520 2564 πάλιν
2561 2453 2850 2558 εὑρήσει
2891 2450 3033 2533 τὸν

618 2579 820 2660 Υὶόν.
913 2581 1184 2688 διανοίᾳ
1233 2578 1363 2681 μὲν
1413 2577 1559 2685 γὰρ
1611 2578 1870 2687 ἁπάσῃ
1919 2588 2294 2667 παντελῶς
2342 2579 2712 2686 ἀχῶρητος
2767 2577 2813 2677 ἡ
2870 2581 3030 2658 θεία

590 2699 843 2809 ιφύσις
897 2707 1076 2803 ἐστὶ,
1134 2708 1249 2784 καὶ
1308 2706 1386 2785 τί
1438 2707 1588 2786 κατ’
1652 2706 1911 2785 οὐσίαν
1964 2708 2005 2786 5
2065 2713 2212 2786 τῶν
2267 2705 2462 2786 ὅλων
2515 2702 3028 2808 γενεσιουργὸς

615 2835 898 2926 τολμᾶν
953 2828 1142 2913 ὅλως
1194 2826 1803 2931 περιεργάζεσθαι,
1861 2828 2439 2934 φρενοβλαβείας
2499 2826 2791 2928 ἀπάσης
2843 2825 3025 2907 ἀπό·
3053 2861 3119 2900 20

616 2952 836 3060 δειξιν
891 2952 1059 3059 ἔχει.
1160 2951 1360 3053 πλὴν
1412 2941 1571 3032 ἔστι
1627 2987 1785 3036 πως
1845 2953 2030 3053 ἡμᾶς
2088 2988 2271 3052 τινα,
2329 2956 2427 3037 ὡς
2481 2952 2557 3033 ἐν
2611 2958 2850 3035 σκιαῖς
2907 2956 3027 3031 καὶ
3111 2937 3126 2948 ”

614 3075 1055 3179 αἶνίγμασιν,
1093 3076 1535 3180 ἐρανίζεσθαι
1579 3084 1875 3180 γνῶσιν,
1913 3075 2319 3180 κάτοπτρον
2362 3075 2611 3180 ὥσπερ
2659 3110 2731 3157 τι
2778 3069 3018 3178 παρα·

614 3200 933 3285 τιθέντας
989 3207 1091 3309 τῷ
1146 3200 1256 3282 νοῒ
1309 3206 1454 3281 τῶν
1496 3198 1800 3282 ἐνόντων
1841 3199 2488 3302 πλεονεκτημάτων
2522 3206 2612 3306 τῇ
2668 3207 2799 3280 τοῦ
2842 3205 3025 3279 Υἱοῦ

616 3325 838 3429 φύσει
892 3323 1020 3405 τὸν
1074 3324 1509 3428 κατάλογον.
1585 3324 1674 3432 ἐξ
1727 3321 1827 3404 ὧν
1879 3323 2024 3430 γάρ
2079 3329 2280 3407 ἐστιν
2330 3324 2565 3424 αὐτὸς,
2614 3327 2730 3405 καὶ
2786 3323 2876 3431 ἐξ
2923 3319 3026 3402 ὧν

546 3460 591 3526 d
615 3447 991 3552 εἴργασται
1028 3447 1407 3552 γενόμενος
1444 3448 1847 3551 ἅνθρωπος,
1889 3454 2009 3530 καὶ
2040 3443 2185 3554 πρὸ
2222 3454 2351 3550 τῆς
2386 3444 3016 3552 ἐνανθρωπήσεως,
3047 3476 3113 3536 ²5

504 3643 514 3652 .
612 3571 992 3675 ἀναλόγως
1047 3573 1137 3651 ἄν
1172 3607 1279 3656 τις
1335 3575 1449 3653 ἐπὶ
1502 3570 1637 3672 τὴν
1671 3581 1799 3653 τοῦ
1847 3572 2179 3658 τεκόντος
2232 3572 2451 3654 αὐτὸν
2493 3573 2796 3676 θεωρίαν
2841 3572 3021 3653 ἀνίοι

614 3694 897 3778 λοιπόν.
1003 3694 1137 3798 ὅρα
1207 3695 1352 3799 γάρ
1420 3731 1547 3795 μοι
1619 3696 1753 3798 τὴν
1818 3701 2126 3779 ἐνοῦσαν
2201 3700 2396 3806 αὐτῷ
2467 3697 2696 3805 δόξαν
2757 3729 2834 3776 τε
2905 3699 3020 3775 καὶ

616 3820 935 3921 δύναμιν,
992 3820 1229 3913 βλέπε
1300 3818 1433 3921 τὴν
1496 3823 1609 3928 ἐφ’
1668 3819 1947 3904 ἅπασιν
2002 3821 2598 3927 ἀπαραπόδιστον
2652 3820 3014 3929 ἐξουσίαν.

610 3945 692 4025 τί
719 3941 864 4049 γὰρ
902 3945 1068 4026 εἰπέ
1085 3979 1211 4044 μοι
1249 3947 1368 4026 καὶ
1404 3952 1551 4026 τῶν
1588 3946 1769 4050 ὑπὲρ
1803 3946 2057 4051 λόγον,
2096 3948 2227 4028 οὐκ
2275 3946 2670 4050 ἐλευθέροις
2721 3947 3022 4046 νεύμασι

612 4070 1087 4174 κατορθώσας
1124 4070 1396 4175 ὁρᾶται,
1434 4075 1551 4151 καὶ
1585 4070 1733 4174 πρὸ
1770 4069 2046 4175 σαρκὸς
2081 4075 2199 4154 καὶ
2236 4070 2420 4171 μετὰ
2455 4069 2733 4176 σαρκός
2765 4104 2785 4168 ;
2847 4074 3018 4150 ἀλλ’
3047 4099 3115 4157 30

612 4197 659 4274 5
712 4203 1062 4279 τοσοῦτος
1112 4196 1280 4296 ἡμῖν
1325 4193 1411 4277 δι’
1452 4197 1692 4276 αὐτῶν
1735 4197 1986 4303 ὀφθεὶς
2037 4204 2182 4277 τῶν
2225 4196 2683 4299 πραγμάτων
2717 4207 2761 4244 “
2787 4194 3016 4298 Ἐγὼ,

612 4329 663 4366 “
698 4321 913 4426 φησὶ,
948 4320 1066 4400 καὶ
1116 4321 1157 4399 5
1200 4319 1457 4423 Πατὴρ
1507 4319 1583 4401 ἕν
1631 4323 1875 4420 ἐσμεν·
1942 4322 1982 4401 5
2033 4320 2364 4426 ἑωρακὼς
2411 4320 2532 4421 ἐμὲ
2582 4319 2846 4427 ἑώρακε
2896 4316 3023 4400 τὸν

692 4506 777 4557 14.
813 4487 905 4548 οὖν
928 4508 1037 4546 om.
1065 4490 1131 4546 E.
1382 4506 1468 4563 25.
1508 4489 1780 4564 εἴργασται
1807 4490 1870 4547 Ε.
1901 4490 2004 4548 Ed.
2030 4510 2139 4563 mg.
2167 4489 2405 4564 εἴργασαι
2431 4490 2534 4548 Ed.
2791 4507 2883 4564 31.
2921 4497 3020 4547 τῶν

608 4570 957 4634 assumptum
983 4581 1048 4619 ex
1075 4564 1141 4618 E.
