3238 5158
169 323 287 366 xv.
316 321 416 389 25.
546 308 663 373 IN
724 310 792 377 S.
840 310 1356 379 JOANNEM.
1449 314 1647 383 LIB.
1692 315 1775 381 X.
1868 314 2076 381 CAP.
2123 315 2222 379 ΙΙ.
2441 312 2580 378 605

172 469 382 582 νόμῳ
411 473 769 556 δείκνυσιν
804 479 1144 582 ἐναργῶς·
1201 478 1402 580 πλὴν
1441 481 1525 559 οὐ
1561 479 1681 559 διὰ
1716 478 1933 561 τοῦτό
1960 487 2200 586 φαμεν
2221 484 2584 581 προειπεῖν

46 667 51 706 r
169 599 412 678 ἐκεῖνα
467 598 597 680 τὸν
654 599 900 701 νόμον,
968 604 1086 682 ἵνα
1148 602 1233 684 τὸ
1292 610 1439 684 τῶν
1493 605 1859 685 Ἰουδαίων
1924 602 2306 711 ἐξάπτοιτο
2364 609 2583 702 μῖσος

46 791 57 834 Γ
170 722 442 808 ἀδίκως
504 726 691 805 κατά
755 761 835 807 τε
898 735 1029 808 τοῦ
1094 732 1276 809 Υὶοῦ
1331 730 1448 809 καὶ
1510 737 1640 809 τοῦ
1702 726 2017 831 Πατρὸς,
2076 728 2246 807 ἀλλ’
2292 727 2581 829 ἐπείπερ

169 846 488 946 ἔμελλεν
536 848 840 930 ἔσεσθαι
884 853 1054 954 παρ’
1096 853 1354 944 αὐτῶν,
1393 851 2101 960 προαναπεφῶνηκεν
2138 852 2178 930 ὃ
2229 857 2415 935 θεῖος
2463 854 2580 930 καὶ
2602 886 2639 930 ο

101 998 139 1059 5
170 969 368 1074 ἱερὸς
442 971 680 1075 νόμος,
756 974 959 1055 οὐδὲν
1031 982 1178 1056 τῶν
1252 976 1617 1077 ἐσομένων
1689 976 2045 1079 ἠγνοηκὸς
2118 974 2203 1057 τὸ
2280 982 2582 1074 Πνεῦμα

169 1094 477 1181 δεικνύς.
576 1099 978 1204 γέγραπται
1033 1098 1177 1204 γὰρ
1231 1102 1307 1181 ἐν
1360 1101 1609 1211 βίβλῳ
1666 1107 1993 1208 ψαλμῶν
2048 1104 2125 1181 ἐκ
2178 1100 2583 1204 προσώπου

168 1225 516 1324 Χριστοῦ
559 1222 692 1323 τὴν
735 1231 881 1305 τῶν
917 1226 1284 1306 Ἰουδαίων
1318 1224 1664 1307 ἀπόνοιαν
1712 1226 2220 1325 ἐπαιτιωμένου
2276 1228 2391 1305 καὶ
2449 1223 2574 1303 λε’-

169 1377 461 1446 γοντος,
489 1346 601 1427 ὅτι
637 1358 679 1395 “
698 1354 915 1448 μῖσος
953 1348 1197 1429 ἄδικον
1223 1348 1585 1451 ε’μίσησοῖν
1610 1348 1769 1449 με.”
1831 1355 1986 1433 πῶς
2014 1348 2159 1453 γὰρ
2181 1350 2310 1429 οὐκ
2338 1349 2582 1430 ἄδικον
2671 1368 2754 1420 Pe·
2775 1368 2917 1418 xxiv.

169 1475 445 1565 μῖσος;
507 1477 662 1556 πῶς
699 1471 775 1552 δὲ
813 1474 942 1553 οὐκ
991 1472 1612 1580 ἐξεπικράνθησαν
1650 1470 1945 1577 δωρεὰν,
1982 1474 2056 1553 οἵ
2100 1507 2185 1576 γε
2228 1481 2582 1553 τοσοῦτον
2675 1449 2752 1502 19‘

53 1633 144 1686 ,ιο
172 1594 672 1700 ἀφεστηκότες
707 1606 836 1678 τοῦ
869 1601 1127 1703 χρῆναι
1162 1605 1421 1697 μισεῖν,
1459 1597 1642 1678 ὅσον
1677 1597 1846 1698 ἧκεν
1885 1603 2103 1679 εἰπεῖν
2140 1603 2234 1682 εἰς
2270 1596 2403 1698 τὴν
2436 1604 2584 1679 τῶν

172 1723 273 1802 εἶς
322 1719 584 1805 αὐτοὺς
624 1722 1033 1826 γεγονότων
1069 1723 1321 1829 φύσιν,
1361 1726 1458 1807 ὡς
1496 1728 1738 1827 φιλεῖν
1773 1729 2066 1822 μᾶλλον
2101 1719 2233 1823 τὴν
2269 1724 2580 1803 ἁπασῶν
2603 1739 2647 1803 d

171 1841 522 1924 ἀνωτάτω
560 1844 910 1946 σπουδὴν,
948 1848 1063 1926 καὶ
1100 1849 1394 1947 ἀγαπᾶν
1431 1852 1525 1931 εἷς
1568 1845 1656 1926 τὸ
1692 1845 2098 1942 βούλεσθαι
2139 1857 2581 1927 κατακολου-

174 1973 325 2048 θεῖν
366 1969 578 2076 αὐτῷ.
658 1971 875 2051 ποίαν
912 1969 1057 2073 γὰρ
1095 1967 1185 2050 ἄν
1220 2005 1330 2055 τις
1383 1970 1535 2075 ἔχοι
1570 1978 1701 2050 τοῦ
1737 1969 1997 2069 μίσους
2048 1968 2180 2069 τὴν
2217 1969 2579 2078 ἀφορμὴν,

48 2199 49 2202 ¹
173 2093 456 2195 λεγέτω
509 2092 896 2197 παρελθὼν
934 2096 974 2174 ὁ
1019 2101 1175 2179 ταῖς
1211 2096 1630 2179 Ἰουδαῖκαῖς
1684 2094 2066 2178 ἀπειθείαις
2122 2102 2575 2199 συνηγορῶν·

46 2251 142 2324 ,15
173 2218 250 2296 τί
308 2224 463 2298 τῶν
534 2217 936 2321 γεγονότων
996 2218 1115 2334 διὰ
1169 2223 1525 2322 Χριστοῦ,
1585 2220 1847 2319 μίσους
1907 2220 2131 2321 ἤγουν
2189 2222 2575 2326 ἀπεχθείας

48 2335 57 2348 '¹
173 2341 435 2450 ἄξιον,
498 2342 608 2423 ὅτι
665 2342 976 2424 θανάτου
1030 2347 1146 2424 καὶ
1205 2350 1486 2449 φθορᾶς
1540 2344 1901 2450 ἐξείλετο;
1990 2343 2099 2423 ὅτι
2158 2346 2578 2452 πλεονεξίας

173 2467 567 2575 ἀπήλλαξε
605 2472 1044 2569 διαβολικῆς,
1070 2470 1187 2548 καὶ
1224 2467 1355 2568 τὴν
1393 2471 1519 2566 τῆς
1557 2469 1907 2572 ἁμαρτίας
1937 2467 2292 2548 κατέλυσε
2323 2503 2580 2572 τυραν-

176 2596 361 2685 νίδα,
423 2597 540 2674 καὶ
599 2591 684 2674 τὸ
743 2596 1006 2673 δοῦλον
1063 2597 1158 2677 ὡς
1214 2590 1395 2695 πρὸς
1454 2592 1744 2693 υὶότητα
1802 2590 1935 2692 τὴν
1992 2596 2090 2678 ὡς
2151 2592 2333 2695 πρὸς
2390 2595 2580 2674 Θεὸν

46 1297 59 1338 Γ

46 1803 63 1848 ι.

46 2559 59 2607 ξ

48 2820 51 2837 ²
174 2714 649 2818 ἀνεκόμισεν;
710 2717 821 2798 ὅτι
856 2720 933 2798 ἐκ
970 2718 1519 2825 φιλανθρωπίας
1555 2720 1673 2796 καὶ
1712 2719 2233 2815 ἀμνησικακίας
2271 2717 2580 2804 δικαίους

48 2840 148 2955 220
176 2844 501 2948 ἀπέφηνε
532 2840 698 2926 τοὺς
732 2849 887 2927 ταῖς
922 2843 1298 2944 ἁμαρτίαις
1336 2839 1933 2944 νενεκρωμένους;
2011 2840 2120 2922 ὅτι
2160 2842 2577 2939 Πνεύματος
2603 2879 2639 2922 ο

48 2968 51 2983 ’
173 2967 434 3068 Ἀγίου
490 2969 606 3047 καὶ
663 2969 856 3052 θείας
912 2966 1203 3074 φύσεως
1252 2964 1578 3072 ἀπέδειξε
1636 2963 2033 3063 κοινωνοὺς,
2093 2968 2209 3045 καὶ
2272 2964 2446 3046 αὐτὸ
2504 2966 2580 3046 δὲ

175 3092 343 3189 ἡμῖν
404 3089 490 3171 τὸ
546 3098 690 3172 τῶν
746 3092 972 3193 ἁγίων
1032 3088 1371 3193 ἀγγέλων
1430 3090 1925 3197 προύξένησεν
1982 3088 2404 3192 οἰκητήριον,
2467 3094 2584 3170 καὶ

173 3215 501 3315 βάσιμον
538 3215 941 3317 ἀνθρώποις
983 3212 1207 3321 ἔδειξε
1250 3212 1377 3295 τὸν
1415 3214 1761 3317 οὐρανόν,
1817 3221 1973 3298 πῶς
2012 3216 2138 3293 οὖν
2173 3214 2274 3294 ἔτι
2313 3214 2583 3295 δίκαιον

174 3345 553 3437 μισεῖσθαι
603 3337 733 3420 τὸν
767 3337 1042 3420 τούτων
1080 3340 1250 3439 ἡμῖν
1288 3336 1645 3442 γεγονότα
1694 3336 2014 3444 χορηγὸν
2051 3341 2164 3418 καὶ
2211 3338 2581 3439 πρύτανιν,

74 3484 148 3543 25
178 3466 296 3543 καὶ
367 3465 524 3569 οὐχὶ
588 3471 883 3565 μᾶλλον
955 3460 1329 3566 ἀσιγήτοις
1401 3463 1880 3568 εὐφημεῖσθαι
1947 3462 2400 3571 δοξολογίαις
2466 3467 2585 3544 καὶ

177 3587 703 3688 ἀκαταλήκτοις
792 3588 1277 3694 εὐχαριστίαις
1368 3586 1988 3691 ἀντιγεραίρεσθαι
2082 3585 2250 3690 παρ’
2332 3589 2579 3687 ήμῶν;

177 3714 349 3791 ἀλλ’
391 3712 591 3794 οὐδὲν
638 3709 832 3813 οἶμαι
890 3709 1016 3791 τὸν
1074 3710 1421 3812 ἄτεγκτον
1477 3711 1912 3810 μεθίστησιν
1947 3712 2294 3821 Ἰουδαῖον
2349 3719 2447 3796 εἰς
2497 3712 2581 3793 τὸ

175 3835 582 3927 βούλεσθαι
619 3841 911 3941 φρονεῖν
948 3834 1133 3938 ἅπερ
1171 3834 1307 3915 ἔδει
1346 3840 1661 3942 φρονεῖν.
1738 3838 2071 3940 μεμίσηκε
2121 3835 2265 3939 γὰρ
2321 3834 2579 3947 ὃωρεέιν,

176 3955 262 4038 ὃν
308 3960 400 4066 ἐξ
448 3960 625 4061 ὅλης
680 3961 990 4043 διανοίας
1045 3962 1336 4063 ἀγαπᾶν
1391 3959 1528 4039 ἔδει
1578 3965 1871 4057 μᾶλλον
1927 3963 2042 4040 καὶ
2103 3968 2258 4045 ταῖς
2316 3964 2394 4042 ἐκ
2453 3967 2582 4062 τῆς
2603 4007 2639 4047 a
2676 3992 2815 4049 909
2833 3991 2913 4047 A.

70 4113 149 4170 30
177 4084 563 4168 εὐπειθείας
622 4082 1104 4190 καταστέφειν
1153 4088 1408 4183 τιμαῖς.
1484 4081 1687 4183 πλὴν
1736 4086 1871 4164 κάν
1921 4083 2154 4191 τούτῳ
2207 4086 2581 4189 χρησίμως

180 4206 220 4284 ὁ
266 4206 530 4311 Κύριος
584 4205 836 4288 ἑαυτὸν
882 4209 1008 4288 οὐκ
1060 4208 1480 4310 ἠγνοηκέναι
1536 4209 1802 4313 δέδειχε
1857 4205 1990 4308 τὴν
2038 4215 2181 4288 τῶν
2217 4210 2580 4290 Ἰουδαίων

253 4443 303 4481 2.
340 4428 613 4498 ἐξόπτοιτο
639 4429 704 4485 Ε.
733 4426 897 4484 Cord.
925 4429 1137 4518 ἐξείποι
1160 4429 1222 4484 τὸ
1248 4427 1351 4483 Ed.
1543 4445 1595 4499 3.
1632 4430 1725 4483 τοῦ
1749 4428 1838 4482 alt.
1865 4445 1972 4482 om.
2002 4426 2169 4483 Cord.
2354 4448 2406 4496 4.
2444 4431 2577 4497 πρὸς

182 4515 279 4567 pro
305 4500 423 4572 παρ’
453 4500 625 4556 Cord.
855 4513 907 4568 5.
946 4502 1192 4573 ηγνοηκὸς
1216 4510 1339 4572 post
1362 4497 1558 4556 δεικνύς
1581 4499 1882 4570 transponit
1907 4498 2070 4554 Cord.
2299 4518 2354 4571 9.
2390 4496 2573 4568 μῖσος]

189 4574 245 4631 -1-
276 4570 532 4641 ἐμίσησαν
558 4571 659 4627 Ed.
686 4572 855 4627 invito
882 4572 948 4626 E.
1618 4598 1624 4601 ·
