3238 5158
181 1020 223 1083 5

148 1745 224 1787 10

241 336 337 404 xi.
361 358 472 424 44.
623 341 733 406 IN
775 342 844 408 S.
878 342 920 408 J
927 342 1144 409 OAN.
1234 342 1596 416 LIBNII.
1689 343 2278 412 FRAGMENTA.
2526 342 2653 406 291

2666 423 2697 444 Q

245 506 746 610 σκηνοπηγίας
784 506 1118 589 διετύπου
1152 504 1288 608 τὴν
1321 506 1597 613 ἑορτήν·
1650 508 2067 613 έορτᾶσατε,
2106 510 2362 615 φησὶν,
2397 504 2652 606 αὐτὴν,

247 636 295 676 “
328 624 798 727 μνημόσυνον
834 631 1355 735 σαλπίγγων.”
1412 633 1991 736 συμπήγνυσθαι
2041 631 2185 736 γὰρ
2232 627 2656 731 μελλόντων

244 752 544 838 ἐσαῦθις
605 761 753 836 τῶν
807 756 1278 860 ἀνθρωπίνων
1341 756 1726 857 σωμάτων,
1781 762 1901 838 καὶ
1969 756 2105 858 τὴν
2162 756 2349 838 ἰδίαν
2404 753 2656 856 ὥσπερ

249 875 532 977 σκηνὴν
583 880 1209 986 παραληψομένης
1266 881 1447 962 ὅσον
1503 882 1782 964 οὐδέπω
1837 886 1964 983 τῆς
2016 880 2327 962 ἑκάστου
2379 882 2654 986 ψυχῆς,

249 1001 863 1109 προαναφωνήσει
912 1001 1287 1106 κε’λευσμα
1335 1004 1421 1087 τὸ
1477 1004 1908 1088 δεσποτικὸν
1957 1009 2074 1087 καὶ
2115 1003 2522 1110 προηχήσει
2571 998 2659 1084 τὸ

249 1127 382 1222 τῆς
416 1125 891 1212 ἀναστάσεως
925 1128 1287 1230 σύνθημα,
1313 1130 1662 1237 σάλπιγξ
1684 1136 1898 1229 Θεοῦ,
1928 1128 2112 1210 κατὰ
2148 1127 2232 1210 τὸ
2268 1128 2654 1231 εἰρημένον.

249 1252 352 1332 εἷς
399 1248 628 1331 τύπον
670 1251 798 1332 οὖν
837 1251 1121 1352 ταύτης,
1159 1255 1275 1334 ἐπὶ
1312 1252 1624 1362 Λαζάρῳ
1670 1255 1860 1355 με’γα
1914 1288 1987 1333 τι
2040 1255 2158 1333 καὶ
2212 1251 2657 1360 ἐξάκουστον

247 1370 586 1478 ἐφώνησε
621 1373 972 1478 Χριστὸς,
1010 1376 1097 1456 ού
1144 1375 1445 1484 σφόδρα
1490 1385 1621 1457 τοῦ
1672 1376 2030 1478 συνήθους
2070 1376 2499 1483 φροντίσας,
2538 1375 2657 1456 ἵνα

247 1502 400 1577 τῶν
435 1496 739 1580 ἔσεσθαι
769 1500 1394 1604 προσδοκωμένων
1427 1500 1747 1608 ἐπιδείξῃ
1781 1499 1911 1582 τὸν
1942 1500 2195 1583 τύπον.

364 1724 546 1801 Λὲι-ει
599 1724 822 1795 αὐτοῖς
874 1729 911 1796 ὀ
957 1727 1215 1797 Ἰησοῦς
1267 1729 1515 1798 Λύσατε
1570 1729 1771 1799 αὐτὸν
1827 1728 1934 1796 καὶ
1987 1729 2196 1820 ἄφετε
2250 1728 2542 1805 ὗσαι-ειν.

367 1876 770 1978 Χρησίμως
808 1877 933 1957 οὖν
970 1876 1088 1959 διὰ
1123 1885 1382 1983 χειρῶν
1417 1879 1690 1960 οἰκείων
1724 1878 2119 1987 ἐπέτρεψεν
2156 1878 2394 1962 αὐτοῖς
2431 1882 2661 1956 λῦσαι

2681 1287 2719 1333 0

2681 1738 2718 1783 Θ

2746 628 2872 708 MK:

2746 710 2888 746 xxm.
2914 707 2992 757 ²4·

2753 1149 2776 1185 1
2797 1133 2974 1186 Thess.

2746 1201 2816 1252 iv.
2840 1200 2918 1252 16.

253 1996 494 2098 αὐτὸν,
558 2001 675 2080 ἵνα
745 2002 1098 2101 μηδεμίαν
1159 2002 1387 2108 ἔχοιεν
1449 2003 1949 2109 συκοφαντίας
2020 2000 2387 2110 ἀφορμὴν,
2453 1999 2659 2081 ἀλλὰ
2766 2049 2771 2056 -

333 2211 382 2249 ι.
418 2181 662 2250 aim'mv
685 2194 902 2251 a.b.c.k.
928 2194 1094 2252 Cora.
1120 2195 1309 2266 ἐδήλου
1333 2215 1406 2253 m.
1432 2196 1623 2253 enam
1648 2197 1769 2253 eat.
1792 2197 1947 2253 Harl.
1966 2195 2072 2253 Ed.
2167 2195 2661 2268 eamme-‹mx-

251 2263 486 2340 πίγγων]
511 2267 771 2338 σάλπιγγι
793 2265 981 2335 ταύτην
1004 2265 1248 2336 ἐσήμαινε
1269 2285 1347 2323 m.
1492 2285 1543 2324 2.
1582 2267 1979 2356 συμπνήγεσθαι
1996 2267 2127 2336 (sic)
2143 2286 2218 2325 m.
2359 2284 2412 2339 3.
2449 2265 2680 2323 ἐσαῦθις·
2758 2323 2763 2330 ,

256 2354 369 2391 om.
390 2354 463 2391 m.
596 2355 649 2404 4.
673 2336 1123 2407 παραληψομένην
1145 2339 1202 2393 k.
1296 2340 1758 2410 παραληψομένων
1779 2345 1882 2394 τῶν
1903 2340 2098 2410 ψυχῶν
2121 2339 2189 2395 ὡς
2214 2339 2451 2408 σάλπιγξ
2472 2335 2664 2408 ήχήσει

255 2408 320 2461 τὸ
344 2407 655 2462 δεσποτικὸν
675 2410 941 2477 κε’λευσμα
963 2409 1047 2462 καὶ
1069 2409 1131 2462 τὸ
1154 2410 1246 2478 τῆς
1267 2409 1603 2466 ἀναστάσεως
1627 2409 1861 2498 κήρυγμα
1883 2411 1966 2464 καὶ
1990 2409 2176 2478 ταύτης
2199 2409 2271 2465 είς
2293 2407 2455 2464 τύπον
2476 2409 2666 2463 λοιπὸν

258 2478 346 2532 ἐπὶ
362 2477 445 2550 (7)
462 2496 537 2532 m.
666 2490 718 2550 7.
743 2477 999 2550 εἷς-ἐπὶ]
1022 2478 1094 2535 είς
1115 2478 1279 2534 τύπον
1303 2480 1387 2534 ἐπὶ
1411 2498 1458 2535 c.
1485 2478 1513 2534 ὃ
1538 2480 1612 2536 εἷς
1633 2503 1796 2536 τυπον
1819 2481 1904 2535 ἐπὶ
1927 2483 2000 2552 τῷ
2022 2479 2187 2535 Cord.
2312 2481 2365 2534 8.
2391 2480 2420 2532 ε’
2507 2476 2662 2549 νησε]

263 2558 317 2612 -1-
352 2551 382 2603 ὁ
409 2566 482 2604 m.
509 2546 675 2603 Cord.
704 2548 851 2604 deest
874 2550 933 2605 in
956 2567 1006 2605 c.
1346 2589 1360 2605 .
1393 2548 1599 2623 τύπον.]
1632 2552 1738 2607 Hic
1761 2553 1918 2622 plura
1942 2549 2093 2606 addit
2118 2549 2238 2607 Cat.
2266 2549 2401 2620 Reg.
2471 2566 2584 2605 vec.
2648 2589 2665 2606 .

255 2636 423 2690 supra
463 2620 555 2675 cit.
590 2620 706 2690 (fol.
737 2621 881 2691 128),
910 2638 1047 2693 quae
1083 2618 1252 2676 edidit
1354 2623 1403 2677 ai
1438 2640 1493 2693 p.
1519 2622 1618 2704 ¹3⁶
1650 2621 1794 2677 unde
1830 2630 1883 2676 et
1915 2622 1995 2676 Mi
2076 2639 2123 2677 e.
2202 2620 2356 2681 Quae
2392 2638 2563 2692 quum
2638 2659 2665 2676 ..

257 2689 445 2763 cyrini
467 2707 579 2745 non
604 2700 751 2755 sunt,
776 2708 876 2745 nec
899 2699 1080 2746 tamen
1103 2700 1376 2746 auctorem
1401 2693 1621 2763 repenti
1646 2693 1814 2763 potui,
1829 2692 1919 2747 hic
1943 2710 2007 2746 su
2041 2691 2228 2763 junxi:
2257 2690 2404 2746 Οὕτω
2428 2691 2491 2761 δή
2514 2711 2666 2754 τινες,

253 2760 342 2815 διὰ
375 2763 468 2815 τὸν
499 2762 668 2817 πάντα
702 2761 982 2831 δυνάμενον
1015 2766 1110 2816 τοῦ
1144 2761 1266 2817 θεοῦ
1300 2765 1466 2834 λόγον
1499 2767 1663 2832 πάντη
1698 2762 2140 2834 ἀπογνωσθέντες,
2173 2762 2258 2816 καὶ
2327 2763 2384 2818 ’ς
2418 2761 2475 2816 ἐν
2506 2763 2593 2831 ψν
2637 2764 2662 2778 ’“

257 2833 559 2901 νεκρότητος
591 2832 684 2901 τὴν
719 2832 980 2887 δυσωδίαν
1013 2834 1237 2904 ἔχοντες,
1274 2835 1359 2888 καὶ
1393 2834 1652 2890 οἷκοῦντες
1687 2838 1879 2905 νεκρῶν
1913 2830 2220 2902 οἰκητήριον,
2256 2832 2316 2886 ἐλ
2353 2834 2501 2888 όντος
2532 2782 2666 2900 *apg

254 2901 442 2959 αιἰτοῦς
463 2905 558 2957 τοῦ
579 2904 747 2974 λόγου
770 2901 1035 2968 ἀκούουσι,
1060 2904 1145 2957 καὶ
1168 2904 1475 2972 καθικνουμέ
1534 2926 1560 2960 ς
1582 2906 1740 2958 αὐτοῦ
1762 2907 1853 2974 τῆς
1876 2904 2136 2972 δυνάμεως
2158 2909 2259 2959 τῶν
2281 2903 2475 2990 ψυχῶν
2496 2902 2667 2957 αὐτῶν

255 2973 509 3044 λέγοντος
527 2976 695 3044 Δεῦρο
722 2973 842 3042 ἔξω,
868 2973 1167 3045 ἐξέρχονται
1191 2975 1269 3029 ἔτι
1285 2972 1513 3100 {xv-'plats
1561 2980 1665 3029 τῶν
1687 2980 1877 3044 νεκρῶν
1900 2975 2108 3041 δεσμῶν
2131 2974 2407 3041 δεδεμενοι·
2446 2971 2667 3041 ἐξῆλθεν

256 3045 360 3115 γάρ
391 3050 535 3131 φησι
571 3046 601 3097 6
636 3044 888 3113 τεθνηκὸς
922 3043 1206 3115 δεδεμένος·
1257 3068 1280 3100 ε
1302 3067 1365 3100 τα
1400 3048 1656 3115 παρόντος
1690 3048 1782 3098 τοῦ
1818 3045 1996 3114 Ἰησοῦ
2031 3046 2114 3099 καὶ
2148 3051 2251 3099 τῶν
2284 3042 2542 3112 μαθητῶν,
2578 3043 2664 3096 καὶ

255 3117 603 3172 κελευσαντος
625 3115 815 3181 αὐτοῖς,
836 3114 1028 3170 λύουσι
1051 3121 1154 3170 τῶν
1176 3119 1270 3170 τοῦ
1300 3120 1482 3186 νεκροῦ
1514 3111 1722 3184 δεσμῶν
1744 3117 1835 3170 τὸν
1857 3115 2137 3171 πεισθέντα
2172 3118 2245 3188 τῷ
2280 3115 2373 3185 υἱῷ
2412 3116 2505 3169 τοῦ
2540 3111 2664 3167 θεοῦ

256 3185 340 3240 καὶ
363 3186 639 3256 γενόμενον
655 3185 758 3252 ἔξω
780 3188 873 3239 τοῦ
895 3186 1158 3255 μνημείου·
1186 3189 1216 3240 6
1240 3187 1299 3241 δὲ
1320 3187 1498 3244 λυθεὶς
1519 3187 1728 3242 ἄπεισιν
1743 3184 2036 3256 ἐλεύθερος,
2056 3187 2139 3240 καὶ
2163 3188 2284 3255 ἑξῆς
2307 3184 2664 3240 συνανάκειται

255 3259 330 3328 τῷ
353 3254 548 3325 Ἰησοῦ·
584 3254 820 3310 τοιούτου
853 3258 1000 3347 τινὸςο
1024 3259 1284 3344 τάγματος
1319 3256 1592 3328 σύμβολον
1613 3254 1741 3313 εἶναι
1771 3280 1861 3329 μοι
1890 3258 2031 3313 δοκεῖ
2060 3260 2091 3311 6
2115 3258 2364 3345 Λάζαρος,
2389 3254 2538 3344 ὅστις
2566 3253 2663 3323 μέν
2695 3271 2701 3282 ·

253 3323 320 3395 ἥν
340 3327 444 3381 ἀπὸ
471 3325 722 3395 Βηθανίας
744 3328 838 3380 τοῦ
860 3328 953 3396 τῆς
976 3349 1200 3394 υπακοης
1223 3325 1383 3383 οἴκου·
1421 3326 1712 3399 ἠσθένησεν
1734 3328 1976 3398 ὕστερον,
2001 3328 2088 3382 καί
2117 3350 2198 3383 τοι
2224 3349 2287 3398 γε
2317 3348 2405 3381 οτε
2446 3325 2461 3345 ‘
2506 3345 2664 3379 ιαινεν

255 3398 421 3469 φίλος
453 3396 527 3451 ῶν
547 3400 641 3451 τοῦ
662 3395 857 3467 Ἰησοῦ·
893 3398 956 3452 οὗ
991 3399 1072 3452 δεῖ
1105 3396 1198 3453 οὖν
1223 3398 1600 3470 ἀπογινώσκειν
1631 3401 1717 3454 καὶ
1752 3402 1842 3455 τὸν
1869 3400 1925 3454 ἐν
1957 3399 2156 3471 ἐσχάτῃ
2193 3394 2341 3467 κακίᾳ
2374 3347 2661 3468 γιίίόγμενον·

255 3468 341 3523 καὶ
364 3466 446 3522 ὅτι
469 3469 631 3522 καλὸν
645 3468 744 3538 μέν
765 3469 826 3522 τὸ
847 3468 918 3539 μὴ
942 3467 1198 3523 ἀσθενεῖν·
1232 3469 1279 3523 εἷ
1302 3468 1363 3522 δέ
1383 3490 1461 3526 τις
1483 3469 1709 3533 ἀσθενεῖ,
1722 3470 1959 3542 εὐχέσθω
1983 3468 2065 3525 ἵνα
2088 3471 2158 3539 μὴ
2183 3468 2214 3539 ἦ
2237 3468 2479 3524 ἀσθένεια
2502 3467 2663 3521 αὐτοῦ

253 3540 388 3610 πρὸς
412 3538 632 3594 θάνατον
651 3537 875 3610 γένηται,
900 3537 1021 3593 ἀλλ’
1046 3538 1178 3609 ὑπὲρ
1213 3541 1305 3609 τῆς
1339 3540 1497 3609 δόξης
1531 3543 1625 3594 τοῦ
1661 3540 1800 3595 θεοῦ·
1847 3539 1880 3594 ὅ
1913 3563 1971 3595 τε
2006 3542 2152 3595 ἔστιν
2178 3540 2306 3594 Ζδεῖν
2327 3540 2418 3594 τὸν
2438 3536 2662 3592 ἀκολου·

255 3611 448 3664 θοῦντα
469 3612 544 3682 τῷ
565 3608 764 3679 Ἰησοῦ,
787 3610 902 3664 τίνα
923 3611 1118 3679 τρόπον
1140 3612 1169 3663 6
1192 3613 1424 3666 τοιοῦτος
1447 3610 1715 3701 ἐξέρχεται
1736 3612 1831 3681 μέν
1854 3611 1938 3665 διὰ
1961 3612 2054 3681 τὴν
2067 3610 2244 3681 Ἰησοῦ
2267 3607 2465 3682 φωνήν·
2501 3608 2578 3661 ἔτι
2602 3607 2661 3660 δὲ

257 3683 458 3751 σειραῖς
479 3688 583 3735 τῶν
606 3680 751 3734 ἶδίων
770 3677 1146 3750 ἁμαρτημάτων
1169 3681 1437 3750 δεδεμένος
1460 3682 1543 3736 καὶ
1567 3681 1903 3774 εσφιγμένος·
1945 3682 2029 3736 διὰ
2050 3683 2145 3750 μέν
2166 3682 2259 3751 τὴν
2281 3681 2554 3750 μετάνοιαν
2575 3678 2660 3732 καὶ

251 3752 317 3806 τὸ
340 3751 616 3821 ἀκηκοῆναι
645 3752 737 3819 τῆς
755 3748 933 3820 Ἰησοῦ
1047 3753 1152 3819 νῆς,
1178 3751 1293 3817 ζῶν·
1342 3752 1427 3806 διὰ
1463 3751 1521 3805 δέ
1556 3754 1616 3808 τὸ
1651 3775 1721 3821 μη
1758 3752 2119 3809 ἀπολελῦσθαι
2154 3758 2256 3806 τῶν
2287 3753 2378 3821 τῆς
2411 3748 2663 3819 ἁμαρτίας

255 3821 482 3890 δεσμῶν,
507 3821 636 3891 μηδὲ
658 3821 755 3891 ἤδη
780 3819 946 3877 δύνασ
979 3843 1033 3875 αι
1056 3821 1350 3892 ἐλευθέροις
1380 3822 1664 3886 ἐπιβαίνειν
1684 3825 1864 3887 ποσὶν,
1889 3823 2028 3877 ἀλλὰ
2059 3823 2186 3891 μηδέ
2218 3822 2444 3892 ἐνεργεῖν
2467 3818 2661 3873 ἀπολε·

251 3892 488 3961 λυμένως
509 3894 574 3946 τὰ
598 3891 929 3963 διαφέροντα,
953 3891 1224 3963 δεδεμένος
1244 3894 1337 3950 τὰς
1358 3895 1539 3964 χεῖρας
1562 3895 1647 3948 καὶ
1670 3894 1790 3951 τοὺς
1810 3893 1974 3949 πόδας
1997 3894 2210 3962 δεσμοῖς
2232 3897 2423 3963 νεκρῶν
2445 3889 2657 3959 κηρίοις·

255 3963 342 4017 καὶ
377 3963 464 4017 διὰ
496 3961 685 4018 ταύτας
720 3963 815 4032 τὴν
844 3961 975 4034 ὄψιν
999 3966 1063 4032 τῇ
1101 3963 1282 4053 ἀγνοίίι
1319 3963 1714 4034 κεκαλυμμένος·
1753 3965 1838 4019 διὰ
1862 3964 1918 4018 δέ
1943 3964 2035 4033 τὴν
2055 3965 2345 4032 πρόσταξιν
2365 3963 2459 4016 τοῦ
2481 3958 2659 4029 Ἰησοῦ

254 4033 435 4091 λυθεὶς
457 4033 541 4087 καὶ
580 4031 596 4053 ’
673 4031 797 4097 θεὶς,
819 4031 1092 4104 πορεύεται
1118 4055 1358 4104 τοιαυτην
1379 4036 1609 4103 πορείαν,
1638 4036 1777 4090 ὥστε
1806 4034 2012 4106 φθάσαι
2043 4035 2200 4088 αὐτὸν
2222 4032 2308 4088 ἐπὶ
2342 4034 2415 4104 τῷ
2450 4029 2539 4085 ἕνα
2574 4030 2660 4084 καὶ

256 4104 414 4159 αῦτὸν
435 4103 594 4175 γενέσ
628 4124 682 4157 αι
713 4109 816 4159 τῶν
839 4104 1276 4174 συνανακειμένων
1299 4105 1436 4177 αὐτῷ
1458 4104 1655 4175 Ἰησοῦ·
1691 4106 1801 4160 τίσι
1832 4104 1889 4159 δὲ
1919 4101 2065 4159 λύειν
2085 4104 2241 4159 αὐτὸν
2264 4099 2571 4172 ἐπέτρεψεν,
2595 4099 2659 4154 οὔ

255 4173 564 4246 γέγραπται·
601 4170 633 4243 ἢ
657 4177 767 4231 τοῖς
787 4174 1053 4244 μαθηταῖς,
1077 4174 1108 4244 ἡ
1131 4178 1242 4231 τοῖς
1266 4176 1788 4245 συνακολουθήσασιν
1811 4175 2072 4238 ἷουδαίοις,
2096 4173 2126 4244 ἢ
2157 4174 2241 4228 καὶ
2260 4171 2506 4245 ἀγγέλοις
2527 4169 2659 4227 ἴσως

255 4248 366 4302 τοῖς
401 4244 810 4314 διακονουμένοις
843 4245 982 4318 αὐτῷ
1016 4247 1149 4314 πρὸς
1181 4243 1274 4315 τὴν
1302 4250 1406 4301 τῶν
1436 4247 1721 4318 ἀνθρώπων
1747 4244 2025 4315 σωτηρίαν·
2062 4246 2145 4299 καὶ
2179 4244 2297 4300 ἔστι
2330 4265 2394 4313 γε
2430 4242 2660 4297 συνιδεῖν

256 4315 691 4384 ἀποθνησκόντων
714 4315 797 4369 δια
874 4315 987 4385 ρὸν,
1011 4322 1114 4370 τῶν
1135 4316 1230 4385 μέν
1250 4315 1368 4387 μηδ’
1394 4316 1531 4375 ὅλως
1553 4317 1797 4385 ἐξιόντων
1818 4320 1911 4371 τοῦ
1935 4313 2096 4379 οἴκου,
2120 4316 2187 4371 ὥς
2219 4315 2305 4370 ἐπὶ
2326 4315 2418 4382 τῆς
2437 4311 2657 4381 Ἰαείρου

424 4387 535 4457 ρὸς,
560 4390 663 4441 τῶν
683 4384 740 4440 δέ
829 4408 859 4454 η
884 4385 1137 4441 ἀπιόντων
1160 4386 1246 4442 ἐπὶ
1268 4389 1330 4442 τὸ
1351 4391 1540 4459 μνῆμα,
1565 4388 1635 4443 ὣς
1658 4388 1744 4441 ἐπὶ
1765 4389 1858 4443 τοῦ
1882 4387 1995 4441 υἱοῦ
2027 4389 2117 4456 τῆς
2148 4385 2326 4457 χήρας·
2364 4389 2468 4439 τῶν
2490 4384 2549 4437 δὲ
2571 4381 2657 4437 καὶ

256 4479 289 4511 τ
349 4457 509 4512 ε’ντων
531 4456 588 4511 ἐν
609 4459 681 4528 τῷ
701 4456 930 4544 μνημείῳ
953 4456 1037 4510 καὶ
1061 4457 1156 4527 ἤδη
1181 4460 1509 4528 σεσηπότων·
1559 4459 1733 4525 ἄθλιοι
1769 4458 1827 4512 δέ
1860 4457 2001 4527 παρὰ
2035 4456 2235 4512 τούτοις
2269 4456 2318 4508 οἱ
2354 4454 2438 4508 ἐπὶ
2473 4455 2658 4509 πλεῖον

256 4526 664 4599 ἐμβραδύνοντες
687 4548 742 4581 εν
762 4530 872 4582 τοῖς
893 4526 1172 4597 μνήμασιν.
1515 4545 1598 4584 10.
1636 4527 1788 4601 Λέγει
1810 4528 1947 4601 αὐτῷ
1973 4530 2002 4581 6
2024 4527 2229 4602 Ἰησοῦς
2252 4523 2433 4581 addidi
2456 4541 2525 4578 ex
2545 4523 2654 4583 mk·

262 4616 286 4654 1
301 4614 346 4654 ι.
383 4597 630 4654 ἐκέλευσε
653 4613 751 4668 pro
775 4595 1065 4667 ἐπέτρεψεν
1086 4599 1259 4655 αῦτοῖς
1282 4616 1357 4653 m.
1930 4608 1939 4613 “

1368 4699 1546 4769 ppz
