3238 5158
209 358 513 449 ¹·2ss·30·
582 362 687 427 IN
734 362 1097 429 S.JOAN.
1188 362 1554 428 LIB.VII.
1643 359 2235 426 FRAGMENTA.
2454 358 2585 422 253

209 531 248 569 “
278 524 570 628 τρώγων
630 562 771 627 μου
834 528 966 630 τὴν
1030 525 1273 636 σοῖρκα
1339 530 1456 609 καὶ
1521 527 1751 610 πίνων
1814 560 1957 627 μου
2029 524 2117 607 τὸ
2187 522 2367 625 αἷμα
2438 522 2583 629 ἕχει

211 658 247 694 “
275 646 448 750 ζωὴν
500 652 845 735 αἶῶνιον.”

2606 760 2650 825 b

211 881 312 949 Καὶ
362 885 436 950 οὐ
484 886 572 964 μή
621 889 888 979 ἁρπάσῃ
934 912 1031 955 τις
1085 888 1249 955 αὐτὰ
1304 889 1377 955 ὲκ
1429 893 1548 955 τῆς
1602 890 1817 979 χειρός
1870 911 2016 966 μου.
2084 887 2121 953 5
2175 884 2402 972 Πατήρ
2456 905 2580 959 μου
2611 900 2686 958 29

293 1012 364 1077 ὃς
399 1010 650 1080 δέδωκέ
687 1037 797 1091 μοι
834 1015 1103 1081 πάντων
1132 1015 1364 1106 μείζων
1391 1014 1547 1095 ἐστὶ,
1574 1016 1680 1081 καὶ
1717 1014 1931 1081 οὐδεὶς
1969 1012 2236 1080 δύναται
2272 1011 2579 1101 ἁρπάζειν

153 1130 184 1191 5
293 1140 365 1206 ὲκ
415 1148 534 1210 τῆς
589 1145 804 1234 χειρὸς
862 1150 976 1212 τοῦ
1031 1145 1290 1233 Πατρός.
1347 1166 1493 1222 μου.
1578 1144 1712 1221 {es-<b
1775 1143 1881 1209 καὶ
1941 1144 1979 1210 ὁ
2032 1142 2262 1230 Πατήρ
2326 1163 2450 1217 μου
2506 1141 2577 1205 ἓν
2608 1148 2686 1206 30

293 1266 508 1345 ἐσμεν.

304 1436 400 1512 Οἱ
457 1434 712 1513 πιστοὶ
771 1436 885 1512 καὶ
946 1429 1078 1530 τὴν
1132 1431 1539 1534 ἐπικουρίαν
1594 1430 1845 1535 ἔχουσι
1906 1438 2035 1511 τοῦ
2091 1435 2444 1533 Χριστοῦ,
2500 1432 2585 1509 οὐ

204 1557 581 1653 δυναμένου
627 1564 757 1637 τοῦ
817 1555 1167 1650 διαβόλου
1222 1556 1547 1664 ἁρπάζειν
1602 1554 1883 1638 αὐτούς·
1964 1556 2119 1655 ἤτοι
2180 1559 2246 1634 οὶ
2303 1554 2585 1658 ἔχοντες

203 1678 754 1761 ἀκατάπαυστον
809 1686 954 1759 τῶν
1008 1683 1305 1781 ἀγαθῶν
1359 1679 1796 1777 ἀπόλαυσιν,
1850 1678 2191 1779 με’νουσιν
2244 1680 2318 1758 ἐν
2370 1679 2584 1784 αὐτῷ,

123 1831 184 1871 10
204 1804 324 1907 οὐχ
374 1804 814 1908 ἁρπάζοντος
870 1801 1124 1887 αὐτοὺς
1178 1804 1282 1884 ἔτι
1336 1800 1525 1886 τινὸς
1578 1801 1724 1883 ἀπὸ
1779 1807 1906 1902 τῆς
1962 1804 2294 1904 δοθείσης
2349 1804 2586 1887 αὐτοῖς

203 1927 518 2026 εὐθυμίας
575 1935 674 2012 εἷς
728 1928 1074 2031 τιμωρίαν
1126 1923 1174 2028 ἢ
1228 1929 1625 2023 βασάνους.
1726 1928 1810 2008 οὐ
1864 1927 2010 2031 γὰρ
2065 1926 2368 2008 δυνατὸν
2420 1923 2587 2011 τοῦς

204 2048 398 2134 ὄντας
458 2056 535 2133 ἐν
592 2058 683 2157 τῇ
743 2060 872 2132 τοῦ
927 2057 1258 2154 Χριστοῦ
1313 2055 1514 2156 χειρὶ,
1570 2053 1981 2156 ἆρπαγῆναι
2041 2058 2138 2137 εἷς
2201 2049 2285 2131 τὸ
2350 2062 2579 2132 κολα-

203 2181 475 2276 σθῆναι,
511 2174 631 2258 διὰ
676 2175 762 2258 τὸ
809 2176 1001 2278 ἄγαν
1040 2175 1313 2280 ἶσχύειν
1348 2173 1476 2255 τὸν
1511 2174 1865 2279 Χριστόν·
1929 2177 1976 2277 ἡ
2012 2175 2157 2279 γὰρ
2191 2180 2344 2281 χεὶρ
2380 2180 2457 2256 ἐν
2491 2182 2584 2280 τῇ

205 2300 346 2407 θείᾳ
389 2307 665 2409 γραφῇ,
698 2299 831 2399 τὴν
863 2298 1161 2400 δύναμιν
1197 2303 1432 2398 δηλοῖ·
1495 2299 1605 2379 ὅτι
1654 2301 1783 2400 μὲν
1820 2301 1946 2380 οὖν
1983 2301 2309 2400 ἀνίκητος
2361 2301 2401 2400 ἦ
2454 2308 2583 2379 τοῦ

124 2447 184 2507 ¹5
205 2427 522 2527 Χριστοῦ
570 2429 728 2528 χεὶρ
777 2427 891 2503 καὶ
942 2430 1039 2507 εἷς
1085 2423 1324 2504 πάντα
1371 2422 1756 2528 ἰσχύουσα,
1793 2426 2327 2532 ἆναμφίβολον.
2408 2423 2581 2504 ἀλλ’
2605 2463 2643 2505 ο

204 2549 472 2654 ἐπείπερ
528 2548 719 2651 ἑώρα
772 2584 936 2634 τους
990 2549 1373 2632 ΗΙουδαιους
1432 2555 1980 2650 καταγελῶντας
2035 2552 2251 2630 αὑτοῦ
2307 2552 2404 2633 ὡς
2460 2551 2584 2629 ἆν-

205 2673 482 2775 θρῶπου
529 2680 788 2782 ψιλοῦ,
825 2672 925 2772 μὴ
977 2680 1313 2756 νοοῦντας
1364 2707 1472 2752 οτι
1524 2671 1744 2779 φυσει
1783 2672 2059 2758 Θεὸς’
2014 2709 2104 2775 ην
2140 2675 2181 2752 5
2231 2674 2584 2775 ὁρώμενος

205 2801 312 2877 καὶ
344 2796 895 2906 ψηλαφωμενος
932 2797 1327 2899 ἄνθρωπος,
1364 2798 1633 2877 πείθων
1667 2794 1922 2880 αὐτους
1966 2831 2077 2877 οτι
2125 2794 2336 2881 αὐτός
2386 2799 2588 2877 ἐστιν

204 2920 245 3018 ἡ
296 2933 417 3004 τοῦ
476 2920 774 3026 Πατρος
827 2922 1140 3020 δύναμις,
1191 2919 1535 3028 φησὶν,“
1496 2955 1604 3000 οτι
1663 2917 1867 3005 οὐδεις
1924 2920 2220 3027 ἁρπάσει
2275 2920 2419 3002 ἀπο
2475 2959 2587 3014 της

124 3073 185 3118 20
205 3046 407 3155 χειρὶς
444 3050 564 3128 τοῦ
601 3048 863 3154 Πατρὸς
901 3083 1056 3153 μου,
1093 3045 1465 3125 τουτέστιν
1501 3048 1694 3143 ἐμοῦ.
1762 3045 2014 3125 ἑαυτὸν
2051 3044 2194 3148 γάρ
2232 3053 2424 3152 φησι
2458 3046 2590 3147 τὴν

205 3171 747 3271 παντοδύναμον
818 3178 948 3251 τοῦ
1017 3166 1308 3272 Πατρὸς
1384 3166 1647 3275 δεξιάν·
1734 3173 1831 3253 ὡς
1904 3172 1989 3250 δι’
2059 3173 2274 3249 αὐτοῦ
2351 3169 2590 3251 πάντα

205 3296 653 3399 ἐνεργοῦντος
706 3302 835 3376 τοῦ
895 3292 1215 3397 Πατρός·
1287 3295 1383 3376 ὡς
1438 3298 1554 3373 καὶ
1611 3293 1726 3373 διὰ
1782 3298 1910 3393 τῆς
1963 3294 2302 3399 ἡμετέρας
2357 3293 2593 3401 χειρὸς

206 3417 290 3498 τὰ
337 3419 511 3526 παρ’
569 3421 772 3519 ἡμῶν
823 3418 1307 3520 ἐνεργούμενα.
1402 3420 1478 3496 ἐν
1530 3425 1841 3503 πολλοῖς
1905 3419 2049 3522 γὰρ
2113 3424 2241 3519 τῆς
2304 3425 2592 3526 γραφῆς
2619 3444 2663 3511 d

204 3544 460 3644 τόποις,
513 3546 553 3624 5
611 3543 937 3645 Χριστὸς
989 3545 1142 3647 χεὶρ
1196 3539 1611 3644 ὀνομάζεται
1667 3545 1783 3621 καὶ
1843 3543 2043 3650 δεξιὰ
2097 3552 2226 3624 τοῦ
2277 3543 2590 3646 Πατρός·

126 3686 185 3747 ²5
207 3665 372 3771 ὅπερ
436 3667 777 3768 σημαίνει
840 3665 974 3766 τὴν
1040 3665 1362 3762 δύναμιν·
1451 3670 1567 3745 καὶ
1631 3668 1888 3751 ἁπλῶς
1950 3671 2104 3772 χεὶρ
2179 3667 2596 3771 ὀνομάζεται

208 3796 388 3874 Θεοῦ
439 3794 488 3893 ἡ
538 3788 1026 3893 παντουργικὴ
1077 3792 1387 3892 ἐνέργεια
1436 3792 1552 3868 καὶ
1603 3791 1836 3895 ἰσχύς.
1918 3793 2221 3889 ἀμείνων
2256 3791 2399 3895 γάρ
2441 3826 2598 3875 πως

207 3916 301 3995 ἀεὶ
335 3919 762 4018 σωματικῆς
799 3915 1208 4022 φαντασίας
1256 3914 1296 3992 5
1343 3915 1504 4017 περὶ
1543 3918 1735 3994 Θεοῦ
1774 3913 2014 4017 λόγος.
2094 3913 2381 4018 λέγεται
2430 3913 2506 3994 δὲ
2554 3916 2595 3994 5

273 4196 322 4250 3,
344 4200 398 4248 4.
436 4177 798 4268 Καὶ-μείζων
820 4176 938 4231 ἐστὶ
961 4185 1238 4266 assumpta
1261 4194 1327 4231 ex
1349 4176 1403 4230 k.
1428 4175 1641 4231 favente
1666 4194 1715 4231 8.
1991 4177 2249 4233 .δῦναται
2272 4177 2517 4250 ἁρπάζειν
2539 4179 2599 4234 k.

207 4246 424 4318 ἁρπάσει
439 4250 545 4305 Ed.
691 4263 744 4316 5.
770 4248 900 4338 ‘³⁶75‘
898 4245 980 4301 καὶ
1003 4250 1034 4301 ὁ
1058 4246 1238 4317 Πατῆρ
1260 4269 1360 4315 μου
1383 4246 1441 4301 ἕν
1463 4248 1625 4316 ἐσμεν
1640 4256 1918 4336 assumpta
1939 4266 2004 4302 ex
2029 4267 2076 4303 a.
2081 4250 2138 4303 k.
2282 4252 2334 4304 8.
2359 4248 2594 4331 ἔχοντες]

214 4325 269 4383 -1-
297 4322 385 4390 ι-ὴν
411 4323 469 4376 k.
685 4335 739 4389 9.
776 4340 903 4408 αὐτη
878 4317 1074 4372 haud
1100 4320 1235 4373 male
1258 4319 1366 4373 a.k.
1607 4334 1691 4372 11.
1728 4339 1977 4386 τιμωριιιν
1999 4321 2054 4374 k.
2081 4329 2134 4375 et
2160 4320 2212 4391 (e
2236 4320 2318 4375 sil.
2324 4319 2345 4389 )
2372 4338 2420 4374 8.
2446 4330 2499 4375 et
2523 4321 2601 4374 ito.

209 4394 432 4447 correxit
456 4390 603 4445 Aub.
626 4409 873 4458 τιμωριας
810 4340 1018 4443 mnCat.
1048 4387 1202 4443 Harl.
1513 4390 1595 4441 ,ὁ
1619 4406 1727 4442 om.
1752 4388 1900 4443 Aub.
2142 4408 2224 4463 19.
2260 4391 2486 4461 ἁρπάσει
2511 4408 2599 4444 as-

212 4471 479 4532 sumptum
504 4480 571 4516 ex
596 4478 646 4515 8.
649 4461 708 4515 k.
923 4474 1009 4514 20.
1046 4481 1147 4528 μου
1170 4476 1279 4514 om.
1303 4477 1335 4513 8
1337 4460 1412 4514 ..k
1488 4458 1582 4512 .in
1608 4458 1685 4512 xii
1708 4458 1907 4530 Proph.
1936 4472 2036 4533 792
2058 4479 2106 4518 c.
2316 4479 2508 4528 22·²4·
2546 4461 2600 4514 A

209 4535 412 4658 {mi
431 4529 1074 4670 ἰξῗ.“ἔέιὸξῗζὶ“ἒί.ξ.
1096 4577 1258 4669 a...
1345 4546 1432 4601 ²³
1469 4528 1848 4601 ⁶³¹''⁰⁷‘¹''²
2123 4548 2217 4600 ²⁴
2246 4532 2601 4603 ΨΜ*
