3238 5158
242 316 377 383 xiii.
406 319 508 399 26,
536 336 637 404 27.
824 321 938 385 IN
999 322 1065 387 S.
1116 321 1630 387 JOANNEM.
1722 321 1912 386 LIB.
1960 322 2080 386 IX.
2516 320 2645 383 367

245 486 598 584 Χριστοῦ,
635 483 821 565 κατὰ
861 483 995 585 τὴν
1031 487 1250 565 αὐτοῦ
1289 484 1540 591 φωνήν
1581 495 1626 531 “
1653 484 2013 584 Τεθέαμαι
2060 483 2204 585 γὰρ
2254 480 2387 583 τὴν
2423 480 2648 589 δόξαν
2738 492 2906 618 {212²

244 614 290 652 ‘⁶
324 606 565 706 αὑτοῦ,
606 612 818 716 φησὶ,
856 607 1164 715 δόξαν’
1119 644 1216 694 ως
1255 615 1722 710 Μονογενοῦς
1770 607 1970 713 παρὰ
2009 604 2324 711 Πατρος,
2361 607 2649 710 πλήρης

246 738 290 807 ‘‚‘
320 727 615 834 χάριτος
689 736 808 812 καὶ
881 732 1290 834 ἀληθείας.”
1387 734 1472 813 οὐ
1534 731 1683 836 γὰρ
1747 732 1837 833 δὴ
1902 740 2051 816 τοῖς
2114 739 2245 812 τοῦ
2310 730 2652 827 σώματος

245 853 659 958 ὀφθαλμοῖς
731 856 1140 958 ἐπαθρήσαι
1213 891 1321 941 τις
1395 854 1485 936 ἂν
1550 856 1684 956 τὴν
1758 855 1898 962 ὅλῃ
1973 855 2205 937 κτίσει
2275 858 2654 937 παντελῶς

180 991 218 1052 5
247 976 549 1059 ἀθέατον
585 978 841 1087 φύσιν.
923 982 1007 1061 οὐ
1043 978 1188 1084 γὰρ
1226 991 1272 1029 “
1296 980 1570 1084 ἑώρακέ
1596 1014 1705 1064 τις
1742 978 1871 1060 τὸν
1911 978 2271 1083 Πατέρα,”
2300 976 2488 1059 κατὰ
2522 975 2656 1077 τὴν
2745 970 2923 1098 23⁹4}

245 1108 376 1181 τοῦ
404 1106 743 1206 Σωτῆρος
779 1103 1053 1209 φωνὴν,
1079 1115 1121 1153 “
1135 1110 1194 1184 εἰ
1226 1102 1329 1203 μὴ
1366 1105 1407 1183 ὁ
1443 1101 1543 1184 ὢν
1578 1102 1779 1206 παρὰ
1813 1111 1941 1183 τοῦ
1978 1102 2235 1184 Θεοῦ·”
2280 1101 2657 1183 τουτέστιν
2679 1109 2723 1172 b

248 1226 289 1304 ὁ
330 1224 534 1311 Υἱός·
604 1237 649 1276 “
685 1227 896 1312 οὗτος
950 1227 1219 1331 ἑώρακε
1273 1226 1402 1308 τὸν
1440 1224 1804 1330 Πατέρα.”
1881 1234 2029 1313 τοῖς
2082 1224 2315 1330 γεμὴν
2365 1229 2657 1326 κηλῖδος

248 1351 377 1450 τῆς
430 1354 784 1451 κοσμικῆς
849 1355 967 1432 καὶ
1018 1351 1405 1459 φροντίδος
1463 1350 1748 1449 εἰκαίας,
1804 1354 1931 1450 τῆς
1985 1353 2063 1431 ἐν
2116 1353 2299 1457 τῷδε
2358 1355 2463 1458 τῷ
2517 1348 2659 1456 βίῳ

250 1478 463 1579 φημὶ,
496 1472 625 1554 τὸν
669 1482 840 1555 νοῦν
884 1474 1178 1580 ἔχουσιν
1222 1473 1817 1577 ἀπηλλαγμένον,
1855 1471 1974 1553 διὰ
2023 1477 2295 1573 λεπτῆς
2345 1473 2488 1575 ἄρα
2544 1474 2660 1553 καὶ

138 1619 224 1664 10
249 1595 442 1702 τάχα
488 1601 617 1698 τῆς
667 1600 844 1701 ὖπέρ
892 1606 1061 1677 νοῦν
1097 1599 1393 1700 θεωρίας
1436 1596 1571 1699 τὴν
1607 1598 1868 1677 οἰκείαν
1905 1594 2130 1704 δόξαν
2163 1597 2661 1678 ἀποκαλύπτει

251 1719 603 1824 Χριστὸς,
659 1719 931 1806 δεικνὺς
992 1724 1069 1801 ἐν
1129 1723 1311 1827 αὐτῇ
1376 1723 1491 1802 καὶ
1550 1719 1684 1821 τὴν
1711 1730 1867 1809 -τοῦ
1924 1719 2244 1824 Πατρός.
2339 1719 2458 1802 διὰ
2515 1719 2659 1824 γὰρ

249 1851 468 1925 τοῦτο
505 1845 825 1954 ἔφασκεν
859 1856 905 1894 “
931 1847 1031 1926 Ὁ
1065 1844 1395 1950 ἑωρακὼς
1430 1842 1554 1944 ἐμὲ
1589 1844 1855 1957 ἑώρακε
1896 1844 2026 1925 τὸν
2064 1844 2431 1950 Πατέρα.”
2748 1840 2894 1890 Infra

2747 1906 2851 1956 xiv.
2870 1920 2920 1972 9.

258 2119 490 2204 Βάψαο
544 2117 659 2188 οὖν
711 2121 788 2189 τὸ
839 2120 1102 2202 ψωμίον
1157 2121 1424 2190 δίδωσιν
1462 2121 1683 2215 Ἰούδᾳ
1737 2121 2039 2201 Σίμωνος
2082 2121 2497 2214 Ἰσκαριώτῃ,
2548 2122 2655 2188 καὶ
2685 2135 2757 2198 27

507 2247 672 2325 μετὰ
724 2245 801 2314 τὸ
852 2246 1116 2328 ψωμίον
1169 2245 1468 2316 εἰσῆλθεν
1521 2245 1617 2314 εἰς
1668 2243 1922 2315 ἐκεῖνον
1977 2248 2015 2315 ὁ
2070 2253 2382 2319 σατανᾶε.
2681 2224 2717 2267 ⁰

143 2430 226 2493 15
361 2417 952 2521 Ἐναργέοτατον
1009 2417 1144 2520 μὲν
1200 2426 1351 2504 τοῖς
1405 2419 1661 2499 ἑαυτοῦ
1717 2425 2073 2520 μαθηταῖς
2129 2418 2215 2500 τὸ
2275 2428 2405 2500 τοῦ
2463 2454 2651 2522 προ-

250 2538 570 2628 διδόντος
625 2551 927 2645 σημεῖον
974 2543 1239 2652 ἔδειξεν
1289 2545 1329 2624 ὅ
1383 2542 1666 2648 Σωτήρ.
1744 2537 2025 2653 βάψας
2084 2542 2227 2648 γὰρ
2281 2543 2654 2625 ἐπιδέδωκε

252 2664 326 2749 τό
374 2661 674 2775 ψωμίον,
710 2666 840 2749 τὸν
882 2669 1223 2749 ἐσθίοντα
1270 2667 1400 2749 τὸν
1438 2668 1663 2772 ἄρτον
1698 2670 1916 2749 αὑτοῦ
1967 2667 2087 2747 διὰ
2134 2667 2391 2749 τούτου
2441 2675 2647 2749 καθι·

253 2790 441 2875 οτᾶς
476 2794 783 2898 ἐμφανῆ,
821 2794 939 2872 καὶ
974 2789 1103 2872 τὸν
1138 2791 1449 2895 ἐπαίρειν
1480 2789 1857 2891 μέλλοντα
1890 2789 2024 2892 τὴν
2059 2791 2371 2894 πτέρναν
2406 2792 2650 2874 αὐτοῦ.

251 2912 382 2994 τὸν
436 2913 663 3017 γεμὴν
718 2920 845 3017 τῆς
909 2920 1007 3000 εἰς
1062 2911 1390 3019 Χριστὸν
1446 2915 1880 3011 δυσσεβείας
1932 2949 2008 2995 τε
2064 2915 2183 2994 καὶ
2241 2916 2658 3022 μιαιφονίας

147 3081 232 3125 20
254 3035 568 3142 ἡγεμόνα
616 3042 734 3118 καὶ
782 3038 1158 3143 πρύτανιν,
1218 3042 1335 3119 καὶ
1384 3045 1530 3120 τῶν
1585 3038 1782 3119 ὅλων
1837 3036 2436 3139 κατασκευαστὴν
2492 3044 2649 3118 εἰσ·

252 3161 735 3263 πεπηδηκέναι
771 3162 1004 3268 φησὶν
1042 3164 1084 3243 ὁ
1127 3162 1562 3268 σοφώτατος
1601 3160 2158 3265 Εὖαγγελιστὴς
2210 3168 2307 3247 εἰς
2356 3159 2491 3261 τὴν
2528 3169 2657 3242 τοῦ
2680 3177 2726 3243 d

251 3285 614 3391 προδότου
664 3286 983 3390 καρδίαν,
1019 3291 1137 3368 καὶ
1188 3286 1364 3368 ὅλον
1406 3288 1484 3367 ἐν
1531 3287 1726 3394 αὐτῷ
1778 3285 2116 3388 γενέσθαι
2165 3284 2294 3366 τὸν
2329 3292 2659 3366 σατανᾶν

253 3409 439 3511 μετὰ
492 3408 627 3510 τὴν
674 3410 1001 3492 ἐπίδοσιν
1054 3419 1182 3491 τοῦ
1234 3411 1555 3514 ψωμίου.
1640 3410 1758 3490 καὶ
1810 3408 2023 3511 μήτις
2077 3410 2340 3490 οἰέσθω
2393 3405 2653 3508 πάλιν,

254 3542 388 3616 τοῦ
437 3535 765 3641 δεδέχθαι
811 3533 941 3614 τὸν
983 3540 1310 3615 σατανᾶν
1347 3534 1422 3615 τὶ
1471 3527 1748 3642 ψωμίον
1785 3539 1889 3643 τῷ
1943 3530 2265 3639 προδότῃ
2318 3533 2660 3638 γενέσθαι

152 3691 233 3755 25
256 3660 660 3763 παραίτιον.
741 3658 826 3739 οὐ
865 3656 1007 3762 γὰρ
1047 3663 1144 3742 εἰς
1181 3666 1534 3739 τοσοῦτον
1570 3656 2038 3765 ἀποπληξίας
2072 3658 2342 3766 ἥξομεν
2375 3658 2659 3763 μέτρον,

258 3783 433 3863 ἀλλ’
473 3779 636 3863 οὐδὲ
677 3785 807 3882 τῆς
851 3781 1311 3883 καθηκούσης
1347 3782 1593 3887 ἔρημοι
1630 3777 2006 3885 γεγονότες
2043 3780 2334 3889 φρενὸς,
2375 3781 2662 3861 εἰσόδου

258 3903 639 4014 πρόφασιν
676 3905 1019 3986 δεδόσθαι
1067 3911 1171 4015 τῷ
1220 3909 1517 4013 πονηρῷ
1566 3900 1701 4004 τὴν
1747 3905 2087 4008 εὐλογίαν
2131 3903 2658 4006 ὑπονοήσομεν,

257 4034 481 4112 ἐκεῖνο
535 4028 611 4111 δὲ
673 4037 969 4131 μᾶλλον
1021 4033 1315 4134 ἐροῦμεν
1370 4030 1500 4109 οὐκ
1563 4027 1708 4135 ἔξω
1773 4031 1901 4127 τῆς
1963 4027 2306 4128 ἀληθείας
2367 4063 2495 4109 τον
2550 4029 2659 4109 επ’

259 4154 456 4262 αὐτῷ
508 4152 985 4239 καθιστάντες
1038 4153 1266 4256 λόγον
1309 4150 1607 4253 Ἐπειδὴ
1666 4149 1812 4255 γὰρ
1868 4150 2161 4252 ἁπάσης
2216 4148 2502 4255 ἀγάπης
2565 4157 2664 4238 εἰς

337 4357 423 4411 19.
458 4362 518 4395 τε
540 4349 882 4411 assumptum
906 4356 972 4394 ex
998 4336 1065 4394 E.
1244 4355 1329 4395 2ο.
1364 4335 1531 4410 ὅλων]
1563 4343 1623 4402 -Ι-
1653 4343 1821 4393 mii»
1844 4336 1923 4393 Μ
2236 4353 2324 4393 22.
2360 4359 2390 4392 κ
2458 4338 2572 4396 δίας
2595 4337 2665 4392 Ε.

259 4412 462 4467 aaroni
485 4407 553 4468 Ε.
659 4427 729 4502 24
694 4429 748 4479 4.
785 4412 987 4467 aaran&
1012 4409 1079 4465 Ε.
1172 4411 1499 4535 ὧπροδότῃ
1522 4409 1770 4481 γενέσθω
1791 4429 1931 4479 παρα
1951 4430 2063 4464 τιον
2004 4355 2190 4463 ⁸’hoe
2213 4407 2402 4465 ordine
2479 4407 2668 4464 .Cntt.

1486 4493 1575 4553 25.
1609 4479 1976 4551 παραπληξίας
1999 4496 2049 4536 c.
2074 4477 2240 4536 Cord.
2458 4492 2547 4552 27.
2586 4477 2664 4533 δί-
