3238 5158
255 345 380 410 viii.
407 363 508 431 50.
829 349 946 413 IN
1007 350 2072 462 S.JOANNEM..L1B.V1.
2526 349 2646 411 111

253 511 428 615 τιμῶ
458 550 561 593 τον
600 510 895 621 Πατέρα,
932 518 1061 614 τῆς
1095 514 1278 617 πρὸς
1316 514 1534 595 αὐτὸν
1570 515 1995 614 οἰκειότητος
2043 514 2185 621 ἔξω
2235 514 2449 597 τιθεις
2484 510 2649 595 τοὺς

253 635 353 713 ἐπ’
414 634 703 742 ἀκράτῳ
773 637 1086 745 πονηρία
1150 639 1800 741 κατεγνωσμένους,
1866 642 2048 742 ὑμεῖς
2115 636 2190 717 δὲ
2254 638 2369 715 καὶ
2434 643 2649 714 τοῦτο

253 766 586 839 ποιοῦντα
637 756 868 841 πάλιν
913 762 1309 871 ἀτιμάζετε,
1360 763 1479 842 καὶ
1531 768 1681 845 τοῖς
1733 762 2045 846 ἐπαίνοις
2097 766 2250 844 τοῖς
2301 760 2466 859 περὶ
2519 765 2651 838 τοῦ
2743 803 2758 813 ν

254 880 540 985 Πατρὸς
578 884 1165 985 ἐπισκήπτοντες,
1202 886 1320 965 ἵνα
1355 883 1457 984 μὴ
1493 882 1718 982 μόνον
1752 890 1851 969 εἰς
1899 882 2028 963 τὸν
2059 881 2263 982 Υἱὸν,
2298 883 2469 960 ἀλλ’
2509 880 2649 982 ἤδη

190 1027 226 1088 5
251 1008 363 1083 καὶ
413 1011 512 1091 εὶς
558 1006 777 1088 αὐτὸν
821 1011 1355 1106 δυσσεβοῦντες
1404 1008 1840 1109 ἁλίσκησθε.
1915 1014 1975 1087 εἶ
2028 1005 2173 1111 γὰρ
2227 1008 2509 1111 ἐμαυτῷ
2555 1003 2650 1085 τά

250 1125 615 1210 κάλλιστα
658 1139 1043 1237 μαρτυρῶν
1076 1130 1264 1240 τιμᾶ
1298 1130 1428 1212 τὸν
1463 1131 1938 1233 γεννήσαντα,
1974 1129 2317 1237 ἀτιμάσει
2360 1127 2647 1215 πάντως

248 1249 494 1351 δήπου,
552 1258 807 1360 φησὶν,
863 1257 904 1336 ὁ
966 1253 1096 1337 τὸν
1148 1256 1239 1363 ἐξ
1288 1256 1507 1342 αὐτοῦ
1568 1263 1719 1340 τοῖς
1782 1254 2119 1359 ἐσχάτοις
2172 1251 2647 1357 περιβάλλων

246 1376 567 1460 ὀνείδεσι.
677 1377 1133 1484 πανταχόθεν
1202 1386 1590 1482 τοιγαροῦν
1659 1381 1777 1459 καὶ
1849 1385 2000 1464 τοῖς
2071 1378 2324 1458 ἑαυτοῦ
2396 1376 2646 1479 λόγοις
2669 1409 2708 1455 ο

245 1502 677 1582 συνίσταται
721 1501 1071 1606 Χριστὸς,
1110 1506 1226 1584 καὶ
1284 1503 1395 1584 ὅτι
1448 1501 1637 1588 Θεὸς
1692 1501 1878 1583 κατὰ
1931 1501 2161 1607 φύσιν
2211 1503 2413 1581 ἐστὶν
2457 1502 2641 1582 ἀπο-

151 1652 223 1693 10
247 1625 483 1728 φαίνει
535 1633 822 1734 σαφῶς,
873 1632 989 1707 καὶ
1045 1628 1133 1707 δι’
1171 1624 1273 1706 ὧν
1325 1633 1679 1725 τιμᾶσθαι
1732 1623 1862 1707 τὸν
1902 1626 2197 1730 Πατέρα
2252 1627 2464 1732 φησὶ,
2517 1629 2646 1724 τῆς

243 1747 421 1852 πρὸς
476 1750 696 1830 αὐτὸν
741 1749 1167 1851 οἰκειότητος
1218 1755 1348 1850 τῆς
1401 1757 1550 1830 τῶν
1592 1751 1908 1831 ἀνοσίων
1950 1750 2279 1850 πληθύος
2334 1748 2647 1855 ἐξωθουε

243 1872 476 1973 μένης,
529 1875 962 1977 ἀλλοτρίους
1013 1875 1400 1958 Ἰουδαίους
1452 1873 1925 1955 παντάπασιν
1979 1875 2364 1982 ἀποφαίνει
2419 1878 2638 1953 Θεοῦ.

240 1998 316 2076 τί
344 1995 489 2102 γὰρ
522 2004 671 2078 τῶν
704 2000 932 2078 ἐκεῖνα
968 1996 1335 2100 λεγόντων
1370 1997 1853 2101 ἀνοσιώτερον
1881 2030 1904 2097 3

314 2229 499 2305 'Et-do
552 2232 628 2296 οὐ
684 2232 854 2322 ζητῶ
905 2232 1025 2299 τὴν
1082 2231 1281 2302 δόξαν
1333 2249 1479 2310 μου·
1551 2230 1726 2298 ἔστιν
1781 2232 1818 2298 ὃ
1871 2230 2078 2321 ζητῶν
2133 2229 2241 2295 καὶ
2297 2227 2556 2320 κρίνων.
2671 2251 2753 2314 50

147 2406 216 2468 Ῑ5
348 2395 749 2495 Ἀληθὲς’
711 2430 789 2475 εν
831 2393 1110 2479 τούτοις
1163 2396 1414 2498 ὁρᾶται
1466 2397 1835 2500 διαφανῶς
1879 2392 1965 2473 τὸ
2015 2391 2132 2473 διὰ
2182 2401 2312 2473 τοῦ
2359 2390 2642 2495 Πέτρου

237 2523 399 2624 περὶ
448 2527 581 2600 τοῦ
616 2524 953 2622 Σωτῆρος
1004 2520 1208 2619 ἡμῶν
1245 2517 1612 2623 εἰρημένον
1651 2528 1696 2566 “
1715 2516 1867 2603 ‘Os-
1915 2516 2463 2622 λοιδορούμενος
2510 2518 2640 2671 οὐκ
2664 2551 2702 2592 a
2737 2536 2980 2664 12:⁶7}ss

238 2640 818 2748 “ἀντελοιδόρει,
862 2642 1178 2748 πάσχων
1238 2644 1366 2723 οὐκ
1422 2642 1715 2744 ἠπείλει,
1763 2642 2146 2746 παρεδίδου
2203 2642 2279 2722 δὲ
2333 2648 2438 2750 τῷ
2491 2675 2642 2745 κρι-
2731 2679 2785 2730 fl
2814 2693 2894 2744 23

259 2778 515 2849 6νοντι
590 2769 948 2852 δικαίως.”
1035 2767 1347 2863 βλέπετε
1418 2765 1563 2870 γὰρ
1637 2765 1834 2850 ὅπως
1903 2764 1999 2846 τὰ
2059 2761 2352 2846 πάντων
2416 2766 2642 2845 καίτοι

234 2891 570 2996 χείριστά
605 2926 684 2972 τε
721 2893 838 2972 καὶ
875 2889 1352 2996 ἀπηχέστατα
1387 2888 1481 2970 τὰ
1513 2887 1715 2993 παρὰ
1755 2894 1903 2969 τῶν
1939 2888 2252 2973 ἀνοσίως
2293 2889 2638 2990 ἐμπαροι-

141 3040 215 3082 ²0
237 3016 554 3097 νούντων
581 3017 796 3121 αὐτῷ,
818 3019 934 3095 καὶ
970 3022 1185 3096 τοῦτο
1218 3013 1583 3097 πολλάκις
1625 3014 1765 3105 [καὶ
1802 3012 1954 3101 οὐκ]
1987 3008 2311 3118 εἰσάπαξ
2341 3009 2640 3110 ἀκούων,

234 3139 542 3238 ἐπιμένει
578 3144 669 3243 τῇ
706 3138 925 3245 οἰκείᾳ
960 3138 1430 3243 χρηστότητι,
1473 3138 1587 3216 καὶ
1626 3144 1758 3216 τοῦ
1794 3137 2197 3239 πρέποντος
2239 3136 2433 3241 αὐτῷ
2482 3135 2637 3214 κατ’

235 3262 487 3343 οὐδένα
536 3259 810 3366 τρόπον
844 3262 1239 3368 ἐξίσταται,
1275 3259 1458 3365 πρὸς
1512 3258 1983 3375 ὑποτύπωσιν
2020 3264 2135 3339 καὶ
2184 3267 2398 3338 τοῦτο
2449 3262 2640 3360 δρῶν

234 3384 602 3491 ἡμετέραν,
638 3386 756 3466 ἵνα
793 3395 837 3433 “
863 3391 1014 3470 τοῖς
1070 3385 1350 3489 ’ίχνεσιν
1396 3387 1615 3465 αὐτοῦ
1631 3384 1672 3412 ”
1711 3388 2266 3463 κατακολουθεῖν
2301 3379 2630 3463 σπουδά-
2725 3404 2807 3457 Ib.
2837 3418 2920 3456 υ.

235 3505 501 3609 ζοντες,
544 3508 644 3608 μὴ
682 3519 727 3557 “
753 3509 1198 3612 λοιδορίαν’
1156 3511 1314 3589 αντὶ
1358 3507 1759 3612 λοιδορίας,’
1762 3509 1781 3535 ’
1820 3504 1921 3607 μὴ
1957 3504 2199 3611 ἕτερόν
2233 3516 2364 3585 τιί
2364 3502 2634 3586 (κακον
2657 3523 2701 3590 b
2734 3541 2815 3595 rb.
2828 3561 2902 3595 m
2925 3559 2982 3613 9·

726 3632 812 3661 a„

143 3654 213 3716 ²5
234 3641 277 3679 ‘⁴
312 3635 473 3713 ἀντι
540 3666 763 3712 κακου
865 3639 1015 3716 τοῖς
1072 3629 1412 3713 ἐθελουσι
1475 3637 1730 3713 λυπεῖν
1782 3628 2253 3714 ἀντιδιδόντες
2313 3627 2634 3709 ἀλισκῶ-

2598 3749 2624 3779 Χ
2724 3737 2975 3793 Romanii.

233 3763 438 3855 μεθα,
489 3762 794 3856 νικῶμεν
848 3753 925 3835 δε
979 3762 1272 3855 μᾶλλον
1308 3764 1355 3802 “
1381 3758 1458 3835 ἐν
1510 3760 1615 3861 τῷ
1672 3757 1924 3862 ἀγαθῷ
1980 3788 2063 3834 το
2120 3750 2386 3833 κακόν.’
2389 3753 2635 3854 ’ἐγω
2728 3819 2807 3855 21·

231 3887 614 3984 τοιγαροῦν
653 3884 721 3958 οὐ
759 3877 935 3988 [na-5
966 3877 1074 3973 τὴν
1111 3874 1309 3987 δόξαν
1343 3915 1499 3984 μου,
1541 3881 1750 3986 φησὶ,
1790 3880 1907 3957 καὶ
1950 3878 2085 3982 οὐχ
2130 3880 2226 3960 ὡς
2262 3876 2638 3955 ἀκίνδυνον

232 4000 584 4087 καθιστὰς
643 4000 732 4083 τὸ
793 4004 1245 4106 ἐμπαροινεῖν
1299 4003 1493 4111 αὐτῷ
1544 4000 1713 4085 τοὺς
1767 3998 2182 4098 ἐθέλοντας,
2242 4000 2413 4079 ἀλλ’
2473 3997 2637 4079 οὐδὲ

301 4229 352 4269 2.
391 4213 478 4286 δε]
513 4220 571 4281 -Ι-
600 4237 666 4285 με
691 4232 741 4270 a.
956 4233 1009 4283 4.
1050 4212 1396 4298 ε’πισκῆπτετε
1419 4231 1469 4269 a.
1496 4213 1616 4270 Cat.
1645 4212 1802 4269 Harl.
1934 4215 2026 4269 τὸν
2049 4212 2252 4269 correxi
2275 4219 2400 4284 post
2425 4210 2633 4283 Migne.

231 4287 321 4354 τῆς
344 4285 453 4342 Ed.
668 4284 721 4341 6.
756 4285 962 4343 πάντως
985 4303 1169 4341 assum
1208 4284 1256 4340 si
1278 4304 1343 4340 ex
1369 4303 1438 4349 a„
1465 4285 1559 4357 qui
1581 4292 1763 4339 tamen
1788 4281 1953 4353 δήπου
1978 4283 2197 4339 omittit.
2404 4295 2455 4353 7.
2488 4304 2609 4352 περι

228 4306 449 4417 Evina
471 4355 696 4412 ονείδεσι
720 4374 770 4411 a.
794 4356 1020 4413 ὀνείδεσι
1043 4377 1143 4426 περ
1203 4359 1345 4411 ολών
1368 4355 1473 4411 Ed.
1665 4371 1750 4410 11.
1786 4354 2012 4411 ἀνοσίων
2038 4353 2105 4410 Β.
2127 4355 2298 4409 ἄλλοτ
2333 4354 2423 4409 ίων
2449 4305 2633 4408 Holst.

229 4424 334 4481 Ed.
558 4443 642 4482 ια.
674 4425 959 4484 Ἰουδαίους
979 4428 1311 4483 παντάπασιν
1334 4426 1438 4482 hoc
1461 4424 1651 4481 ordine
1677 4424 1743 4480 B.
1965 4440 2047 4494 15.
2085 4426 2291 4495 Πέτρου
2345 4424 2562 4479 Παύλου
2585 4442 2633 4479 a.

232 4495 317 4551 16.
353 4495 438 4552 ὅτι
462 4515 562 4570 pro
586 4496 644 4555 ὃς
666 4515 716 4554 a.
863 4514 948 4554 20.
984 4498 1068 4552 καὶ
1091 4498 1184 4553 ουκ
1209 4515 1321 4554 om.
1349 4496 1414 4553 B.
1443 4496 1543 4551 Ht.
1567 4496 1795 4551 inseruit
1819 4513 1984 4551 sensu
2007 4505 2070 4552 ut
2092 4495 2202 4551 vid.
2223 4506 2469 4569 exlgente
2485 4494 2633 4552 Aah.

230 4578 312 4636 27.
351 4568 526 4624 τοίνυν
546 4571 824 4640 τοιγαροῦν
847 4574 912 4624 ut
940 4585 1097 4640 saepe
1123 4568 1191 4624 B.
1409 4568 1495 4624 28.
1532 4566 1731 4623 ἐθέλων
1755 4567 1822 4622 Β.
1849 4565 2153 4622 emendavit
2178 4566 2279 4623 Ht.
