3238 5158
572 332 706 397 358
1182 333 1263 398 Β.
1309 332 1728 398 CYRILLI
1787 334 2373 401 ALEXANDR.
2709 335 2846 401 xiii.
2879 334 2990 400 18.

534 543 561 578 ‘.
577 497 1105 597 διεσκεμμένων
1141 496 1244 578 Τί
1272 496 1402 578 τὸν
1435 504 1726 602 πρῶτον
1765 499 2150 605 ἄνθρωπον
2184 500 2519 584 ἔπλασας
2565 498 2713 581 ἀπὸ
2762 505 2897 604 γῆς
2944 502 2993 582 ὁ

578 619 672 701 τὰ
705 618 948 702 πάντα
982 620 1233 720 ‹siffis-3
1294 623 1380 701 οὐ
1415 620 1560 723 γὰρ
1610 623 1892 725 ἠγνόεις
1938 622 2049 703 ὅτι
2095 630 2422 704 πεσεῖται
2470 622 2605 726 τὴν
2640 627 2992 705 δοθεῖσαν

578 743 774 853 αὐτῷ
827 743 1255 848 παρελάσας
1306 744 1637 845 ἐντολήν.
1747 746 1931 827 κατὰ
1987 743 2115 828 τὸν
2167 743 2388 828 αὑτὸν
2441 757 2699 829 τοῦτον
2753 748 2988 851 λόγον

512 879 554 944 d
580 870 697 947 καὶ
735 869 851 949 ἐπὶ
886 876 1036 953 τοῖς
1070 868 1403 974 ἀνωτέρω
1441 870 1557 947 καὶ
1592 869 2000 974 μείζοσιν*
1951 905 2055 951 ετι
2106 879 2492 975 κατηγορεῖ
2529 879 2730 969 βοῶν
2763 876 2992 954 Διατί

579 989 714 1092 τὴν
749 989 1094 1094 ἀγγέλων
1128 993 1734 1095 δεδημιούργηκας
1771 994 2022 1101 φύσιν,
2056 995 2185 1075 οὐκ
2220 994 2610 1097 ἀγνοήσας,
2637 998 2736 1081 ὧς
2772 994 3062 1095 Θεὸς,5

239 1119 292 1235 {2
306 1118 479 1170 ΜΨ
579 1113 713 1215 τὴν
766 1116 1117 1217 ἐσομένην
1170 1124 1388 1197 τινῶν
1446 1114 1794 1199 ἀπόνοιαν
1849 1123 1944 1203 εἰς
2001 1119 2475 1199 ἀπόστασιν·
2451 1180 2477 1217 ‚
2546 1118 2986 1223 τετηρήκασι

578 1236 722 1342 γὰρ
774 1240 858 1319 οὐ
905 1238 1170 1327 πάντες
1221 1240 1354 1341 τὴν
1398 1242 1660 1323 οἰκείαν
1702 1242 1959 1348 ἀρχήν.
2039 1239 2192 1323 εἶτα
2244 1244 2323 1323 τί
2371 1277 2458 1324 το
2512 1244 2875 1338 ἐντεῦθενς
2934 1244 2983 1344 ἡ

577 1371 706 1443 τοῦ
752 1367 946 1445 Θεοῦ
999 1364 1418 1468 πρόγνωσις
1473 1366 1603 1447 οὐκ
1659 1363 1750 1445 ἂν
1796 1363 2015 1447 αὐτὸν
2066 1365 2616 1473 συγκεχώρηκεν
2667 1369 2984 1474 ὀφθῆναι

578 1486 1036 1591 δημιουργὸν,
1082 1490 1257 1569 ἀλλ’
1310 1489 1464 1570 οὐδ’
1514 1489 1607 1569 ἂν
1652 1491 1699 1590 ἡ
1754 1487 2016 1595 λογικὴ
2073 1492 2309 1577 κτίσις
2360 1495 2734 1594 παρῆλθεν
2787 1491 2982 1578 ὅλως

579 1617 677 1697 εἰς
720 1612 1028 1716 γένεσιν,
1063 1613 1180 1695 ἵνα
1229 1612 1452 1714 μόνης
1504 1619 1634 1715 τῆς
1685 1613 1963 1718 ἀλόγου
2017 1616 2134 1694 καὶ
2188 1613 2631 1716 ἀναισθήτου
2688 1615 2981 1723 φύσεως
3015 1648 3114 1694 10

578 1736 943 1843 βασιλεύῃ
994 1737 1204 1834 Θεὸς,
1254 1735 1432 1839 μηδὲ
1487 1737 1597 1818 ὅτι
1656 1735 1840 1822 Θεὸς
1898 1737 2082 1819 κατὰ
2135 1739 2366 1845 φύσιν
2413 1741 2572 1820 ἐστὶ
2625 1738 2985 1843 γινωσκό-

521 1897 558 1941 e
578 1895 812 1958 μενος.
914 1864 1173 1966 χρῆναι
1238 1860 1314 1942 δὲ
1378 1858 1574 1961 οἶμαι
1641 1861 1975 1962 μάλιστα
2038 1860 2126 1961 δὴ
2183 1860 2477 1944 πάντων
2534 1864 2755 1943 ἐκεῖνο
2815 1868 2975 1944 δια-

576 1985 1109 2084 σκεπτομένους
1165 1986 1362 2088 ὁρᾶν,
1405 1985 1516 2066 ὅτι
1572 1992 1719 2070 τοῖς
1776 1991 2095 2090 λογικοῖς
2148 1992 2294 2067 τῶν
2336 1986 2753 2087 κτισμάτων
2801 1986 2984 2071 ἰδίας

574 2140 1062 2210 προαιρεσεως
1113 2109 1444 2209 ἀπένειμε
1494 2108 1627 2194 τὰς
1676 2109 1878 2210 ἡνίας
1928 2110 1970 2189 ὃ
2015 2108 2310 2192 πάντων
2347 2109 2826 2213 Δημιουργός,
2862 2114 2984 2191 καὶ

575 2231 1164 2316 αὐτοκελεύστοις
1228 2237 1508 2340 ἀφῆκεν
1564 2232 1735 2315 ἰέναι
1791 2237 2070 2340 ῥοπαῖς,
2123 2235 2237 2342 ἐφ’
2297 2233 2471 2339 ὅπερ
2531 2231 2622 2315 ἂν
2676 2269 2982 2319 εκαστος
3011 2271 3102 2331 15

572 2352 923 2449 βούλοιτο
960 2355 1183 2461 τυχὸν
1218 2358 1404 2464 ἔχειν
1438 2359 1712 2460 ἄριστα
1763 2356 2163 2457 δοκιμάσας
2212 2392 2341 2439 τον
2377 2357 2670 2463 τρόπον.
2746 2364 2814 2439 οἰ
2847 2356 2982 2458 μὲν

577 2479 705 2558 οὖν
748 2484 898 2564 τοῖς
954 2480 1282 2582 ἀμείνοσι
1336 2479 1937 2587 προσνενευκότες
1994 2485 2245 2587 ὀρθῶς,
2281 2481 2415 2585 τὴν
2463 2485 2649 2564 ἰδίαν
2698 2483 2978 2564 διασώ-

576 2603 781 2708 ζουσι
846 2601 1092 2712 δόξαν,
1157 2609 1277 2686 καὶ
1335 2608 1412 2686 ἐν
1474 2608 1757 2717 μεθέξει
1819 2609 2118 2708 μένουσι
2182 2614 2330 2688 τῶν
2388 2608 2982 2710 ἀπονεμηθέντων

575 2729 814 2813 αὐτοῖς
869 2731 1185 2832 ἀγαθῶν,
1223 2727 1737 2829 ἀμετάπτωτόν
1784 2765 1864 2812 τε
1918 2729 2053 2831 τὴν
2099 2730 2440 2830 εὐθυμίαν
2488 2733 2974 2837 εὑρίσκουσιν·

575 2856 641 2932 οἰ
697 2848 771 2933 δὲ
825 2859 974 2938 τοῖς
1031 2855 1231 2939 ἰδίοις
1285 2853 1925 2963 καταφθειρόμενοι
1980 2862 2387 2960 λογισμοῖς,
2438 2858 2556 2937 καὶ
2610 2858 2722 2964 ἐφ’
2769 2851 2821 2936 ἃ
2873 2852 2979 2957 μὴ
3007 2896 3096 2940 20

242 3000 362 3058 ’131
376 2998 457 3056 Δ.
517 3013 555 3054 ει
577 2976 774 3080 θέμις
809 2976 1223 3063 ἀκαθέκτοις
1271 2974 1522 3083 ὥσπερ
1569 2979 1920 3084 ῥεύμασιν
1955 2981 2346 3081 ἐπιθυμιῶν
2380 2980 2974 3082 κατασυρόμενοι,

576 3100 710 3203 τὴν
764 3103 1002 3189 αὐτοῖς
1053 3103 1480 3207 πρέπουσαν
1531 3104 1971 3202 ὑπομένουσι
2027 3102 2252 3205 δίκην,
2298 3107 2416 3184 καὶ
2469 3103 2602 3204 τὴν
2652 3106 2764 3186 ἐπὶ
2824 3110 2981 3189 ταῖς

579 3226 1032 3332 ἀχαριστίαις
1096 3224 1381 3313 εἰκότως
1445 3227 1916 3327 ὑπομένοντες
1982 3227 2299 3334 γραφὴν,
2364 3225 2499 3328 τὴν
2556 3230 2797 3329 ἀπηνῆ
2861 3230 2981 3308 καὶ

579 3350 977 3452 ἀπέραντον
1016 3349 1560 3451 ὑποστήσονται
1597 3348 1933 3432 κόλασιν.
2003 3352 2120 3432 ε’πὶ
2155 3351 2432 3436 τούτοις
2468 3359 2616 3437 τοῖς
2649 3353 2981 3458 ὁρισμοῖς

578 3473 966 3575 γενομένην
1001 3472 1324 3577 εὑρήσεις
1359 3480 1477 3556 καὶ
1511 3474 1646 3577 τὴν
1680 3481 1827 3555 τῶν
1865 3474 2207 3578 ἀγγέλων
2241 3475 2496 3582 φύσιν.
2564 3480 2631 3556 οἱ
2667 3475 2799 3575 μὲν
2833 3474 2979 3580 γὰρ
3009 3516 3093 3579 ²5

579 3596 1139 3699 διατηρήσαντες
1192 3597 1325 3698 τὴν
1374 3600 1635 3680 οἰκείαν
1685 3597 1940 3704 ἀρχὴν,
1977 3596 2493 3699 ἀναπόβλητον
2540 3599 2789 3706 ἔχουσι
2848 3599 2981 3701 τὴν

579 3716 693 3826 ἐφ’
731 3718 970 3800 ἅπασι
1023 3727 1172 3806 τοῖς
1227 3722 1526 3824 ἀγαθοῖς
1579 3723 1862 3826 ἵδρυσίν
1914 3758 1994 3805 τε
2047 3725 2165 3805 καὶ
2218 3724 2519 3804 στάσιν·
2580 3728 2648 3804 οἱ
2701 3722 2779 3805 δὲ
2830 3731 2980 3811 τοῖς

579 3846 695 3925 ἐπὶ
731 3879 824 3926 τα
860 3845 1075 3951 χείρω
1113 3844 1418 3946 νεύμασι
1453 3850 1582 3947 τῆς
1618 3848 1919 3954 ἀρχαίας
1955 3848 2217 3950 ἐκείνης
2252 3848 2571 3934 εὐκλείας
2606 3846 2982 3948 διολισθῆ-

241 3958 364 4087 {²334
359 3958 473 4010 ¹³⁶²·
515 3980 559 4047 b
581 4003 865 4068 σαντες,
893 3976 1167 4074 σειραῖς
1200 3968 1427 4079 ζόφου
1461 3972 2092 4075 τεταρταρωμένοι,
2123 3969 2305 4052 κατὰ
2341 3970 2425 4053 τὸ
2461 3972 2981 4076 γεγραμμένον,

243 4097 295 4149 S·
310 4097 480 4150 ³¹¹³*
580 4098 677 4179 εἰς
740 4095 980 4195 κρίσιν
1041 4093 1364 4199 μεγάλης
1440 4095 1703 4200 ἡμέρας
1765 4096 2210 4198 τετήρηνται.
2287 4097 2543 4181 ,οὕτως
2603 4095 2983 4196 πεποίηται
3009 4133 3094 4192 30

245 4164 295 4214 ⁶⁰
578 4215 763 4298 κατὰ
816 4216 947 4319 τὴν
1001 4218 1232 4325 ἀρχὴν
1286 4221 1327 4300 ὁ
1385 4227 1671 4324 πρῶτος
1732 4218 2134 4323 ἄνθραητος,
2183 4219 2556 4302 τουτέστιν
2610 4222 2651 4301 ὁ
2706 4217 2974 4320 Ἀδάμ.

647 4438 701 4495 8.
739 4440 1106 4510 συνεχώρησεν
1129 4439 1271 4495 Catt.
1438 4458 1523 4496 11.
1560 4441 1679 4497 ε’στι
1702 4442 1828 4496 κατὰ
1851 4439 2022 4530 φύσιν
2047 4440 2191 4498 Catt.
2358 4456 2439 4513 15.
2478 4440 2695 4497 ῙέναιΕ.
2721 4436 2981 4495 εἶναιΕᾶ.

576 4525 663 4564 20.
700 4512 1103 4599 κατασυρόμενοι
1128 4511 1221 4578 (cf.
1246 4528 1358 4566 ver.
1383 4530 1465 4584 sq.
1472 4516 1556 4581 )a.
1702 4529 1789 4580 25.
1823 4513 2095 4585 γινομένην
2119 4513 2175 4569 b.
2270 4514 2355 4568 καὶ
2378 4521 2717 4585 assumptum
2742 4529 2810 4566 ex
2836 4511 2983 4567 Cutt.

578 4580 768 4635 Statim
795 4587 896 4636 τῶν
917 4579 1155 4653 ἀγγελων
1177 4582 1270 4650 τὴν
1292 4583 1504 4639 inverso
1526 4582 1788 4638 ordineE
