3238 5158
263 1131 431 1197 Supra

262 1214 370 1249 ver.
396 1209 475 1261 15.

269 2144 405 2200 503
425 2142 505 2198 A.

277 3868 440 3930 Supra
461 3864 494 3913 i.

279 3944 361 3994 5²·

598 344 684 409 10
1201 348 1279 412 B.
1326 338 1754 412 CYRILLI
1812 343 2396 411 ALEXANDR.
2729 363 2866 410 vm
2894 360 3005 428 23.

595 506 958 615 ε’κληφθὲν
1012 511 1486 611 ὑποσημαίνει
1539 513 1659 593 καὶ
1712 518 1948 592 τοῦτο·
2033 513 2150 591 καὶ
2207 506 2633 610 θαυμαστὸν
2682 505 2887 588 οὐδὲν
2940 512 3008 587 εἰ

595 632 951 718 τοιαύταις
997 634 1372 730 ἀβουλίαις
1406 634 1738 714 Ἰουδαῖοι
1785 633 2438 738 περιπεπτῶκασιν,
2476 637 2574 718 ὡς
2622 635 2738 712 καὶ
2787 629 3000 733 λογί-

599 751 856 856 ζεσθαί
895 789 963 835 τι
1012 764 1337 837 τοιοῦτον
1373 759 1488 839 ἐπὶ
1525 762 1854 866 Χριστῷ.
1931 754 2125 837 Θεὸν
2159 755 2305 861 γὰρ
2342 755 2518 837 ὄντα
2551 752 2737 836 κατὰ
2775 752 3011 861 φύσιν

601 879 726 958 οὑκ
765 876 1059 983 ᾔδεσαν,
1095 879 1320 979 μόνον
1355 881 1433 962 δὲ
1483 886 1579 967 εἶς
1628 891 1842 964 τοῦτο
1892 880 1976 963 τὸ
2025 879 2169 964 ἀπὸ
2220 888 2355 987 γῆς
2409 884 2713 986 ὁρῶντες
2749 886 3004 979 σῶμα,

541 1034 577 1078 e
602 1001 983 1105 ἄνθρωπον
1025 1001 1346 1086 ἐνενόουν
1391 1005 1516 1086 ἕνα
1568 1012 1716 1086 τῶν
1758 1007 1923 1087 καθ’
1961 1006 2167 1106 ἡμᾶς.
2251 1005 2368 1085 διὰ
2422 1005 2568 1110 γάρ
2627 1038 2739 1085 τοι
2791 1010 3010 1083 τοῦτο
3041 1028 3082 1090 5

604 1130 720 1206 καὶ
755 1125 1216 1226 ἐπιπλήττων
1251 1128 1489 1214 αὐτοῖς
1533 1128 1854 1235 ἔφασκεν
1892 1132 1932 1211 ὁ
1971 1128 2230 1234 Σωτήρ
2267 1140 2312 1178 “
2337 1131 2585 1230 ’Υμεΐς
2641 1124 2825 1208 κατὰ
2872 1124 3011 1225 τὴν

605 1259 651 1297 “
684 1247 930 1353 σάρκα
1002 1252 1339 1354 κρίνετε.”
1435 1251 1756 1360 ἀφιστὰς
1830 1262 2213 1358 τοιγαροῦν
2286 1249 2543 1337 αὐτοῦς
2616 1255 2745 1352 τῆς
2819 1251 3010 1330 οὕτω

602 1376 1108 1477 μειρακιώδους
1163 1379 1280 1456 καὶ
1334 1384 1818 1481 χαμαιπετοῦς
1875 1379 2167 1476 ἐννοίας,
2223 1377 2546 1457 διδάσκει
2604 1373 2854 1472 πάλιν,
2911 1375 3011 1456 ὡς

603 1499 688 1578 οὑ
722 1499 893 1603 περί
920 1534 1110 1586 τινος
1147 1505 1291 1581 τῶν
1325 1503 1402 1580 ἐν
1436 1503 1715 1603 γενέσει
1751 1504 1869 1581 καὶ
1906 1503 2152 1608 φθορᾷ
2188 1499 2711 1603 διαλογίζονται
2746 1504 3003 1591 ταῦτα,

599 1626 760 1726 περὶ
813 1621 891 1702 δὲ
943 1632 1072 1704 τοῦ
1122 1623 1395 1705 ἀνωθεν
1431 1627 1550 1704 καὶ
1595 1625 1675 1704 ἐκ
1714 1630 1906 1704 Θεοῦ
1947 1622 2239 1726 Πατρὸς
2274 1621 2789 1727 γεγεννημένου
2826 1616 3010 1701 κατὰ
3047 1650 3126 1691 10

603 1746 970 1846 ἀλήθειαν.
1049 1745 1357 1849 ἁρμόσει
1391 1757 1772 1850 τοιγαροῦν
1807 1750 1935 1828 οὑκ
1983 1751 2135 1846 ἐμοὶ
2185 1756 2478 1849 μᾶλλον
2513 1746 2598 1827 τὸ
2640 1743 3005 1841 τεθνάναι,
3089 1764 3094 1768 ’

604 1871 815 1975 φησὶ,
852 1871 970 1949 καὶ
1005 1871 1320 1977 φεύγειν,
1358 1870 1633 1951 ἀνωθεν
1667 1869 1813 1975 γάρ
1847 1877 2010 1971 εἶμι,
2046 1871 2399 1963 τουτέστι,
2438 1869 2628 1955 Θεὸς
2671 1872 2749 1949 ἐκ
2786 1872 3004 1949 Θεοῦ·

603 1991 688 2073 τὸ
725 1992 868 2096 γὰρ
904 1992 1052 2073 ἅνω
1088 1992 1381 2075 πάντων
1419 1994 1627 2079 Θεός·
1687 1998 1852 2097 ὑμῖν
1888 1996 1965 2077 δὲ
2007 2003 2223 2077 τοῦτο
2272 1994 2681 2100 προσέσται
2722 2025 3010 2095 πρεπω-

544 2156 582 2196 a
605 2115 965 2221 δέστερον.
1044 2116 1361 2200 κάτωθεν
1397 2117 1541 2222 γάρ
1596 2121 1787 2219 ἐστε,
1822 2118 2156 2200 τουτέστι
2210 2121 2504 2228 φύσεως
2553 2114 3012 2215 ὑποκειμένης·

604 2276 684 2322 τε
739 2239 1049 2350 θανάτῳ,
1103 2246 1220 2322 καὶ
1278 2242 1831 2344 ὑποπιπτούσης
1888 2248 2133 2350 φθορᾷ
2187 2248 2306 2324 καὶ
2362 2244 2616 2348 δειλίᾳ·
2690 2241 2797 2320 ἐπ’
2856 2241 3010 2337 ἐμοὶ
3045 2269 3122 2329 15

605 2373 987 2468 τοιγαροῦν
1040 2364 1554 2468 διαλογίζεσθε,
1614 2368 1826 2472 φησὶ,
1882 2375 2208 2447 τοιοῦτον
2261 2364 2504 2467 μηδὲν,
2556 2363 2689 2465 τὴν
2741 2366 3042 2468 ἑαυτῶνᾹ

606 2488 906 2595 ἀφέντες
943 2486 1343 2569 ἀσθένειαν·
1403 2490 1488 2568 οὑ
1519 2486 1666 2593 γὰρ
1710 2486 2040 2588 ἰσότιμον
2076 2496 2179 2599 τῷ
2217 2486 2568 2596 Δεσπότῃ
2605 2486 2688 2569 τὸ
2727 2492 3012 2584 δοῦλον,

606 2619 711 2721 τῷ
763 2612 1033 2694 ἄνωθέν
1067 2647 1144 2693 τε
1182 2614 1297 2693 καὶ
1331 2614 1410 2693 ἐκ
1447 2616 1641 2693 Θεοῦ
1678 2612 1970 2719 Πατρὸς
2020 2614 2508 2722 γεγεννημένῳ
2560 2610 2645 2694 τὸ
2695 2610 3014 2692 κάτωθεν

608 2739 727 2817 καὶ
764 2735 908 2819 ἀπὸ
945 2741 1073 2838 τῆς
1108 2741 1265 2841 γῆς.

706 2861 885 2942 “On
939 2860 1017 2942 δὲ
1070 2861 1156 2944 τό
1197 2860 1532 2943 Ἀνωθεν
1581 2858 1717 2962 τὴν
1768 2862 1845 2940 ἐκ
1899 2865 2094 2942 Θεοῦ
2147 2859 2441 2964 Πατρὸς
2494 2863 2836 2964 γέννησιν
2884 2867 3013 2940 τοῦ
3040 2895 3124 2938 20

606 2990 787 3066 Υἱοῦ
853 2987 1357 3087 ὑποσημαίνει,
1426 2988 1544 3065 καὶ
1615 2982 1979 3086 λογισμὸς
2052 2985 2238 3084 ἡμᾶς
2311 2984 2681 3066 ἀναπείσει
2744 2980 3008 3091 σοφός.

605 3117 915 3193 τοπικῶς
990 3112 1124 3209 μὲν
1187 3108 1332 3212 γὰρ
1406 3107 1771 3213 ἐκληφθέν
1832 3106 1918 3188 τό
1979 3107 2335 3207 Ἀνωθεν,
2402 3109 2485 3189 τὸ
2553 3108 2643 3215 ἐξ
2710 3108 3014 3209 οὐρανοῦ

540 3237 584 3304 b
610 3230 949 3332 δηλονότι
1004 3234 1233 3331 δηλοῖ,
1285 3233 1456 3312 ἀλλ’
1497 3230 1700 3312 οὐδὲν
1756 3235 1832 3312 ἐν
1870 3237 2026 3340 Υὶῷ
2080 3231 2166 3313 τὸ
2219 3232 2582 3340 ἐξαίρετον
2628 3230 2829 3335 παρὰ
2883 3229 3016 3331 τὴν

613 3354 808 3434 κάτω
874 3358 991 3433 καὶ
1061 3353 1522 3455 ὑποκειμένην
1585 3361 1688 3464 τῷ
1756 3361 1924 3467 Θεῷ
2001 3356 2258 3455 κτίσιν,
2327 3357 2501 3436 ὅταν
2566 3355 2859 3460 ἔρχηται
2932 3353 3023 3461 ἐξ

613 3478 917 3579 οὐρανοῦ
989 3475 1233 3576 μόνον,
1308 3479 1465 3559 ἐπεί
1530 3514 1641 3559 τοι
1716 3483 1832 3559 καὶ
1911 3481 2254 3583 ἀγγέλων
2326 3485 2390 3560 οἶ
2464 3480 2759 3562 πλείους
2833 3476 3015 3581 πρὸς
3044 3512 3129 3575 25

614 3598 975 3681 διακονίαν
1019 3599 1644 3700 ἀποστελλόμενοι
1699 3601 1893 3684 κάτω
1948 3604 2325 3708 βαδίζουσι
2382 3598 2801 3686 διοικοῦντές
2854 3634 3017 3683 τινα

613 3732 760 3806 τῶν
796 3728 909 3806 ἐπὶ
948 3728 1075 3825 τῆς
1112 3727 1249 3827 γῆς
1294 3725 1569 3806 ἀνωθεν
1605 3728 1724 3806 καὶ
1776 3727 1864 3834 ἐξ
1908 3728 2212 3830 οὑρανοῦ
2262 3728 2834 3822 καταβαίνοντες.
2899 3726 3019 3803 καὶ

615 3850 890 3955 μάρτυς
952 3848 1122 3948 ἡμῖν
1187 3849 1226 3927 ὁ
1294 3846 1553 3953 Σωτὴρ
1619 3848 1859 3951 λέγων
1921 3860 1966 3898 ‘⁶
2001 3850 2239 3951 Ἀμὴν
2303 3848 2495 3951 ἀμὴν
2559 3850 2752 3952 λέγω
2818 3850 3014 3947 ὑμῖν,

686 4148 698 4163 ,
726 4135 739 4151 .
777 4095 1065 4152 ἐννοοῦντες
1091 4093 1159 4149 Β.
1189 4092 1370 4149 Holst.
1397 4094 1632 4149 ἐνενόουν
1655 4093 1957 4150 emendavit
1978 4111 2007 4149 e
2035 4093 2153 4151 Cat.
2178 4099 2241 4150 ut
2266 4092 2374 4149 vid.
2401 4092 2547 4148 Aub.
2687 4091 2798 4163 διὰ]
2827 4091 2909 4147 καὶ
2933 4090 3022 4146 διὰ

615 4165 705 4221 Au
746 4206 760 4221 .
1085 4163 1169 4220 16.
1205 4164 1591 4235 διαλογίζεσθε,
1613 4165 1771 4236 φησὶ,
1797 4168 2032 4220 τοιοῦτον
2054 4166 2213 4234 μηδὲν
2237 4165 2340 4219 hoc
2363 4164 2549 4219 ordine
2576 4164 2622 4219 B
2648 4181 2761 4234 mg.
2786 4181 2834 4217 a.
2859 4162 3022 4231 μηδὲν

612 4240 866 4305 τοιοῦτον,
888 4235 1046 4308 φησὶ,
1068 4235 1433 4305 διαλογίζεσθε
1460 4234 1563 4289 Ed.
1910 4252 1996 4290 20.
2033 4239 2095 4291 τό
2120 4235 2422 4290 emendavit
2447 4254 2476 4290 e
2502 4235 2621 4290 Cat.
2646 4243 2709 4288 ut
2733 4233 2842 4288 vid.
2867 4231 3018 4287 Aub.

613 4307 708 4376 τὴν
736 4306 799 4361 Β.
930 4305 1172 4378 γέννησιν
1193 4308 1287 4359 τοῦ
1310 4306 1435 4359 Υὶοῦ
1459 4322 1508 4359 a.
1533 4308 1626 4359 τοῦ
1650 4307 1763 4360 υἱοῦ
1787 4305 1880 4374 τὴν
1901 4306 2143 4378 γέννησιν
2172 4306 2236 4361 Β.
2261 4308 2375 4361 υἱοῦ
2400 4306 2493 4375 τὴν
2515 4305 2758 4377 γέννησιν
2787 4303 2883 4357 Ht.
2913 4301 3020 4357 Ed.

617 4377 811 4432 Statim
837 4377 1176 4447 ὑποσημαίνει
1209 4393 1258 4432 a.
1283 4374 1604 4444 ἐπισημαίνει
1632 4375 1737 4430 Ed.
1988 4394 2073 4431 22.
2112 4376 2462 4447 ἐκληφθέντος
2489 4376 2554 4431 Β.
2583 4376 2680 4430 Ht.
2706 4373 2968 4445 ε’κληφθὲν
2990 4391 3021 4427 e

615 4448 735 4503 Cat.
761 4456 823 4502 ut
847 4447 1068 4502 adnotat
1090 4448 1206 4518 ipse
1230 4444 1533 4502 emendavit
1558 4445 1703 4501 Aub.
1779 4446 1971 4502 Statim
1996 4449 2057 4502 τὸ
2080 4448 2275 4503 ἄνωθεν
2297 4449 2359 4502 τὸ
2383 4465 2412 4502 e
2439 4446 2558 4501 Cat.
2585 4445 2701 4501 ead.
2726 4445 3022 4514 assumpsit

614 4518 760 4574 Auh.
930 4533 1016 4590 ²3·
1053 4518 1295 4586 δηλονότι
1323 4516 1503 4571 omisit
1526 4515 1671 4571 Aub.
1698 4526 1780 4571 est
1803 4526 1856 4570 ot
1880 4517 1936 4572 in
1960 4536 2009 4573 a.
2172 4534 2260 4587 25.
2295 4520 2453 4587 μόνον
2476 4518 2537 4588 ἐξ
2560 4518 2781 4589 οὐρανοῦ
2804 4516 3020 4570 inverso

613 4590 801 4645 ordine
824 4607 873 4646 a.
1093 4590 1179 4644 28.
1218 4585 1362 4660 ὑμῖν]
1397 4594 1453 4651 4
1483 4585 1679 4657 ἇπαρτί
1705 4588 1802 4642 Ht.
1830 4587 1932 4642 Ed.
