3238 5158
206 362 415 446 ix.25.
573 362 688 426 IN
750 362 817 426 S.
867 361 1377 426 JOANNEM.
1467 356 1658 425 LIB.
1692 361 1813 425 VI.
1903 357 2108 426 CAP.
2158 360 2216 426 Ι.
2475 361 2603 424 179

207 528 412 612 δεινοὶ
459 522 646 629 πρὸς
692 527 1129 631 ἀλαζονείας,
1168 526 1252 606 τό
1289 530 1533 633 Ἡμεῖς
1571 520 1875 632 οἴδαμεν,
1912 522 2110 606 πολῦ
2156 526 2325 605 λίαν
2360 526 2597 623 ἀπηυ-

205 650 638 755 χενισμένως
687 650 1250 751 ἀναβοήσαντες,
1295 648 1424 734 τὰς
1471 649 1603 748 μὲν
1649 658 1777 730 τοῦ
1834 647 2053 750 νόμου
2101 655 2601 753 παρωθοῦντες

206 770 471 878 φωνὰς,
544 773 747 853 οὐδὲν
817 771 911 853 τὰ
988 774 1369 858 Μωυσέως
1458 770 1636 853 εἶναι
1717 771 2148 875 λογίζονται,
2221 771 2444 876 ὄχλος
2524 769 2600 851 δὲ
2625 784 2669 848 b

204 896 454 981 ἄλλως
526 898 765 982 αὐτοῖς
828 900 945 978 καὶ
1010 896 1103 977 τὰ
1166 900 1244 977 ἐκ
1305 903 1704 1002 προφητῶν
1759 894 1934 976 εἶναι
1993 902 2204 977 δοκεῖ·
2293 896 2602 975 τίθενται

144 1051 180 1109 5
205 1017 346 1121 γὰρ
389 1027 488 1104 εἰς
531 1020 848 1101 διάνοιαν
882 1023 1213 1121 οὐδαμῶς
1260 1020 1354 1100 τὰ
1404 1019 1522 1099 διὰ
1573 1025 1703 1121 τῆς
1750 1028 1878 1100 τοῦ
1924 1017 2304 1124 προφήτου
2355 1022 2605 1124 φωνῆς

205 1142 501 1224 ἔσεσθαι
556 1143 1111 1248 προηγγελμένα
1166 1141 1349 1225 κατὰ
1402 1142 1531 1225 τὸν
1578 1142 1827 1247 καιρὸν
1869 1148 1996 1242 τῆς
2051 1144 2421 1243 ἐπιδημίας
2474 1150 2604 1222 τοῦ

206 1271 542 1371 Σωτῆρος
579 1268 782 1367 ἡμῶν
818 1273 1176 1370 Χριστοῦ·
1242 1279 1285 1316 “
1312 1266 1502 1349 Τότε
1553 1253 1720 1371 γὰρ,
1755 1268 2009 1375 φησὶν,
2046 1267 2602 1371 ἀνοιχθήσονται

206 1401 249 1439 “
284 1392 661 1496 ὀφθαλμοὶ
730 1398 1055 1499 τυφλῶν,
1133 1396 1250 1472 καὶ
1321 1389 1470 1472 ὦτα
1542 1398 1810 1497 κωφῶν
1882 1389 2337 1469 ἀκούσονται·
2442 1386 2603 1469 τότε

204 1525 251 1564 “
286 1516 564 1596 ἀλεῖται
631 1519 728 1600 ὦς
792 1514 1074 1622 ἔλαφος
1132 1519 1173 1596 5
1236 1513 1500 1621 χωλὸς,
1556 1519 1673 1595 καὶ
1737 1514 1960 1617 τρανὴ
2016 1514 2224 1594 ἔσται
2279 1518 2604 1616 γλῶσσα

101 1677 180 1718 10
205 1639 782 1741 “μογιλάλων.”
842 1638 1348 1743 τεθεραπευται
1401 1638 1534 1738 μὲν
1580 1637 1727 1742 γὰρ
1782 1641 1822 1717 5
1876 1635 2294 1741 παράλυτος
2344 1639 2457 1716 ἐπὶ
2513 1642 2603 1742 τῇ

203 1763 686 1870 κολυμβήθρα
756 1769 848 1870 τῇ
917 1760 1230 1867 Βηζαθά,
1295 1796 1731 1865 τριακοστον
1796 1761 1872 1842 δὲ
1946 1764 2062 1840 καὶ
2125 1760 2387 1862 ὄγδοον
2449 1760 2601 1845 ἔτος
2628 1805 2663 1847 c

202 1886 706 1972 διατετελεκως
746 1899 789 1936 “
816 1890 892 1967 ἐν
940 1893 1031 1992 τῇ
1084 1887 1423 1966 ἀσθενεία
1476 1886 1734 1983 αὐτοῦ,’
1738 1883 1985 1964 ’καθὰ
2033 1881 2460 1987 γέγραπται,
2500 1884 2602 1963 ἐνὶ
2693 1901 2845 1964 11)·5-

201 2020 330 2092 τοῦ
408 2016 746 2114 Σωτῆρος
823 2011 1090 2116 ῥήματι
1175 2009 1259 2090 τὸ
1342 2008 1686 2090 κλινίδιον
1759 2011 1964 2114 ἀφεὶς
2039 2005 2319 2113 ἐλαφου
2401 2010 2604 2109 δίκην

202 2132 543 2241 ἐξήλατο·
602 2138 721 2215 καὶ
755 2135 863 2214 ἐπ’
902 2135 1141 2243 ἐκείνω
1193 2133 1565 2233 θαυμασαι
1613 2132 1774 2213 δέον
1805 2167 1937 2212 τον
1971 2134 2284 2232 Ἰησοῦν,
2319 2130 2453 2231 τὴν
2487 2134 2605 2213 ἐπι

16 2323 23 2326 ψ
100 2285 178 2346 15
202 2264 308 2365 τῶ
359 2256 725 2366 σαββάτω
775 2256 995 2337 λύσιν
1029 2256 1392 2360 ἐθρήνουν,
1433 2291 1549 2336 και
1599 2257 2165 2361 παραβεβάσθαι
2213 2290 2341 2336 τον
2385 2253 2606 2356 νόμον

204 2381 729 2480 διατεινάμενοι,
794 2378 926 2480 τὴν
990 2383 1105 2462 ἐπὶ
1180 2386 1283 2489 τῷ
1352 2378 1663 2480 θαύματι
1733 2378 2295 2488 κατεσοφίζοντο
2362 2377 2600 2486 χάριν.

200 2505 684 2606 ἐκβληθέντος
738 2506 826 2585 δέ
869 2538 1045 2586 ποτε
1095 2505 1459 2603 δαιμονίου
1509 2503 1918 2604 λελάληκεν
1967 2506 2008 2584 5
2058 2503 2324 2610 κωφός·
2414 2509 2481 2585 οὶ
2529 2502 2607 2584 δὲ
2695 2501 2744 2549 ⁸·
2732 2496 2941 2617 ‚Mat-th.

201 2626 389 2731 πρὸς
441 2631 627 2710 οὕτω
675 2630 913 2731 δεινὴν
958 2629 1354 2709 ἀσυνεσίαν
1406 2629 1835 2735 ἐξώλισθον,
1875 2632 1971 2712 ὡς
2025 2629 2206 2728 μηδὲ
2258 2635 2607 2733 βραχεῖαν

203 2755 530 2834 ἐντεῦθεν
591 2751 1068 2858 ἀποκερδᾶναι
1138 2752 1270 2852 τὴν
1332 2752 1607 2852 ὄνησιν.
1712 2752 2121 2858 ἀνέβλεψεν
2183 2752 2223 2830 5
2288 2750 2599 2858 τυφλὸς,
2632 2764 2676 2828 d

94 2917 178 2961 20
202 2876 660 2984 προφητικὸν
702 2876 1169 2979 πεπλήρωται
1220 2874 1574 2978 κήρυγμα,
1611 2875 1657 2974 ἡ
1710 2873 1828 2953 διὰ
1876 2883 2004 2954 τοῦ
2042 2871 2463 2974 Πνεύματος
2511 2881 2609 2960 εἰς

201 3001 430 3104 πέρας
493 3000 686 3107 ἤχθη
759 2999 989 3105 φωνὴ,
1054 3033 1169 3079 και
1245 2999 1365 3078 τί·
1346 3060 1367 3096 ,
1452 2996 1680 3078 πάλιν
1744 2999 1859 3077 ἐπὶ
1921 2997 2197 3083 τούτοις
2262 3006 2610 3078 νοσοῦσιν

202 3126 476 3223 ἐκεῖνοι,
534 3125 1041 3227 κατακρίνουσι
1094 3157 1221 3202 τον
1275 3119 1843 3223 θαυματουργὸν,
1900 3122 2255 3226 ἁμαρτίαν
2312 3122 2599 3226 καθορί·

202 3244 414 3348 ζουσι
493 3254 622 3328 τοῦ
709 3253 1123 3349 θεοπρεπῶς
1201 3246 1595 3344 ἐκλάμπειν
1671 3243 2073 3350 ἰσχύοντος,
2149 3250 2267 3325 καὶ
2353 3245 2437 3326 τὸ
2528 3248 2608 3327 ἐκ

199 3376 505 3474 μακρῶν
559 3371 832 3451 ἄνωθεν
895 3368 1177 3475 χρόνων
1239 3368 1542 3449 ἔσεσθαι
1601 3368 2118 3472 προσδοκηθὲν,
2177 3404 2413 3474 παρον
2468 3370 2606 3473 ἤδη

94 3524 176 3584 ²5
203 3494 669 3579 δεικνύοντος.

2692 1266 2779 1316 Es.

2691 1347 2847 1448 :ng-
2875 1344 2924 1395 5.

2689 1751 2855 1816 Supra
2877 1767 2926 1802 v.

190 3689 557 3780 Ἀπεκρίθη
611 3686 726 3756 οὖν
778 3684 1031 3755 ἐκεῖνος
1088 3684 1159 3754 Εἰ
1212 3688 1609 3778 ἁμαρτωλός
1661 3687 1837 3756 ἐστιν
1890 3689 2007 3754 οὐκ
2060 3682 2227 3756 οἶδα·
2306 3689 2379 3756 ἓν
2433 3682 2601 3769 οἶδα,
2635 3703 2711 3765 25

879 3816 981 3882 ὅτι
1033 3814 1282 3902 τυφλὸς
1334 3813 1429 3879 ὢν
1482 3814 1630 3904 ἄρτι
1687 3815 1932 3893 βλέπω.
2632 3791 2669 3835 ⁰

320 3968 621 4070 Διττὴν,
682 3972 778 4053 ὡς
833 3969 1076 4067 ἔοικεν,
1134 3969 1175 4047 5
1235 3966 1409 4048 ποτὲ
1468 3966 1750 4073 τυφλὸς
1809 3969 2341 4065 συνεκομίσατο
2398 3965 2609 4074 χάριν

196 4092 407 4198 παρὰ
481 4097 840 4196 Χριστοῦ·
929 4091 1543 4194 συνελαμπρύνθη
1618 4126 1775 4176 πως
1847 4092 2039 4198 αὐτῷ
2114 4089 2186 4170 δὲ
2258 4098 2407 4177 τοῖς
2480 4102 2609 4173 τοῦ

89 4252 169 4310 30
197 4219 553 4320 σώματος
611 4218 1024 4324 ὀφθαλμοῖς
1080 4249 1197 4295 και
1261 4217 1302 4295 5
1360 4222 1546 4299 νοῦς·
1632 4216 1750 4294 καὶ
1807 4214 2015 4315 ἡλίου
2070 4212 2200 4313 μὲν
2255 4224 2383 4295 τοῦ
2441 4216 2605 4295 καθ’

196 4344 397 4445 ἡμᾶς
450 4376 538 4421 το
594 4337 825 4425 σε’λας
879 4342 955 4420 ἐν
1008 4344 1378 4442 σαρκικοῖς
1432 4338 1574 4442 ἕχει
1629 4344 1777 4422 τοῖς
1831 4337 2174 4436 ὄμμασιν,
2229 4340 2482 4419 ἀκτῖνα
2536 4338 2611 4420 δὲ

588 4541 613 4575 ς
640 4518 706 4573 Β.
733 4518 925 4586 Κυρίου
951 4515 1134 4573 Holst.
1162 4515 1266 4572 Ed.
1719 4514 1849 4583 caea
1873 4514 1940 4570 Β.
1943 4513 2086 4606 [L.]
2116 4523 2155 4569 B
2191 4515 2354 4570 θεσδὰ
2382 4515 2483 4571 Ht.
2508 4514 2614 4572 Ed.

202 4536 310 4668 17.⁷
332 4613 467 4650 ποτε
372 4521 706 4646 Σωῐξοτότε
733 4588 830 4642 Ht.
858 4586 964 4643 Ed.
1181 4604 1267 4659 29.
1301 4608 1411 4644 πως
1433 4586 1570 4658 αὐτῷ
1556 4523 1747 4641 ιδέΒΒ.
1771 4587 1874 4657 γὰρ
1899 4586 2037 4659 αὐτῷ
2061 4603 2111 4641 a.

1322 4687 1499 4736 Aa2
