3238 5158
210 351 318 403 xv,
350 349 403 393 1.
581 327 689 393 IN
750 327 818 392 S.
866 327 1382 395 JOANNEM.
1474 328 1671 394 LIB.
1718 330 1801 394 X.
1894 330 2100 395 CAP.
2149 330 2244 395 11.
2484 330 2610 394 541

210 499 342 594 τῆς
377 495 572 602 αὐτῷ
607 496 724 574 καὶ
759 492 959 603 μόνῳ
993 493 1415 596 πρεπούσης
1449 493 1748 600 ἔναρχος
1785 493 1997 601 ἀρχή·
2060 494 2177 575 διὰ
2207 503 2439 575 ’τοῦτο
2485 491 2615 594 μὲν

209 619 369 723 ῥίζα
422 619 672 723 ὥσπερ
726 618 1053 724 ἄμπελος
1110 621 1150 698 ὀ
1204 616 1553 722 Χριστός,
1599 618 1936 719 κλήματα
1991 618 2067 701 δὲ
2122 619 2343 718 ἡμεῖς.
2423 625 2482 698 εἰ
2537 616 2614 698 δὲ

209 744 538 846 γεωργὸν
576 742 910 842 ὠνόμασε
948 741 1074 822 τὸν
1115 743 1437 844 Πατέρα,
1477 741 1580 842 μὴ
1617 742 1819 848 εἴπῃς
1856 747 1952 827 ὡς
1989 744 2456 847 ἐτεροούσιον.
2530 744 2617 823 οὐ

210 867 359 971 γὰρ
412 875 623 948 τοῦτο
673 871 994 967 σημῆναι
1042 865 1407 965 βούλεται,
1445 864 1768 968 καθάπερ
1814 865 2206 971 εἰρήκαμεν,
2245 870 2414 947 ἀλλ’
2454 869 2608 948 ἐπι-

134 1017 179 1079 5
212 992 446 1098 δεῖξαι
496 990 842 1092 θελήσας,
880 990 991 1070 ὅτι
1046 996 1162 1071 καί
1215 988 1373 1095 ῥίζα
1431 993 1546 1070 καὶ
1601 990 1789 1095 ἀρχὴ
1841 995 1967 1091 τῆς
2016 995 2092 1071 ἐν
2130 993 2298 1091 ἡμῖν
2333 1026 2608 1094 καρπο-

215 1114 476 1224 φορίας
510 1119 988 1215 πνευματικῆς
1026 1117 1142 1195 καί
1181 1114 1361 1218 ζωῆς
1398 1113 1442 1214 ἦ
1481 1115 1637 1194 θεία
1671 1115 1922 1217 γέγονε
1971 1114 2216 1219 φύσις,
2252 1117 2434 1219 πρὸς
2470 1121 2617 1200 τοῖς
2640 1150 2677 1191 a
2722 1137 2856 1191 862
2874 1134 2952 1190 A.

218 1240 603 1344 εἰρημένοις
658 1242 978 1342 ἀγαθοῖς,
1017 1242 1112 1323 ὡς
1160 1242 1236 1318 ἐν
1277 1247 1602 1342 γεωργοῦ
1659 1272 1848 1323 τινος
1903 1238 2105 1345 τάξει
2160 1239 2611 1344 χαριζομένη,

219 1366 339 1444 καὶ
385 1364 831 1469 ἐπιφέρουσα
881 1369 1030 1448 τοῖς
1082 1361 1200 1442 διὰ
1245 1363 1560 1455 πίστεως
1607 1363 2065 1460 κεκλημένοις
2104 1369 2202 1448 εἰς
2251 1365 2620 1444 κοινωνίαν

221 1488 440 1586 αὐτῆς
489 1485 622 1586 τὴν
658 1488 1051 1593 ἐπίσκεψιν
1085 1491 1213 1586 τῆς
1264 1486 1575 1587 ἀγάπης.
1658 1485 1862 1566 οὐδὲν
1898 1487 2024 1567 οῦν
2061 1487 2202 1590 ἄρα
2246 1495 2623 1573 παντελῶς
2707 1544 2712 1553 ·

10 1666 14 1715 ;
100 1610 269 1710 ιοὴ
320 1616 467 1688 τῶν
500 1610 1102 1714 παραδειγμάτων
1135 1608 1558 1710 ἀνομοιότης
1612 1607 1796 1711 πρὸς
1845 1609 1972 1689 τὸν
2009 1614 2136 1709 τῆς
2182 1612 2432 1696 οὐσίας
2481 1610 2625 1718 ἕξει

224 1730 480 1835 λόγον·
570 1735 652 1813 οὐ
715 1732 858 1836 γὰρ
918 1732 1283 1838 πρόκειται
1348 1737 1501 1815 νυνὶ
1566 1739 1670 1841 τῷ
1736 1738 2021 1837 Σωτῆρι
2090 1739 2395 1842 Χριστῷ
2462 1739 2625 1839 περὶ

224 1858 481 1938 τούτου
534 1891 606 1936 τι
659 1858 918 1961 λέγειν,
956 1859 1126 1938 ἀλλ’
1169 1857 1409 1961 ἕτερον
1445 1857 1589 1963 ἔχει
1645 1857 1929 1939 σκοπὸν
1971 1862 2102 1958 τῆς
2150 1860 2624 1945 διδασκαλίας

224 1983 269 2061 ὀ
309 1979 601 2085 τρόπος.

333 2103 632 2205 Ἐπειδὴ
702 2104 777 2186 δὲ
843 2104 1083 2209 λέγειν
1147 2107 1188 2186 ὀ
1259 2104 1668 2212 παράφρων
1730 2110 1809 2188 ἐκ
1873 2111 2003 2207 τῆς
2061 2108 2364 2208 ἐνούσης
2430 2109 2625 2216 αὐτῷ

102 2265 133 2307 1
149 2259 189 2320 5
222 2229 672 2324 δυσβουλίας
719 2228 812 2309 τὰ
862 2232 990 2310 οὐκ
1046 2232 1279 2332 ὀρθῶς
1328 2229 1586 2336 ἔχοντα
1637 2231 2001 2330 βούλεται,
2038 2233 2163 2311 καί
2206 2238 2472 2334 φησιν,
2515 2231 2625 2312 ὅτι
2648 2248 2693 2314 b

222 2352 449 2453 λόγος
505 2354 731 2438 οὐδεὶς
785 2354 1153 2462 ἐπιτρέψει
1207 2358 1337 2454 τῆς
1391 2356 1662 2439 εὐθείας
1716 2351 1971 2459 ὥσπερ
2018 2354 2444 2461 ἐξέλκοντας
2497 2354 2627 2435 τὸν
2715 2362 2967 2479 {gg-:pm

222 2484 353 2556 τοῦ
407 2476 870 2582 προκειμένου
926 2477 1210 2559 σκοπὸν
1255 2479 1702 2584 περιτρέπειν
1753 2484 1849 2563 εἰς
1903 2477 2038 2579 τὴν
2084 2477 2628 2583 ἐνανθρῶπησιν

223 2609 354 2681 τοῦ
411 2607 768 2705 Χριστοῦ·
850 2604 934 2682 οὐ
995 2599 1137 2704 γὰρ
1196 2601 1674 2709 συνήφθημεν
1732 2604 1926 2710 αὐτῷ
1990 2600 2175 2684 κατὰ
2229 2600 2315 2683 τὸ
2379 2610 2630 2702 σῶμα,

228 2724 401 2804 ἀλλ’
450 2726 609 2807 οὐδὲ
666 2726 913 2825 ἔμενον
969 2732 1037 2806 οἱ
1103 2723 1512 2807 ἀπόστολοι
1578 2730 1674 2811 ὡς
1734 2724 2073 2827 κλήματα
2127 2725 2348 2831 τυχὸν
2402 2729 2478 2805 ἐν
2532 2734 2636 2836 τῷ

107 2893 197 2935 20
230 2849 519 2948 σώματι
574 2858 702 2934 τοῦ
763 2857 1115 2953 Χριστοῦ,
1174 2853 1333 2931 οὔτε
1391 2848 1537 2950 μὴν
1593 2852 1785 2958 αὐτῷ
1845 2849 2027 2931 κατὰ
2084 2859 2341 2931 τοῦτον
2398 2852 2631 2952 συνή-

229 3006 499 3054 πτοντο
533 2972 659 3054 τὸν
695 2972 942 3078 λόγον,
981 2973 1182 3054 ἀλλὰ
1221 2973 1530 3054 διαθέσει
1584 2978 1702 3055 καί
1750 2975 1994 3056 πίστει
2046 2980 2423 3077 εἰλικρινεῖ,
2461 2976 2636 3081 φέρε

227 3131 299 3177 τι
363 3097 605 3202 βραχύ
679 3102 794 3180 καί
870 3097 1053 3201 πρὸς
1127 3106 1354 3178 ταῦτα
1429 3097 1778 3201 λέγωμεν,
1842 3103 2175 3203 πανταχῆ
2248 3096 2639 3183 δεικνύντες

214 3222 677 3328 ἀφραίνοντα
729 3225 845 3302 καὶ
894 3228 1041 3302 τῶν
1087 3227 1294 3325 ἰερῶν
1328 3219 1776 3326 γραμμάτων
1814 3223 1943 3303 οὐκ
2000 3220 2197 3303 ἰόντα
2247 3222 2398 3302 κατ’
2441 3220 2632 3303 εὐθύ.

225 3345 343 3424 ὅτι
377 3346 508 3445 μὲν
547 3344 691 3449 γὰρ
728 3347 1043 3428 διαθέσει
1080 3352 1172 3452 τῇ
1212 3347 1556 3451 νοουμένῃ
1594 3345 1779 3426 κατὰ
1829 3345 1962 3446 τὴν
1998 3346 2280 3427 τελειάν
2317 3343 2698 3449 ἀγάπην,ο

103 3501 193 3564 25
226 3471 411 3576 ὀρθῇ
454 3504 532 3549 τε
580 3473 699 3551 καὶ
747 3468 1222 3579 ἀδιαστρόφῳ
1266 3471 1528 3568 πίστει,
1577 3470 1945 3577 φιλαρέτῳ
1995 3504 2073 3550 τε
2121 3474 2236 3550 καὶ
2286 3476 2651 3572 εἰλικρινεῖ

226 3597 576 3700 λογισμῷ
639 3592 1131 3693 συνενούμεθα
1195 3600 1688 3693 πνευματικῶς
1750 3600 1853 3703 τῷ
1921 3599 2250 3702 Χριστῷ,
2314 3596 2644 3693 οὐδαμῶς

223 3715 704 3824 ἐξαρνήσεται
754 3725 902 3799 τῶν
944 3720 1115 3820 παρ’
1154 3717 1324 3816 ἡμῖν
1372 3718 1756 3821 δογμάτων
1801 3719 1842 3797 ὀ
1891 3718 2142 3820 λόγος·
2205 3728 2645 3821 συνεροῦμεν

223 3840 378 3945 γὰρ
425 3840 535 3920 ὅτι
587 3840 676 3939 δὴ
724 3843 929 3940 μάλα
979 3842 1193 3922 τοῦτό
1244 3850 1481 3946 φασιν
1527 3843 1783 3946 ὀρθῶς·
1858 3842 1942 3923 τὸ
1999 3841 2084 3922 δέ
2129 3876 2215 3943 γε
2271 3848 2634 3944 καταθαρ·

224 3969 466 4064 σῆσαι
525 3965 765 4066 λέγειν
829 3969 927 4049 ὡς
991 3966 1214 4049 οὐδεὶς
1278 3966 1449 4065 ἡμῖν
1505 3966 1901 4073 συναφείας
1968 3970 2097 4066 τῆς
2158 3964 2344 4045 κατὰ
2402 3964 2646 4068 σάρκα

105 4125 195 4184 30
223 4087 412 4191 πρὸς
468 4087 687 4170 αὐτὸν
739 4092 780 4169 ὀ
837 4086 1081 4191 λόγος,
1121 4088 1543 4191 ὁλοκλήρως
1597 4093 1879 4197 ἀπᾷδον
1928 4097 2083 4175 ταῖς
2140 4089 2645 4173 θεοπνεύστοις

223 4219 550 4318 γραφαῖς
615 4213 1077 4320 ἐπιδείξομεν.
1175 4219 1331 4297 πῶς
1394 4212 1539 4317 γὰρ
1606 4210 1699 4292 ἂν
1764 4213 2201 4317 ἀμφίλογον,
2265 4210 2312 4313 ἢ
2378 4212 2486 4297 τίς
2550 4209 2644 4291 ἀν

226 4336 426 4420 ὅλως
476 4336 840 4416 ἐνδοιάσαι
888 4337 1062 4417 ποτὲ
1112 4343 1259 4417 τῶν
1297 4338 1374 4417 εὖ
1426 4342 1719 4445 φρονεῖν
1755 4337 2130 4435 εἰωθότων,
2168 4339 2262 4420 ὡς
2316 4335 2642 4434 ἄμπελος

10 1440 15 1477 f

234 4593 289 4632 2.
326 4573 535 4648 ὥσπερ]
571 4582 627 4641 4
659 4577 743 4632 κιιὶ
768 4576 874 4633 Ed.
899 4575 1081 4632 invitis
1108 4577 1232 4649 ap.
1410 4593 1464 4647 9.
1501 4576 1675 4633 αὐτοῖς
1700 4575 1830 4644 (sic)
1851 4594 1906 4647 p.
2086 4590 2173 4644 3²·
2212 4572 2409 4629 ἐνδοίας
2434 4569 2558 4639 (eie)
2586 4588 2639 4641 p.
