3238 5158
680 367 809 432 ⁷06
1287 371 1366 435 Β.
1414 369 1829 436 CYRILLI
1888 370 2475 436 ALEXANDR.
2786 366 3033 451 xvii.13.

676 536 824 612 τῶν
864 534 1125 614 ἀδικεῖν
1172 533 1523 616 εἰωθότων
1570 533 1651 616 τὸ
1707 541 1899 616 θεῖον
1954 534 2333 637 ἀσύνηθες,
2389 537 2496 615 ἀεὶ
2550 527 2946 631 διαλάμπον
2973 531 3038 607 ἐν

620 651 627 656 ’
676 656 1195 758 ἀκαταλήκτοις
1230 668 1379 745 τοῖς
1414 662 1701 741 ε’νοῦσιν
1734 660 1930 769 αὐτῷ
1962 656 2572 758 πλεονεκτήμασι.

789 781 1187 883 Λελάληκα
1235 785 1473 863 τοίνυν
1524 785 1584 865 ἐν
1636 793 1730 893 τῷ
1787 788 2026 894 κόσμῳ
2074 782 2169 865 τὰ
2214 791 2530 881 τοιαῦτα,
2577 782 2828 890 φησὶν,
2851 779 2956 858 ἵνα,
2985 778 3040 856 οἱ

676 903 1000 1007 ἡμέτεροι
1070 911 1386 1007 μαθηταὶ
1457 905 1567 1001 την
1623 904 1779 1014 ἑμῆν
1851 906 2062 1006 ἔχωσι
2138 903 2365 1015 χώραν
2430 900 2928 1011 πεπληρωμένην
2993 901 3044 978 ἐν

618 1059 654 1103 e
678 1033 931 1114 αὐτοῖς·
1007 1036 1163 1114 πῶς
1217 1029 1296 1110 δὲ
1344 1026 1392 1131 ἢ
1447 1030 1609 1111 τίνα
1662 1028 1954 1135 τρόπον,
2007 1032 2302 1133 ἐροῦμεν
2349 1036 2688 1125 εἰσαῦθις,
2734 1033 2883 1110 ταῖς
2920 1029 3090 1109 τῶν5

677 1152 926 1255 λόγων
981 1155 1368 1263 ἀσαφείαις
1434 1160 1863 1262 φιλονεικεῖν
1927 1155 2056 1235 οῦκ
2119 1153 2581 1255 ὀκνήσαντες·
2657 1148 2880 1261 ᾤοντο
2935 1145 3046 1246 μὲν

675 1276 822 1381 γὰρ
876 1284 941 1358 οἱ
1004 1277 1340 1381 μακάριοι
1398 1283 1733 1379 μαθηταὶ,
1788 1276 2140 1365 συνόντος
2198 1281 2437 1364 αὐτοῖς
2491 1280 2611 1358 καὶ
2663 1271 3046 1372 συνδιατρί-

673 1410 934 1497 βοντος
1005 1410 1135 1483 τοῦ
1200 1409 1550 1505 Χριστοῦ,
1617 1405 1846 1503 δῆλον
1919 1400 1999 1482 δὲ
2073 1402 2183 1483 ὅτι
2256 1401 2443 1483 κατὰ
2502 1400 2751 1505 σάρκα
2815 1394 3043 1504 φαμὲν,

673 1524 923 1625 πάσης
974 1561 1106 1626 μεν
1159 1525 1466 1611 εὐκόλως
1520 1525 2240 1632 ἀπαλλαχθήσεσθαι
2296 1531 2711 1632 συμφορᾶς,
2758 1525 2873 1604 καὶ
2921 1554 3046 1600 κιν-

677 1649 929 1736 δύνους
975 1648 1140 1734 τοὺς
1187 1651 1275 1758 ἐξ
1319 1650 1683 1731 Ἰουδαίων
1720 1656 2353 1754 παραδραμεῖσθαι
2399 1651 2687 1758 ῥαδίως,
2721 1643 3052 1728 ἀνάλωτοί
3070 1674 3123 1715 10

675 1808 754 1855 τε
804 1777 1155 1874 διαμένειν
1187 1782 1337 1860 τοῖς
1384 1774 1722 1855 ἐθέλουσι
1764 1783 2054 1856 κακοῦν·
2128 1773 2664 1928 κεχωρισμένου
2698 1765 2920 1875 γεμὴν
2949 1767 3046 1847 καὶ

675 1932 859 1999 προς
892 1932 979 1978 το
1028 1899 1178 1980 ἅνω
1230 1897 1721 2004 χωρήσαντος,
1755 1900 1974 1979 παντὶ
2020 1933 2152 1998 μεν
2187 1899 2484 1997 ἑτοίμως
2529 1897 3049 2000 περιπεσεῖσθαι

675 2021 996 2129 κινδύνῳ,
1052 2022 1181 2103 τὸν
1236 2022 1313 2103 δὲ
1365 2022 1482 2104 ἐπὶ
1533 2029 1685 2106 τοῖς
1738 2020 2077 2127 ἐσχάτοις
2135 2024 2508 2123 ὑπομεῖναι
2562 2021 2915 2115 κίνδυνον,
2969 2017 3049 2097 ὥς

674 2142 957 2230 οὐδενὸς
1015 2143 1220 2229 ὄντος
1279 2144 1383 2226 ἔτι
1442 2154 1571 2226 τοῦ
1639 2149 1946 2249 διαρκῶς
2006 2145 2495 2246 ἐπαμύνοντος
2560 2147 2683 2224 καὶ
2741 2140 2872 2243 τὴν
2928 2143 3050 2219 τῶν

607 2281 648 2347 d
675 2274 1099 2369 πειρασμῶν
1147 2271 1658 2355 διαπτοοῦντος
1693 2268 1978 2375 ἔφοδον.
2051 2268 2171 2350 διὰ
2207 2267 2476 2369 ταύτην
2514 2269 2645 2349 οὖν
2681 2265 2816 2366 τὴν
2849 2263 3049 2345 αἰτίαν
3070 2286 3122 2345 ¹5

677 2390 818 2493 ἀρα
855 2391 895 2471 ὁ
939 2392 1282 2495 Κύριος
1240 2399 1444 2493 ημῶν
1474 2393 1830 2494 Ἰησοῦς
1799 2428 1840 2473 ο
1877 2390 2224 2497 Χριστος,
2259 2394 2422 2473 οὔτε
2467 2391 2600 2491 τὴν
2639 2388 2849 2498 ἅπαξ
2877 2390 3045 2492 ληφ-

677 2520 928 2596 θεῖσαν
983 2516 1411 2621 ἀρνούμενος
1458 2515 2000 2625 ἀνθρωπότητα,
2058 2518 2219 2598 ουτε
2267 2514 2412 2620 μὴν
2464 2520 2593 2616 τῆς
2649 2515 3049 2618 θεοπρεποῦς

675 2640 1080 2748 ἐξουσίας’
1044 2676 1120 2722 εν
1145 2641 1373 2748 ἐνδεῖα
1406 2639 1760 2744 γεγονότα
1794 2640 2137 2726 δεικνὺς
2101 2676 2372 2740 εαυτον,
2393 2649 2609 2722 τοῦτο
2648 2642 2921 2720 κάκεῖνο
2953 2628 3049 2714 διὰ

674 2770 822 2844 τῶν
848 2762 1095 2866 λόγων
1130 2766 1483 2873 ἐφαίνετο,
1505 2766 1848 2847 δεδόσθαι
1878 2764 2011 2867 μὲν
2045 2767 2142 2852 ὣς
2178 2765 2536 2873 ἀνθρώπω
2562 2764 2808 2865 λεγων
2831 2796 2912 2842 το
2943 2761 3049 2858 τῆς

674 2885 1003 2987 θεότητος
1058 2887 1305 2988 ὄνομα,
1350 2892 1861 2971 ἀποτελεῖσθαι
1920 2889 2146 2993 γεμὴν
2181 2891 2257 2969 ἐν
2309 2891 2503 2997 αὐτῷ
2559 2890 2674 2968 καὶ
2736 2888 2824 2967 δι’
2861 2885 3047 2964 αὐτοῦ
3069 2910 3123 2951 20

672 3010 872 3114 παρὰ
924 3010 1218 3117 Πατρὸς
1267 3011 1400 3114 τὴν
1451 3013 1568 3094 ἐπὶ
1613 3021 1765 3098 τοῖς
1812 3012 2231 3113 σεβομένοις
2280 3010 2498 3093 αὐτὸν
2546 3011 2776 3119 φειδώ
2829 3043 2902 3090 τε
2951 3008 3047 3087 καὶ

671 3134 998 3238 τήρησιν.
1073 3138 1151 3218 τί
1197 3135 1274 3219 δὲ
1330 3136 1473 3241 ἀρα
1519 3133 1606 3218 τὸ
1657 3143 1915 3244 σοφῶς
1962 3135 2053 3239 ἦν
2102 3139 2180 3216 ε’ν
2222 3136 2500 3221 τούτοις
2547 3135 3043 3244 ἐξηρτυμε’νον;

671 3260 790 3340 ἵνα
845 3259 934 3362 δὴ
986 3260 1280 3361 μάθοιεν
1328 3264 1397 3342 οἱ
1447 3259 1788 3364 μακάριοι
1842 3264 2160 3363 μαθηταὶ
2213 3263 2332 3342 καὶ
2385 3266 2667 3341 συνεῖεν
2722 3260 2802 3339 εὖ
2852 3255 3046 3355 μάλα,

672 3384 944 3467 λεπτὸν
977 3384 1504 3487 ἐπιστήσαντες
1550 3391 1656 3493 τῷ
1700 3384 2071 3493 λεγομένῳ
2107 3381 2235 3466 τὸν
2272 3393 2464 3484 νοῦν,
2501 3383 2613 3464 ὅτι
2664 3389 2785 3464 καὶ
2836 3377 3046 3463 συνὸν

670 3507 855 3607 μετὰ
901 3509 1195 3613 σαρκὸς,
1231 3510 1315 3590 οὐ
1352 3508 1469 3590 διὰ
1517 3508 1781 3610 ταύτης
1830 3510 2070 3593 αὐτοῖς
2115 3507 2211 3590 τὰ
2265 3515 2362 3593 εἷς
2411 3506 2782 3610 σωτηρίαν
2829 3499 3040 3609 εἶργά·
3066 3523 3116 3584 ¹5

673 3630 850 3735 ζετο,
887 3631 1059 3713 ἀλλ’
1096 3636 1174 3714 ἐν
1227 3641 1319 3739 τῇ
1374 3638 1505 3733 τῆς
1557 3631 1896 3735 θεότητος
1951 3630 2132 3741 δόξῃ
2188 3636 2307 3714 καὶ
2350 3632 2642 3732 δυνάμει
2690 3637 2785 3737 τῇ
2838 3659 3041 3711 mvr-

676 3760 937 3863 ουργῷ.
1033 3756 1237 3837 οὐδὲν
1290 3759 1416 3837 οὖν
1479 3757 1644 3861 ἄρα,
1700 3760 1955 3861 φησὶν,
2010 3755 2335 3859 ἀδικήσει
2385 3754 2553 3840 τοὺς
2605 3752 2927 3856 μαθητὰς
2975 3745 3045 3829 τὸ

344 3898 477 3954 979
497 3896 580 3952 A.
617 3909 654 3952 a
675 3874 776 3979 μὴ
828 3885 1159 3983 παρεῖναι
1209 3880 1391 3980 μετὰ
1444 3877 1740 3985 σαρκός,
1795 3885 1923 3982 τῆς
1972 3884 2208 3981 θεῖκῆς
2261 3879 2600 3987 ἐξουσίας
2647 3888 2778 3959 τοῦ
2816 3882 3042 3958 Μονο-

673 4011 924 4107 γενοῦς
996 4003 1367 4109 διασώζειν
1440 4002 1754 4090 εὐκόλως
1827 4003 2218 4104 δυναμένης
2291 4003 2569 4101 αὐτοὺς,
2633 4001 2769 4107 κᾷν
2830 4006 2890 4080 εἰ
2956 3990 3042 4098 μὴ

675 4127 1003 4236 φαίνοιτο
1044 4138 1385 4234 παροῦσα
1427 4126 1650 4234 τυχὸν
1697 4129 1744 4229 ἦ
1789 4127 2015 4237 σάρξ.
3061 4144 3113 4202 3⁰

788 4256 937 4334 Καὶ
983 4253 1210 4335 ταῦτά
1264 4259 1525 4361 φαμεν,
1577 4253 1709 4334 οῦκ
1768 4255 1845 4333 ἐν
1897 4255 2002 4362 τῷ
2060 4255 2308 4352 μηδενὶ
2368 4248 2671 4336 τιθέντες
2728 4246 2812 4330 τὸ
2866 4245 3042 4349 ἅγιον

674 4382 895 4475 σῶμα
928 4386 1058 4458 τοῦ
1086 4383 1440 4482 Χριστοῦ,
1475 4375 1577 4477 μὴ
1615 4376 1917 4481 γε’νοιτο,
1954 4378 2126 4457 ἀλλ’
2167 4375 2279 4457 ὅτι
2312 4373 2446 4477 τὴν
2479 4376 2597 4456 ἐπὶ
2631 4381 2780 4460 τοῖς
2812 4383 3036 4455 τελου·
3159 4412 3160 4489 ἢ

1027 4622 1080 4678 3.
1116 4604 1179 4662 ἶν’
1207 4605 1274 4664 Ε.
1813 4623 1897 4680 19.
1933 4606 2178 4681 ἐφαίνετο
2200 4615 2540 4679 assumptum
2565 4623 2630 4661 ex
2656 4605 2721 4661 Ε.
