3238 5158
608 348 732 411 162
1212 348 1293 415 B.
1337 347 1752 414 CYRILLI
1812 349 2388 414 ALEXANDR.
2453 409 2458 414 .
2656 348 2744 413 ix.
2777 367 2875 435 13,
2907 366 3006 429 14.

607 513 1103 617 ἀναισχύντως
1152 512 1390 615 λε’γειν
1433 516 1519 593 οὐ
1569 516 2147 617 παραιτούμενοι.
2229 512 2291 623 ᾧ
2337 513 2482 619 γὰρ
2531 510 2622 613 ἦν
2658 511 2841 598 εἰκὸς
2889 514 3006 593 καὶ

556 689 571 702 ο
608 638 978 718 πλουσίαν
1045 638 1475 743 ὀφείλεσθαι
1538 636 1766 744 δόξαν
1827 637 1963 740 τὴν
2026 642 2103 720 ἐκ
2164 646 2579 743 μικρυσμοῦ
2645 636 3008 739 λοιδορίαν

606 758 1149 862 προσάπτουσι·
1213 762 1438 842 καίτοι
1490 759 1864 861 θαυμάσαι
1914 761 2072 843 δέον
2108 763 2304 866 εἴπερ
2341 759 2536 862 ἦσαν
2571 763 2852 863 ἀγαθοὶ,
2890 762 3007 841 καὶ

607 890 757 967 τοῖς
820 885 1323 987 προσήκουσιν
1386 888 1700 970 ἐπαίνοις
1765 883 1899 985 τὴν
1960 894 2089 967 τοῦ
2156 891 2350 966 Θεοῦ
2414 884 2714 984 δύναμιν
2777 917 2998 963 κατα-

610 1009 910 1113 στέφειν
960 1008 1241 1107 εἱδότες,
1278 1011 1450 1089 ἀλλ’
1488 1009 1668 1111 ὅπερ
1717 1005 1811 1109 ἦν
1860 1005 2056 1107 οἶμαι
2103 1009 2376 1089 δίκαιον
2412 1007 2669 1094 αὐτοὺς
2718 1013 3006 1115 φρονεῖν
3032 1029 3068 1092 5

612 1166 690 1211 τε
746 1137 863 1212 καὶ
918 1135 1097 1236 δρᾶν
1150 1134 1240 1240 ἐξ
1288 1132 1691 1236 ἀμετρήτου
1746 1135 2229 1228 κακοβουλίας
2281 1132 2850 1236 παρωθούμενοι,
2910 1135 3008 1215 εἰς

610 1255 908 1360 ἄκαιρον
942 1256 1519 1361 παρατρέπονται
1557 1257 1811 1361 ζῆλον,
1848 1262 1965 1337 καὶ
2012 1257 2122 1336 ὅτι
2170 1261 2542 1361 προσῆκεν
2577 1254 3007 1363 ἀδικουμένῳ

611 1380 882 1480 τρόπον
936 1380 1097 1461 τινά
1163 1388 1524 1461 συνειπεῖν
1578 1387 1682 1489 τῷ
1737 1379 1935 1488 νόμῳ
1989 1379 2354 1481 κιβδήλως
2409 1378 3003 1479 διενθυμούμενοι,

543 1514 587 1578 d
612 1503 949 1607 ζητοῦσιν
992 1508 1087 1588 ὡς
1143 1502 1640 1609 ἐργασάμενον
1680 1507 1757 1584 ἐν
1794 1503 2159 1613 σαββάτῳ
2210 1502 2339 1585 τὸν
2371 1506 2664 1604 Ἰησοῦν
2709 1507 2827 1585 καὶ
2878 1502 3009 1603 τὴν

608 1630 834 1713 οὕτως
889 1627 1341 1734 ἀξιάγαστον
1384 1625 1689 1727 ἐντολὴν
1731 1627 2181 1728 ἀδικήσαντα
2234 1626 2353 1707 διὰ
2394 1636 2525 1708 τοῦ
2572 1633 3008 1731 θεραπεῦσαι
3039 1652 3117 1696 10

605 1750 735 1832 τὸν
771 1752 1172 1853 ἄνθρωπον.
1253 1749 1435 1834 εἰκὸς
1471 1750 1615 1854 γάρ
1655 1749 1886 1850 δήπου
1922 1749 2225 1854 νομίζειν
2262 1750 2539 1848 αὐτοῦς,
2576 1754 2813 1851 ἀπηνῆ
2848 1783 3010 1830 τινα

609 1882 725 1954 καὶ
800 1877 884 1954 ού
958 1876 1511 1980 φιλοικτίρμονα
1580 1876 1709 1956 τὸν
1784 1875 1976 1955 Θεὸν
2050 1874 2397 1981 ὑπάρχειν
2466 1878 2543 1955 ἐν
2616 1872 3003 1981 σαββάτῳ,

608 2002 1035 2101 ἀγανακτεῖν
1111 1997 1184 2078 δὲ
1261 1996 1560 2105 σφόδρα
1637 1996 1772 2079 κάν
1845 1998 2093 2105 βλέπῃ
2168 1998 2580 2103 σωζόμενον
2648 1996 2777 2078 τὸν
2851 1996 3006 2077 κατ’

609 2120 843 2202 εἰκόνα
910 2125 1025 2203 καὶ
1099 2120 1448 2221 ὁμοίωσιν
1512 2121 1647 2222 τὴν
1710 2124 1929 2203 αὐτοῦ
1995 2121 2369 2225 γεγονότα,
2436 2124 2522 2203 δι’
2587 2120 2669 2203 ὃν
2732 2125 2850 2201 καὶ
2922 2120 3009 2200 τὸ

271 2239 514 2289 snauh.
695 2246 716 2271 1
1281 2245 1301 2274 t
1584 2246 1606 2269 1
1727 2249 1746 2273 ‚
2022 2253 2055 2271 Α
2359 2246 2380 2273 ¹
2577 2249 2596 2273 ε
2716 2245 2766 2275 e*
2974 2252 3008 2270 ο·

270 2305 360 2355 ΧΗ.
381 2305 428 2355 3·
610 2253 1023 2341 σαββατον·
1107 2256 1152 2293 “
1184 2252 1449 2347 Κυριος
1506 2280 1651 2349 γαρ
1709 2280 1869 2326 εστι
1926 2281 2057 2327 του
2114 2254 2509 2343 σαββατου
2565 2282 2606 2327 ο
2670 2280 2815 2330 υιος
2880 2279 3010 2326 του
3043 2273 3120 2335 15

610 2381 655 2419 “
689 2370 1130 2473 ἀνθρώπου,”
1172 2369 1355 2449 κατὰ
1410 2369 1545 2470 τὴν
1588 2380 1718 2451 τοῦ
1776 2374 2114 2473 Σωτῆρος
2168 2371 2442 2478 φωνήν.

384 2625 456 2682 13
510 2618 899 2691 14’A1-000w
951 2616 1149 2683 αὐτὸν
1197 2616 1364 2706 πρόο
1416 2615 1570 2681 τοὺς
1622 2616 2020 2706 Φαρισαίους
2073 2617 2186 2686 τόν
2235 2638 2397 2683 ποτε
2450 2615 2721 2703 τυφλόν.
2809 2609 2887 2680 ἦν
2934 2613 3010 2680 δὲ

549 2767 586 2810 ο
712 2744 1034 2821 σάββατον
1104 2743 1174 2807 ἐν
1248 2739 1286 2833 ᾗ
1360 2742 1570 2833 ἡμέρᾳ
1638 2742 1753 2809 τὸν
1824 2741 2036 2809 πι-ιλόν
2106 2741 2414 2809 ἐποίησεν
2474 2742 2512 2808 ὃ
2573 2741 2830 2807 Ἰι-ισοῦο
2900 2739 3010 2804 καὶ

710 2867 969 2936 ἤνοιξεν
1024 2869 1224 2934 αὐτοῦ
1280 2867 1433 2934 τοὺς
1486 2868 1896 2954 ὀφθαλμούς.

718 3032 1284 3137 Ἀποκομίζουσι
1321 3038 1470 3116 τοῖς
1505 3031 1920 3135 ἡγουμένοις
1956 3031 2084 3113 τὸν
2121 3031 2524 3139 ἄνθρωπον,
2563 3031 2699 3137 οὐχ
2747 3029 2866 3109 ἵνα
2914 3028 3012 3109 τὰ
3042 3062 3124 3104 20

606 3157 714 3238 ἐπ’
756 3157 947 3264 αὐτῷ
1000 3155 1350 3253 μαθόντες
1404 3154 1908 3254 θαυμάσωσιν·
1981 3156 2066 3235 οὗ
2120 3155 2264 3259 γὰρ
2319 3151 2410 3254 ἦν
2465 3152 2644 3238 εἰκὸς
2699 3154 2824 3234 ε’πί
2870 3187 3013 3234 τινι

607 3286 753 3359 τῶν
827 3279 1168 3361 τοιούτων
1239 3280 1559 3380 ἡσθῆναί
1624 3314 1800 3360 ποτε
1871 3276 2039 3365 τοὺς
2113 3279 2553 3381 ἀσύγκριτον
2626 3276 3013 3363 ὧδίνοντας

275 3423 414 3478 606
434 3421 514 3477 A.
549 3436 587 3475 a
609 3401 885 3509 φθόνον
922 3401 1107 3481 κατὰ
1153 3412 1282 3484 τοῦ
1335 3407 1673 3507 Σωτῆρος
1722 3404 1925 3502 ἡμῶν
1959 3408 2315 3507 Χριστοῦ,
2351 3402 2522 3482 ἀλλ’
2558 3405 2656 3485 ως
2705 3402 3013 3502 ἔνδηλον

608 3524 1210 3625 καταστήσοντες,
1259 3526 1580 3630 καθάπερ
1639 3524 1888 3636 ᾤοντο,
1925 3526 2058 3626 τὴν
2107 3528 2564 3631 παρανομίαν
2612 3527 2853 3622 αὐτοῦ,
2889 3526 3013 3605 καὶ

609 3650 1225 3754 κατηγορήσοντες
1280 3653 1374 3733 ὡς
1433 3651 1816 3750 ἠδικηκότα
1871 3650 1991 3731 διὰ
2049 3651 2133 3731 τὸ
2193 3650 2572 3754 εἰργάσθαι
2629 3648 2873 3751 πηλὸν
2930 3651 3012 3730 ἐν
3046 3674 3127 3736 25

607 3772 995 3883 σαββάτῳ.
1076 3770 1160 3854 τὸ
1197 3772 1340 3876 γάρ
1376 3775 1491 3853 ἐπὶ
1526 3780 1632 3882 τῷ
1667 3773 2060 3884 παραδόξῳ
2098 3781 2339 3874 θαῦμα
2378 3778 2869 3871 λακτίσαντες,
2909 3776 3013 3859 ὡς

604 3898 1101 3999 πλημμελείας
1151 3904 1279 3978 τοῦ
1328 3896 1755 4002 πράγματος
1801 3897 2362 4004 ἐπιδράττονται,
2399 3896 2709 4004 ἔλεγχον
2751 3894 3012 4000 ὥσπερ

602 4029 751 4103 τῶν
785 4022 1231 4126 δεδραμένων
1263 4022 1854 4129 παραδεικνύντες
1889 4021 2018 4105 τὸν
2053 4023 2459 4127 ἄνθρωπον,
2492 4024 2606 4129 ἐφ’
2646 4018 2704 4130 ᾧ
2738 4020 3008 4102 τετόλ-

683 4258 729 4297 1.
764 4239 941 4312 λέγειν
963 4250 1302 4314 assumptum
1328 4260 1394 4298 ex
1424 4243 1541 4298 B.e.
1571 4242 1738 4299 Cord.
1850 4239 1894 4317 ᾧ
1917 4243 2169 4299 emendat
2196 4243 2396 4316 Heyue.
2424 4243 2486 4298 οὔ
2512 4242 2580 4297 Β.
2608 4240 2713 4298 Ed.
2787 4241 3014 4298 Desunt

605 4312 737 4367 baec
761 4312 818 4366 in
844 4312 1080 4368 Catenis.
1196 4329 1246 4367 2.
1273 4314 1625 4383 ἐκμυκρισμοῦ
1653 4314 1719 4370 Β.
1745 4314 1800 4369 ἐκ
1824 4318 2120 4385 μικρυσμοῦ
2142 4315 2447 4369 emendavit
2474 4313 2654 4368 Holut.
2766 4329 2852 4368 21.
2878 4312 3012 4368 θαυ-

603 4385 839 4471 μάζωσιν
861 4401 907 4438 a.
1050 4454 1097 4508 B
1140 4400 1320 4508 Ed23.
1357 4384 1520 4455 δήλην
1542 4403 1591 4441 a.
1693 4386 1886 4440 Statim
1911 4385 2330 4475 rafam-boon&
2353 4403 2399 4440 a.
2428 4396 2481 4440 et
2503 4385 2577 4474 it?
2600 4383 2855 4510 voluitHH
2950 4424 3011 4509 d.

604 4469 1697 4667 Jffszw‘ffiff‘
1735 4457 2911 4599 mmmmm
2937 4493 3012 4581 ¹³³
