<?xml version="1.0" encoding="UTF-8"?>
<!DOCTYPE html PUBLIC "-//W3C//DTD XHTML 1.0 Transitional//EN"
    "http://www.w3.org/TR/xhtml1/DTD/xhtml1-transitional.dtd">
<html xmlns="http://www.w3.org/1999/xhtml" xml:lang="en" lang="en">
 <head>
  <title>
</title>
<meta http-equiv="Content-Type" content="text/html;charset=utf-8" />
  <meta name='ocr-system' content='tesseract 3.04.00' />
  <meta name='ocr-capabilities' content='ocr_page ocr_carea ocr_par ocr_line ocrx_word'/>
</head>
<body>
  <div class='ocr_page' id='page_1' title='image "./sanctipatrisnos03pusegoog_0510.png"; bbox 0 0 3238 5158; ppageno 0'>
   <div class='ocr_carea' id='block_1_1' title="bbox 295 316 3204 4542">
    <p class='ocr_par' dir='ltr' id='par_1_1' title="bbox 611 316 3062 397">
     <span class='ocr_line' id='line_1_1' title="bbox 611 316 3062 397; baseline -0.004 -11"><span class='ocrx_word' id='word_1_1' title='bbox 611 320 744 386; x_wconf 79' lang='lat'>4⁰8</span> <span class='ocrx_word' id='word_1_2' title='bbox 1220 324 1301 388; x_wconf 90' lang='grc' dir='ltr'>Β.</span> <span class='ocrx_word' id='word_1_3' title='bbox 1346 322 1768 390; x_wconf 84' lang='lat' dir='ltr'><strong>CYRILLI</strong></span> <span class='ocrx_word' id='word_1_4' title='bbox 1828 320 2413 388; x_wconf 85' lang='lat' dir='ltr'>ALEXANDR.</span> <span class='ocrx_word' id='word_1_5' title='bbox 2807 316 3062 397; x_wconf 75' lang='lat' dir='ltr'><strong>xiv.23.</strong></span> 
     </span>
    </p>

    <p class='ocr_par' dir='ltr' id='par_1_2' title="bbox 612 476 3061 592">
     <span class='ocr_line' id='line_1_2' title="bbox 612 476 3061 592; baseline -0.001 -29"><span class='ocrx_word' id='word_1_6' title='bbox 612 493 658 530; x_wconf 75' lang='lat'>‘⁴</span> <span class='ocrx_word' id='word_1_7' title='bbox 697 484 917 584; x_wconf 77' lang='grc' dir='ltr'>ὑμῶν,</span> <span class='ocrx_word' id='word_1_8' title='bbox 992 484 1255 592; x_wconf 80' lang='grc' dir='ltr'>κράζον</span> <span class='ocrx_word' id='word_1_9' title='bbox 1315 489 1569 584; x_wconf 85' lang='grc' dir='ltr'>Ἀββᾶ</span> <span class='ocrx_word' id='word_1_10' title='bbox 1642 488 1685 567; x_wconf 83' lang='grc' dir='ltr'>ὁ</span> <span class='ocrx_word' id='word_1_11' title='bbox 1757 486 2071 591; x_wconf 81' lang='grc' dir='ltr'>πατήρ.”</span> <span class='ocrx_word' id='word_1_12' title='bbox 2167 488 2342 592; x_wconf 77' lang='grc' dir='ltr'>ὁρᾷς</span> <span class='ocrx_word' id='word_1_13' title='bbox 2414 483 2638 567; x_wconf 72' lang='grc' dir='ltr'>ὅπως</span> <span class='ocrx_word' id='word_1_14' title='bbox 2718 477 2815 560; x_wconf 76' lang='grc' dir='ltr'>τὸ</span> <span class='ocrx_word' id='word_1_15' title='bbox 2891 476 3061 558; x_wconf 76' lang='grc' dir='ltr'>αὐτὸ</span> 
     </span>
    </p>

    <p class='ocr_par' dir='ltr' id='par_1_3' title="bbox 617 612 3063 714">
     <span class='ocr_line' id='line_1_3' title="bbox 617 612 3063 714; baseline -0.001 -27"><span class='ocrx_word' id='word_1_16' title='bbox 617 612 918 709; x_wconf 82' lang='grc' dir='ltr'>Πνεῦμα</span> <span class='ocrx_word' id='word_1_17' title='bbox 971 618 1100 691; x_wconf 89' lang='grc' dir='ltr'>τοῦ</span> <span class='ocrx_word' id='word_1_18' title='bbox 1155 645 1233 692; x_wconf 89' lang='grc' dir='ltr'>τε</span> <span class='ocrx_word' id='word_1_19' title='bbox 1292 613 1585 714; x_wconf 83' lang='grc' dir='ltr'>Πατρός</span> <span class='ocrx_word' id='word_1_20' title='bbox 1638 614 1798 693; x_wconf 81' lang='grc' dir='ltr'>ε’στι</span> <span class='ocrx_word' id='word_1_21' title='bbox 1853 614 1974 691; x_wconf 84' lang='grc' dir='ltr'>καὶ</span> <span class='ocrx_word' id='word_1_22' title='bbox 2032 617 2160 692; x_wconf 83' lang='grc' dir='ltr'>τοῦ</span> <span class='ocrx_word' id='word_1_23' title='bbox 2213 614 2444 705; x_wconf 71' lang='grc' dir='ltr'>Υἱοῦς</span> <span class='ocrx_word' id='word_1_24' title='bbox 2530 612 3063 686; x_wconf 71' lang='grc' dir='ltr'>κατοικοῦντος</span> 
     </span>
    </p>

    <p class='ocr_par' dir='ltr' id='par_1_4' title="bbox 555 728 3188 970">
     <span class='ocr_line' id='line_1_4' title="bbox 616 728 3063 838; baseline -0.002 -26"><span class='ocrx_word' id='word_1_25' title='bbox 616 733 744 812; x_wconf 82' lang='grc' dir='ltr'>οὖν</span> <span class='ocrx_word' id='word_1_26' title='bbox 780 732 924 836; x_wconf 79' lang='grc' dir='ltr'>ἀρα</span> <span class='ocrx_word' id='word_1_27' title='bbox 959 741 1091 814; x_wconf 89' lang='grc' dir='ltr'>τοῦ</span> <span class='ocrx_word' id='word_1_28' title='bbox 1127 740 1591 838; x_wconf 85' lang='grc' dir='ltr'>Μονογενοῦς</span> <span class='ocrx_word' id='word_1_29' title='bbox 1628 738 1704 816; x_wconf 79' lang='grc' dir='ltr'>ἐν</span> <span class='ocrx_word' id='word_1_30' title='bbox 1739 741 1896 819; x_wconf 90' lang='grc' dir='ltr'>ταῖς</span> <span class='ocrx_word' id='word_1_31' title='bbox 1931 736 2250 837; x_wconf 73' lang='grc' dir='ltr'>καρδίαις</span> <span class='ocrx_word' id='word_1_32' title='bbox 2284 733 2516 834; x_wconf 74' lang='grc' dir='ltr'>ἡμῶν,</span> <span class='ocrx_word' id='word_1_33' title='bbox 2555 731 2702 809; x_wconf 79' lang='grc' dir='ltr'>οὐκ</span> <span class='ocrx_word' id='word_1_34' title='bbox 2741 728 3063 808; x_wconf 75' lang='grc' dir='ltr'>ἄπεστιν</span> 
     </span>
     <span class='ocr_line' id='line_1_5' title="bbox 555 854 3188 970; baseline -0.002 -34"><span class='ocrx_word' id='word_1_35' title='bbox 555 890 592 935; x_wconf 85' lang='grc' dir='ltr'>ο</span> <span class='ocrx_word' id='word_1_36' title='bbox 616 858 658 937; x_wconf 82' lang='grc' dir='ltr'><strong>ὁ</strong></span> <span class='ocrx_word' id='word_1_37' title='bbox 716 857 999 961; x_wconf 89' lang='grc' dir='ltr'>Πατήρ·</span> <span class='ocrx_word' id='word_1_38' title='bbox 1068 858 1214 964; x_wconf 82' lang='grc' dir='ltr'>ἔχει</span> <span class='ocrx_word' id='word_1_39' title='bbox 1268 859 1417 964; x_wconf 80' lang='grc' dir='ltr'>γὰρ</span> <span class='ocrx_word' id='word_1_40' title='bbox 1472 861 1513 938; x_wconf 84' lang='grc' dir='ltr'>ὁ</span> <span class='ocrx_word' id='word_1_41' title='bbox 1567 857 1746 944; x_wconf 79' lang='grc' dir='ltr'>Υἱὸς</span> <span class='ocrx_word' id='word_1_42' title='bbox 1800 862 1876 939; x_wconf 84' lang='grc' dir='ltr'>ἐν</span> <span class='ocrx_word' id='word_1_43' title='bbox 1931 863 2160 966; x_wconf 72' lang='grc' dir='ltr'>ἑαυτῷ</span> <span class='ocrx_word' id='word_1_44' title='bbox 2211 856 2341 938; x_wconf 82' lang='grc' dir='ltr'>τὸν</span> <span class='ocrx_word' id='word_1_45' title='bbox 2389 854 2840 958; x_wconf 84' lang='grc' dir='ltr'>γεννήτορα,</span> <span class='ocrx_word' id='word_1_46' title='bbox 2892 857 3063 950; x_wconf 78' lang='grc' dir='ltr'>μιᾶς</span> <span class='ocrx_word' id='word_1_47' title='bbox 3187 909 3188 970; x_wconf 31' lang='grc'>1</span> 
     </span>
    </p>

    <p class='ocr_par' dir='ltr' id='par_1_5' title="bbox 613 978 3190 1094">
     <span class='ocr_line' id='line_1_6' title="bbox 613 978 3190 1094; baseline -0.003 -33"><span class='ocrx_word' id='word_1_48' title='bbox 613 978 799 1084; x_wconf 77' lang='grc' dir='ltr'>πρὸς</span> <span class='ocrx_word' id='word_1_49' title='bbox 853 979 1071 1062; x_wconf 78' lang='grc' dir='ltr'>αὐτὸν</span> <span class='ocrx_word' id='word_1_50' title='bbox 1127 982 1473 1090; x_wconf 78' lang='grc' dir='ltr'>ὑπάρχων</span> <span class='ocrx_word' id='word_1_51' title='bbox 1525 984 1798 1082; x_wconf 80' lang='grc' dir='ltr'>οὐσίας,</span> <span class='ocrx_word' id='word_1_52' title='bbox 1855 982 2015 1063; x_wconf 80' lang='grc' dir='ltr'>ἔστι</span> <span class='ocrx_word' id='word_1_53' title='bbox 2070 981 2146 1063; x_wconf 80' lang='grc' dir='ltr'>δὲ</span> <span class='ocrx_word' id='word_1_54' title='bbox 2201 982 2317 1062; x_wconf 74' lang='grc' dir='ltr'>καὶ</span> <span class='ocrx_word' id='word_1_55' title='bbox 2371 978 2596 1062; x_wconf 77' lang='grc' dir='ltr'>αὐτὸς</span> <span class='ocrx_word' id='word_1_56' title='bbox 2657 980 2748 1058; x_wconf 85' lang='grc' dir='ltr'>ἐν</span> <span class='ocrx_word' id='word_1_57' title='bbox 2809 978 3060 1076; x_wconf 68' lang='lat' dir='ltr'>[Iar-pl</span> <span class='ocrx_word' id='word_1_58' title='bbox 3081 995 3111 1053; x_wconf 84' lang='lat'>5</span> <span class='ocrx_word' id='word_1_59' title='bbox 3189 1075 3190 1094; x_wconf 12' lang='grc' dir='ltr'>χ</span> 
     </span>
    </p>

    <p class='ocr_par' dir='ltr' id='par_1_6' title="bbox 616 1110 967 1209">
     <span class='ocr_line' id='line_1_7' title="bbox 616 1110 967 1209; baseline 0 -24"><span class='ocrx_word' id='word_1_60' title='bbox 616 1110 967 1209; x_wconf 79' lang='grc' dir='ltr'>φυσικῶς.</span> 
     </span>
    </p>

    <p class='ocr_par' dir='ltr' id='par_1_7' title="bbox 615 1222 3132 1953">
     <span class='ocr_line' id='line_1_8' title="bbox 727 1222 3058 1335; baseline -0.003 -26"><span class='ocrx_word' id='word_1_61' title='bbox 727 1230 826 1309; x_wconf 87' lang='grc' dir='ltr'>Ὁ</span> <span class='ocrx_word' id='word_1_62' title='bbox 862 1228 998 1331; x_wconf 78' lang='grc' dir='ltr'>μὲν</span> <span class='ocrx_word' id='word_1_63' title='bbox 1032 1231 1160 1311; x_wconf 78' lang='grc' dir='ltr'>οὖν</span> <span class='ocrx_word' id='word_1_64' title='bbox 1194 1235 1324 1331; x_wconf 86' lang='grc' dir='ltr'>τῆς</span> <span class='ocrx_word' id='word_1_65' title='bbox 1358 1232 1674 1316; x_wconf 85' lang='grc' dir='ltr'>πίστεως</span> <span class='ocrx_word' id='word_1_66' title='bbox 1724 1230 1893 1335; x_wconf 83' lang='grc' dir='ltr'>ὅρος</span> <span class='ocrx_word' id='word_1_67' title='bbox 1940 1266 2020 1312; x_wconf 89' lang='grc' dir='ltr'>τε</span> <span class='ocrx_word' id='word_1_68' title='bbox 2072 1234 2192 1310; x_wconf 84' lang='grc' dir='ltr'>καὶ</span> <span class='ocrx_word' id='word_1_69' title='bbox 2238 1228 2655 1310; x_wconf 80' lang='grc' dir='ltr'>ἀνυπαίτιος</span> <span class='ocrx_word' id='word_1_70' title='bbox 2697 1224 2932 1308; x_wconf 83' lang='grc' dir='ltr'>οὗτος</span> <span class='ocrx_word' id='word_1_71' title='bbox 2967 1222 3058 1303; x_wconf 77' lang='grc' dir='ltr'>ἂν</span> 
     </span>
     <span class='ocr_line' id='line_1_9' title="bbox 615 1347 3056 1463; baseline -0.002 -31"><span class='ocrx_word' id='word_1_72' title='bbox 615 1351 722 1453; x_wconf 83' lang='grc' dir='ltr'>εἵη</span> <span class='ocrx_word' id='word_1_73' title='bbox 774 1352 1025 1456; x_wconf 86' lang='grc' dir='ltr'>λόγος·</span> <span class='ocrx_word' id='word_1_74' title='bbox 1083 1356 1375 1459; x_wconf 82' lang='grc' dir='ltr'>ἐροίμην</span> <span class='ocrx_word' id='word_1_75' title='bbox 1410 1356 1476 1435; x_wconf 86' lang='grc' dir='ltr'>δ’</span> <span class='ocrx_word' id='word_1_76' title='bbox 1517 1351 1607 1435; x_wconf 80' lang='grc' dir='ltr'>ἂν</span> <span class='ocrx_word' id='word_1_77' title='bbox 1640 1357 1755 1436; x_wconf 78' lang='grc' dir='ltr'>ἐπὶ</span> <span class='ocrx_word' id='word_1_78' title='bbox 1809 1354 2042 1463; x_wconf 78' lang='grc' dir='ltr'>τούτῳ</span> <span class='ocrx_word' id='word_1_79' title='bbox 2092 1355 2209 1434; x_wconf 74' lang='grc' dir='ltr'>καὶ</span> <span class='ocrx_word' id='word_1_80' title='bbox 2258 1350 2427 1432; x_wconf 84' lang='grc' dir='ltr'>λίαν</span> <span class='ocrx_word' id='word_1_81' title='bbox 2460 1350 2690 1451; x_wconf 76' lang='grc' dir='ltr'>ἡδέως</span> <span class='ocrx_word' id='word_1_82' title='bbox 2740 1347 2930 1432; x_wconf 75' lang='grc' dir='ltr'>τούς</span> <span class='ocrx_word' id='word_1_83' title='bbox 2979 1349 3056 1427; x_wconf 83' lang='grc' dir='ltr'>ἐκ</span> 
     </span>
     <span class='ocr_line' id='line_1_10' title="bbox 615 1473 3050 1586; baseline -0.002 -30"><span class='ocrx_word' id='word_1_84' title='bbox 615 1481 901 1577; x_wconf 85' lang='grc' dir='ltr'>πολλῆς</span> <span class='ocrx_word' id='word_1_85' title='bbox 951 1478 1260 1576; x_wconf 81' lang='grc' dir='ltr'>ἀμαθίας</span> <span class='ocrx_word' id='word_1_86' title='bbox 1314 1478 1755 1586; x_wconf 78' lang='grc' dir='ltr'>ἑτεροδοξεῖν</span> <span class='ocrx_word' id='word_1_87' title='bbox 1810 1477 2214 1578; x_wconf 67' lang='grc' dir='ltr'>ἑλομένους,</span> <span class='ocrx_word' id='word_1_88' title='bbox 2271 1478 2390 1555; x_wconf 80' lang='grc' dir='ltr'>καὶ</span> <span class='ocrx_word' id='word_1_89' title='bbox 2444 1480 2536 1582; x_wconf 80' lang='grc' dir='ltr'>τῇ</span> <span class='ocrx_word' id='word_1_90' title='bbox 2588 1480 2730 1553; x_wconf 88' lang='grc' dir='ltr'>τοῦ</span> <span class='ocrx_word' id='word_1_91' title='bbox 2791 1473 3050 1552; x_wconf 79' lang='grc' dir='ltr'>Πνεύ·</span> 
     </span>
     <span class='ocr_line' id='line_1_11' title="bbox 615 1593 3132 1710; baseline -0.002 -30"><span class='ocrx_word' id='word_1_92' title='bbox 615 1635 846 1702; x_wconf 84' lang='grc' dir='ltr'>ματος</span> <span class='ocrx_word' id='word_1_93' title='bbox 894 1600 1075 1710; x_wconf 78' lang='grc' dir='ltr'>δόξῃ</span> <span class='ocrx_word' id='word_1_94' title='bbox 1123 1600 1256 1703; x_wconf 81' lang='grc' dir='ltr'>τὴν</span> <span class='ocrx_word' id='word_1_95' title='bbox 1300 1603 1564 1683; x_wconf 77' lang='grc' dir='ltr'>οἰκείαν</span> <span class='ocrx_word' id='word_1_96' title='bbox 1606 1601 2120 1709; x_wconf 70' lang='grc' dir='ltr'>ἐξοπλίζὸντας</span> <span class='ocrx_word' id='word_1_97' title='bbox 2165 1606 2531 1704; x_wconf 78' lang='grc' dir='ltr'>γλῶτταν.</span> <span class='ocrx_word' id='word_1_98' title='bbox 2608 1599 2694 1678; x_wconf 87' lang='grc' dir='ltr'>τί</span> <span class='ocrx_word' id='word_1_99' title='bbox 2745 1595 2910 1699; x_wconf 80' lang='grc' dir='ltr'>γὰρ</span> <span class='ocrx_word' id='word_1_100' title='bbox 2965 1593 3052 1695; x_wconf 84' lang='grc' dir='ltr'>δὴ</span> <span class='ocrx_word' id='word_1_101' title='bbox 3080 1630 3132 1670; x_wconf 85' lang='lat'>10</span> 
     </span>
     <span class='ocr_line' id='line_1_12' title="bbox 617 1721 3053 1832; baseline -0.002 -27"><span class='ocrx_word' id='word_1_102' title='bbox 617 1729 737 1806; x_wconf 83' lang='grc' dir='ltr'>καὶ</span> <span class='ocrx_word' id='word_1_103' title='bbox 786 1731 1019 1832; x_wconf 82' lang='grc' dir='ltr'>φαῖεν,</span> <span class='ocrx_word' id='word_1_104' title='bbox 1056 1724 1230 1806; x_wconf 79' lang='grc' dir='ltr'>ὅταν</span> <span class='ocrx_word' id='word_1_105' title='bbox 1267 1726 1597 1829; x_wconf 82' lang='grc' dir='ltr'>λέγωμεν</span> <span class='ocrx_word' id='word_1_106' title='bbox 1644 1727 1885 1811; x_wconf 79' lang='grc' dir='ltr'>αὐτοῖς</span> <span class='ocrx_word' id='word_1_107' title='bbox 1922 1731 2016 1805; x_wconf 79' lang='grc' dir='ltr'>Εἰ</span> <span class='ocrx_word' id='word_1_108' title='bbox 2067 1724 2364 1806; x_wconf 82' lang='grc' dir='ltr'>κτιστὸν</span> <span class='ocrx_word' id='word_1_109' title='bbox 2399 1723 2486 1803; x_wconf 82' lang='grc' dir='ltr'>τὸ</span> <span class='ocrx_word' id='word_1_110' title='bbox 2526 1728 2602 1803; x_wconf 94' lang='grc' dir='ltr'>Π</span> <span class='ocrx_word' id='word_1_111' title='bbox 2607 1721 2850 1820; x_wconf 81' lang='grc' dir='ltr'>νεῦμά</span> <span class='ocrx_word' id='word_1_112' title='bbox 2889 1722 3053 1800; x_wconf 85' lang='grc' dir='ltr'>ἐστι</span> 
     </span>
     <span class='ocr_line' id='line_1_13' title="bbox 618 1844 3052 1953; baseline -0.002 -24"><span class='ocrx_word' id='word_1_113' title='bbox 618 1852 738 1929; x_wconf 81' lang='grc' dir='ltr'>καὶ</span> <span class='ocrx_word' id='word_1_114' title='bbox 786 1847 1182 1953; x_wconf 84' lang='grc' dir='ltr'>ἀλλότριον</span> <span class='ocrx_word' id='word_1_115' title='bbox 1226 1852 1356 1949; x_wconf 83' lang='grc' dir='ltr'>τῆς</span> <span class='ocrx_word' id='word_1_116' title='bbox 1411 1849 1667 1934; x_wconf 81' lang='grc' dir='ltr'>οὐσίας</span> <span class='ocrx_word' id='word_1_117' title='bbox 1716 1858 1846 1931; x_wconf 88' lang='grc' dir='ltr'>τοῦ</span> <span class='ocrx_word' id='word_1_118' title='bbox 1899 1855 2096 1931; x_wconf 82' lang='grc' dir='ltr'>Θεοῦ</span> <span class='ocrx_word' id='word_1_119' title='bbox 2148 1850 2314 1928; x_wconf 87' lang='grc' dir='ltr'>καθ’</span> <span class='ocrx_word' id='word_1_120' title='bbox 2357 1848 2560 1946; x_wconf 80' lang='grc' dir='ltr'>ὑμᾶς,</span> <span class='ocrx_word' id='word_1_121' title='bbox 2605 1851 2774 1928; x_wconf 75' lang='grc' dir='ltr'>ἰι-ὣς</span> <span class='ocrx_word' id='word_1_122' title='bbox 2829 1844 2934 1924; x_wconf 79' lang='grc' dir='ltr'>ἂν</span> <span class='ocrx_word' id='word_1_123' title='bbox 2975 1845 3052 1924; x_wconf 85' lang='grc' dir='ltr'>ἐν</span> 
     </span>
    </p>

    <p class='ocr_par' dir='ltr' id='par_1_8' title="bbox 551 1966 3204 2948">
     <span class='ocr_line' id='line_1_14' title="bbox 551 1966 3050 2074; baseline -0.002 -22"><span class='ocrx_word' id='word_1_124' title='bbox 551 1992 596 2060; x_wconf 85' lang='lat' dir='ltr'><strong>d</strong></span> <span class='ocrx_word' id='word_1_125' title='bbox 619 1973 788 2073; x_wconf 87' lang='grc' dir='ltr'>ἡμῖν</span> <span class='ocrx_word' id='word_1_126' title='bbox 824 1971 912 2052; x_wconf 86' lang='grc' dir='ltr'>δι’</span> <span class='ocrx_word' id='word_1_127' title='bbox 953 1973 1173 2053; x_wconf 83' lang='grc' dir='ltr'>αὐτοῦ</span> <span class='ocrx_word' id='word_1_128' title='bbox 1210 1972 1636 2074; x_wconf 77' lang='grc' dir='ltr'>κατοικῆσαι</span> <span class='ocrx_word' id='word_1_129' title='bbox 1674 1970 1862 2058; x_wconf 83' lang='grc' dir='ltr'>Θεός</span> <span class='ocrx_word' id='word_1_130' title='bbox 1894 2007 1914 2072; x_wconf 84' lang='lat'>3</span> <span class='ocrx_word' id='word_1_131' title='bbox 1977 1980 2136 2057; x_wconf 80' lang='grc' dir='ltr'>πῶς</span> <span class='ocrx_word' id='word_1_132' title='bbox 2180 1971 2256 2052; x_wconf 78' lang='grc' dir='ltr'>δὲ</span> <span class='ocrx_word' id='word_1_133' title='bbox 2296 1976 2489 2052; x_wconf 83' lang='grc' dir='ltr'>Θεοῦ</span> <span class='ocrx_word' id='word_1_134' title='bbox 2523 1970 2843 2074; x_wconf 82' lang='grc' dir='ltr'>μέτοχος</span> <span class='ocrx_word' id='word_1_135' title='bbox 2883 1971 2930 2048; x_wconf 83' lang='grc' dir='ltr'><em>ὃ</em></span> <span class='ocrx_word' id='word_1_136' title='bbox 2966 1966 3050 2048; x_wconf 76' lang='grc' dir='ltr'>τὸ</span> 
     </span>
     <span class='ocr_line' id='line_1_15' title="bbox 624 2093 3050 2202; baseline 0 -27"><span class='ocrx_word' id='word_1_137' title='bbox 624 2100 925 2194; x_wconf 86' lang='grc' dir='ltr'>Πνεῦμα</span> <span class='ocrx_word' id='word_1_138' title='bbox 962 2097 1265 2192; x_wconf 77' lang='grc' dir='ltr'>λαβώνς</span> <span class='ocrx_word' id='word_1_139' title='bbox 1324 2101 1385 2176; x_wconf 80' lang='grc' dir='ltr'>εἰ</span> <span class='ocrx_word' id='word_1_140' title='bbox 1420 2094 1552 2195; x_wconf 81' lang='grc' dir='ltr'>μὲν</span> <span class='ocrx_word' id='word_1_141' title='bbox 1587 2098 1733 2202; x_wconf 83' lang='grc' dir='ltr'>γάρ</span> <span class='ocrx_word' id='word_1_142' title='bbox 1769 2099 1930 2179; x_wconf 86' lang='grc' dir='ltr'>ἐστι</span> <span class='ocrx_word' id='word_1_143' title='bbox 1980 2104 2129 2177; x_wconf 79' lang='grc' dir='ltr'>τῶν</span> <span class='ocrx_word' id='word_1_144' title='bbox 2161 2093 2634 2201; x_wconf 84' lang='grc' dir='ltr'>ἐνδεχομένων</span> <span class='ocrx_word' id='word_1_145' title='bbox 2669 2093 2798 2172; x_wconf 88' lang='grc' dir='ltr'>διά</span> <span class='ocrx_word' id='word_1_146' title='bbox 2851 2127 3050 2176; x_wconf 86' lang='grc' dir='ltr'>τινος</span> 
     </span>
     <span class='ocr_line' id='line_1_16' title="bbox 620 2217 3204 2325; baseline 0.001 -25"><span class='ocrx_word' id='word_1_147' title='bbox 620 2218 812 2304; x_wconf 82' lang='grc' dir='ltr'>ὅλως</span> <span class='ocrx_word' id='word_1_148' title='bbox 875 2225 1181 2322; x_wconf 85' lang='grc' dir='ltr'>γενητῆς</span> <span class='ocrx_word' id='word_1_149' title='bbox 1247 2219 1526 2319; x_wconf 79' lang='grc' dir='ltr'>οὐσίας,</span> <span class='ocrx_word' id='word_1_150' title='bbox 1584 2225 1714 2321; x_wconf 84' lang='grc' dir='ltr'>τῆς</span> <span class='ocrx_word' id='word_1_151' title='bbox 1779 2222 1972 2306; x_wconf 83' lang='grc' dir='ltr'>θείας</span> <span class='ocrx_word' id='word_1_152' title='bbox 2035 2255 2113 2301; x_wconf 89' lang='grc' dir='ltr'>τε</span> <span class='ocrx_word' id='word_1_153' title='bbox 2179 2224 2297 2300; x_wconf 84' lang='grc' dir='ltr'>καὶ</span> <span class='ocrx_word' id='word_1_154' title='bbox 2362 2217 2674 2324; x_wconf 86' lang='grc' dir='ltr'>ἀῤῥὴτου</span> <span class='ocrx_word' id='word_1_155' title='bbox 2739 2217 3044 2325; x_wconf 75' lang='grc' dir='ltr'>φύσεως</span> <span class='ocrx_word' id='word_1_156' title='bbox 3073 2245 3130 2302; x_wconf 80' lang='lat'>15</span> <span class='ocrx_word' id='word_1_157' title='bbox 3203 2243 3204 2262; x_wconf 66' lang='lat'>¹</span> 
     </span>
     <span class='ocr_line' id='line_1_17' title="bbox 619 2339 3044 2452; baseline -0.002 -25"><span class='ocrx_word' id='word_1_158' title='bbox 619 2343 806 2443; x_wconf 78' lang='grc' dir='ltr'>ἡμᾶς</span> <span class='ocrx_word' id='word_1_159' title='bbox 851 2351 1309 2450; x_wconf 80' lang='grc' dir='ltr'>μεταλαχεῖν,</span> <span class='ocrx_word' id='word_1_160' title='bbox 1346 2345 1424 2424; x_wconf 89' lang='grc' dir='ltr'>τί</span> <span class='ocrx_word' id='word_1_161' title='bbox 1466 2341 1556 2424; x_wconf 80' lang='grc' dir='ltr'>ἂν</span> <span class='ocrx_word' id='word_1_162' title='bbox 1605 2344 1711 2425; x_wconf 79' lang='grc' dir='ltr'>ἔτι</span> <span class='ocrx_word' id='word_1_163' title='bbox 1759 2344 1846 2425; x_wconf 82' lang='grc' dir='ltr'>τὸ</span> <span class='ocrx_word' id='word_1_164' title='bbox 1897 2345 2182 2426; x_wconf 81' lang='grc' dir='ltr'>κωλύον</span> <span class='ocrx_word' id='word_1_165' title='bbox 2227 2346 2463 2452; x_wconf 76' lang='grc' dir='ltr'>ὁρῷτο</span> <span class='ocrx_word' id='word_1_166' title='bbox 2513 2342 2644 2422; x_wconf 83' lang='grc' dir='ltr'>τὸν</span> <span class='ocrx_word' id='word_1_167' title='bbox 2679 2339 2893 2422; x_wconf 81' lang='grc' dir='ltr'>Θεὸν</span> <span class='ocrx_word' id='word_1_168' title='bbox 2929 2344 3044 2422; x_wconf 75' lang='grc' dir='ltr'>καὶ</span> 
     </span>
     <span class='ocr_line' id='line_1_18' title="bbox 625 2463 3045 2573; baseline -0 -26"><span class='ocrx_word' id='word_1_169' title='bbox 625 2466 920 2573; x_wconf 83' lang='grc' dir='ltr'>Πατέρα</span> <span class='ocrx_word' id='word_1_170' title='bbox 955 2467 1040 2548; x_wconf 83' lang='grc' dir='ltr'>τὸ</span> <span class='ocrx_word' id='word_1_171' title='bbox 1083 2473 1375 2566; x_wconf 82' lang='grc' dir='ltr'>Πνεῦμα</span> <span class='ocrx_word' id='word_1_172' title='bbox 1413 2467 1970 2572; x_wconf 77' lang='grc' dir='ltr'>παρωσάμενον,</span> <span class='ocrx_word' id='word_1_173' title='bbox 2007 2472 2128 2549; x_wconf 80' lang='grc' dir='ltr'>καὶ</span> <span class='ocrx_word' id='word_1_174' title='bbox 2163 2470 2249 2549; x_wconf 87' lang='grc' dir='ltr'>δι’</span> <span class='ocrx_word' id='word_1_175' title='bbox 2290 2469 2533 2573; x_wconf 82' lang='grc' dir='ltr'>ἑτέρου</span> <span class='ocrx_word' id='word_1_176' title='bbox 2563 2463 2763 2550; x_wconf 78' lang='grc' dir='ltr'>τινὸς</span> <span class='ocrx_word' id='word_1_177' title='bbox 2814 2467 3045 2570; x_wconf 79' lang='grc' dir='ltr'>οὗπερ</span> 
     </span>
     <span class='ocr_line' id='line_1_19' title="bbox 619 2589 3035 2697; baseline -0.001 -23"><span class='ocrx_word' id='word_1_178' title='bbox 619 2590 713 2674; x_wconf 81' lang='grc' dir='ltr'>ἀν</span> <span class='ocrx_word' id='word_1_179' title='bbox 747 2592 1093 2689; x_wconf 84' lang='grc' dir='ltr'>βούλοιτο</span> <span class='ocrx_word' id='word_1_180' title='bbox 1139 2593 1537 2692; x_wconf 84' lang='grc' dir='ltr'>κτίσματος</span> <span class='ocrx_word' id='word_1_181' title='bbox 1579 2596 1657 2673; x_wconf 87' lang='grc' dir='ltr'>ἐν</span> <span class='ocrx_word' id='word_1_182' title='bbox 1693 2594 1861 2693; x_wconf 90' lang='grc' dir='ltr'>ἡμῖν</span> <span class='ocrx_word' id='word_1_183' title='bbox 1896 2594 2229 2697; x_wconf 88' lang='grc' dir='ltr'>γίνεσθαι</span> <span class='ocrx_word' id='word_1_184' title='bbox 2279 2596 2396 2674; x_wconf 75' lang='grc' dir='ltr'>καὶ</span> <span class='ocrx_word' id='word_1_185' title='bbox 2444 2589 2760 2695; x_wconf 76' lang='grc' dir='ltr'>ἁγιάζέιν</span> <span class='ocrx_word' id='word_1_186' title='bbox 2793 2591 3035 2690; x_wconf 78' lang='grc' dir='ltr'>ἡμᾶςς</span> 
     </span>
     <span class='ocr_line' id='line_1_20' title="bbox 620 2714 3042 2820; baseline -0.001 -23"><span class='ocrx_word' id='word_1_187' title='bbox 620 2715 824 2797; x_wconf 80' lang='grc' dir='ltr'>ἀλλὰ</span> <span class='ocrx_word' id='word_1_188' title='bbox 869 2724 1083 2798; x_wconf 89' lang='grc' dir='ltr'>τοῦτο</span> <span class='ocrx_word' id='word_1_189' title='bbox 1139 2715 1517 2797; x_wconf 85' lang='grc' dir='ltr'>ἀδύνατον·</span> <span class='ocrx_word' id='word_1_190' title='bbox 1587 2718 1674 2797; x_wconf 82' lang='grc' dir='ltr'>οὐ</span> <span class='ocrx_word' id='word_1_191' title='bbox 1723 2716 1867 2820; x_wconf 81' lang='grc' dir='ltr'>γὰρ</span> <span class='ocrx_word' id='word_1_192' title='bbox 1918 2716 2009 2796; x_wconf 80' lang='grc' dir='ltr'>ἂν</span> <span class='ocrx_word' id='word_1_193' title='bbox 2045 2716 2325 2819; x_wconf 83' lang='grc' dir='ltr'>γε’νοιτό</span> <span class='ocrx_word' id='word_1_194' title='bbox 2374 2752 2482 2801; x_wconf 85' lang='grc' dir='ltr'>τις</span> <span class='ocrx_word' id='word_1_195' title='bbox 2517 2721 2712 2797; x_wconf 85' lang='grc' dir='ltr'>Θεοῦ</span> <span class='ocrx_word' id='word_1_196' title='bbox 2766 2714 2864 2814; x_wconf 84' lang='grc' dir='ltr'>δὴ</span> <span class='ocrx_word' id='word_1_197' title='bbox 2916 2724 3042 2795; x_wconf 88' lang='grc' dir='ltr'>τοῦ</span> 
     </span>
     <span class='ocr_line' id='line_1_21' title="bbox 622 2837 3124 2948; baseline 0.002 -28"><span class='ocrx_word' id='word_1_198' title='bbox 622 2839 806 2921; x_wconf 80' lang='grc' dir='ltr'>κατὰ</span> <span class='ocrx_word' id='word_1_199' title='bbox 860 2839 1092 2948; x_wconf 79' lang='grc' dir='ltr'>φύσιν</span> <span class='ocrx_word' id='word_1_200' title='bbox 1146 2841 1448 2947; x_wconf 86' lang='grc' dir='ltr'>με’τοχος</span> <span class='ocrx_word' id='word_1_201' title='bbox 1504 2837 1591 2920; x_wconf 83' lang='grc' dir='ltr'>δι’</span> <span class='ocrx_word' id='word_1_202' title='bbox 1639 2841 1900 2943; x_wconf 81' lang='grc' dir='ltr'>ἑτέρου,</span> <span class='ocrx_word' id='word_1_203' title='bbox 1951 2846 2010 2921; x_wconf 80' lang='grc' dir='ltr'>εἰ</span> <span class='ocrx_word' id='word_1_204' title='bbox 2063 2839 2167 2941; x_wconf 87' lang='grc' dir='ltr'>μὴ</span> <span class='ocrx_word' id='word_1_205' title='bbox 2224 2839 2341 2922; x_wconf 80' lang='grc' dir='ltr'>διὰ</span> <span class='ocrx_word' id='word_1_206' title='bbox 2396 2848 2524 2921; x_wconf 90' lang='grc' dir='ltr'>τοῦ</span> <span class='ocrx_word' id='word_1_207' title='bbox 2576 2840 3036 2939; x_wconf 84' lang='grc' dir='ltr'>Πνεύματος·</span> <span class='ocrx_word' id='word_1_208' title='bbox 3067 2871 3124 2911; x_wconf 81' lang='lat'>²0</span> 
     </span>
    </p>

    <p class='ocr_par' dir='ltr' id='par_1_9' title="bbox 563 2962 3044 3195">
     <span class='ocr_line' id='line_1_22' title="bbox 563 2962 3044 3067; baseline -0.002 -19"><span class='ocrx_word' id='word_1_209' title='bbox 563 2991 600 3036; x_wconf 75' lang='grc' dir='ltr'>θ</span> <span class='ocrx_word' id='word_1_210' title='bbox 624 2963 812 3049; x_wconf 83' lang='grc' dir='ltr'>Θεὸς</span> <span class='ocrx_word' id='word_1_211' title='bbox 866 2967 1008 3067; x_wconf 81' lang='grc' dir='ltr'>ἀρα</span> <span class='ocrx_word' id='word_1_212' title='bbox 1062 2969 1180 3045; x_wconf 83' lang='grc' dir='ltr'>καὶ</span> <span class='ocrx_word' id='word_1_213' title='bbox 1234 2966 1315 3045; x_wconf 85' lang='grc' dir='ltr'>ἐκ</span> <span class='ocrx_word' id='word_1_214' title='bbox 1367 2970 1562 3046; x_wconf 89' lang='grc' dir='ltr'>Θεοῦ</span> <span class='ocrx_word' id='word_1_215' title='bbox 1615 2963 1702 3044; x_wconf 83' lang='grc' dir='ltr'>τὸ</span> <span class='ocrx_word' id='word_1_216' title='bbox 1750 2970 2075 3064; x_wconf 87' lang='grc' dir='ltr'>Πνεῦμα,</span> <span class='ocrx_word' id='word_1_217' title='bbox 2126 2968 2246 3045; x_wconf 80' lang='grc' dir='ltr'>καὶ</span> <span class='ocrx_word' id='word_1_218' title='bbox 2301 2966 2388 3045; x_wconf 80' lang='grc' dir='ltr'>οὗ</span> <span class='ocrx_word' id='word_1_219' title='bbox 2441 2972 2589 3049; x_wconf 88' lang='grc' dir='ltr'>τοῖς</span> <span class='ocrx_word' id='word_1_220' title='bbox 2643 2962 3044 3067; x_wconf 83' lang='grc' dir='ltr'>γεγονόσιν</span> 
     </span>
     <span class='ocr_line' id='line_1_23' title="bbox 619 3086 1904 3195; baseline 0 -24"><span class='ocrx_word' id='word_1_221' title='bbox 619 3091 1049 3195; x_wconf 81' lang='grc' dir='ltr'>ἐναρίθμιον,</span> <span class='ocrx_word' id='word_1_222' title='bbox 1085 3089 1409 3193; x_wconf 84' lang='grc' dir='ltr'>καθάπερ</span> <span class='ocrx_word' id='word_1_223' title='bbox 1446 3086 1659 3195; x_wconf 75' lang='grc' dir='ltr'>ἔδοξέ</span> <span class='ocrx_word' id='word_1_224' title='bbox 1685 3122 1904 3171; x_wconf 91' lang='grc' dir='ltr'>τισιν.</span> 
     </span>
    </p>

    <p class='ocr_par' dir='ltr' id='par_1_10' title="bbox 619 3211 3132 3686">
     <span class='ocr_line' id='line_1_24' title="bbox 720 3211 3044 3323; baseline -0.001 -29"><span class='ocrx_word' id='word_1_225' title='bbox 720 3211 1030 3299; x_wconf 79' lang='grc' dir='ltr'>Ἀλλως</span> <span class='ocrx_word' id='word_1_226' title='bbox 1068 3248 1145 3295; x_wconf 89' lang='grc' dir='ltr'>τε</span> <span class='ocrx_word' id='word_1_227' title='bbox 1181 3218 1463 3295; x_wconf 87' lang='grc' dir='ltr'>κάκεῖνο</span> <span class='ocrx_word' id='word_1_228' title='bbox 1510 3212 1695 3317; x_wconf 80' lang='grc' dir='ltr'>πρὸς</span> <span class='ocrx_word' id='word_1_229' title='bbox 1744 3212 1979 3323; x_wconf 78' lang='grc' dir='ltr'>τούτῳ</span> <span class='ocrx_word' id='word_1_230' title='bbox 2027 3213 2522 3295; x_wconf 82' lang='grc' dir='ltr'>διασκεπτέον.</span> <span class='ocrx_word' id='word_1_231' title='bbox 2599 3211 2687 3293; x_wconf 83' lang='grc' dir='ltr'>τὸ</span> <span class='ocrx_word' id='word_1_232' title='bbox 2723 3212 3044 3319; x_wconf 63' lang='grc' dir='ltr'>μὰοχόν</span> 
     </span>
     <span class='ocr_line' id='line_1_25' title="bbox 619 3335 3045 3445; baseline 0 -26"><span class='ocrx_word' id='word_1_233' title='bbox 619 3372 833 3435; x_wconf 89' lang='grc' dir='ltr'>τινος,</span> <span class='ocrx_word' id='word_1_234' title='bbox 893 3342 991 3422; x_wconf 84' lang='grc' dir='ltr'>ὡς</span> <span class='ocrx_word' id='word_1_235' title='bbox 1066 3337 1467 3440; x_wconf 87' lang='grc' dir='ltr'>κρείττονος</span> <span class='ocrx_word' id='word_1_236' title='bbox 1528 3337 1681 3416; x_wconf 88' lang='grc' dir='ltr'>κατ’</span> <span class='ocrx_word' id='word_1_237' title='bbox 1751 3338 2010 3418; x_wconf 80' lang='grc' dir='ltr'>οὐσίαν</span> <span class='ocrx_word' id='word_1_238' title='bbox 2069 3342 2187 3418; x_wconf 84' lang='grc' dir='ltr'>καὶ</span> <span class='ocrx_word' id='word_1_239' title='bbox 2247 3340 2671 3445; x_wconf 85' lang='grc' dir='ltr'>ἑτεροφυοῦς</span> <span class='ocrx_word' id='word_1_240' title='bbox 2740 3335 2790 3437; x_wconf 84' lang='grc' dir='ltr'>ἢ</span> <span class='ocrx_word' id='word_1_241' title='bbox 2860 3337 3045 3442; x_wconf 76' lang='grc' dir='ltr'>ὅπερ</span> 
     </span>
     <span class='ocr_line' id='line_1_26' title="bbox 622 3457 3132 3569; baseline -0.002 -28"><span class='ocrx_word' id='word_1_242' title='bbox 622 3463 825 3541; x_wconf 81' lang='grc' dir='ltr'>ἐστὶν</span> <span class='ocrx_word' id='word_1_243' title='bbox 879 3460 1076 3559; x_wconf 83' lang='grc' dir='ltr'>αὐτὸ,</span> <span class='ocrx_word' id='word_1_244' title='bbox 1132 3460 1373 3563; x_wconf 81' lang='grc' dir='ltr'>ἕτερον</span> <span class='ocrx_word' id='word_1_245' title='bbox 1428 3457 1603 3541; x_wconf 86' lang='grc' dir='ltr'>εἶναι</span> <span class='ocrx_word' id='word_1_246' title='bbox 1660 3459 1845 3540; x_wconf 79' lang='grc' dir='ltr'>κατὰ</span> <span class='ocrx_word' id='word_1_247' title='bbox 1908 3460 2139 3569; x_wconf 82' lang='grc' dir='ltr'>φύσιν</span> <span class='ocrx_word' id='word_1_248' title='bbox 2194 3461 2473 3566; x_wconf 79' lang='grc' dir='ltr'>ἀνάγκη</span> <span class='ocrx_word' id='word_1_249' title='bbox 2538 3469 2666 3542; x_wconf 90' lang='grc' dir='ltr'>τοῦ</span> <span class='ocrx_word' id='word_1_250' title='bbox 2724 3495 3036 3569; x_wconf 78' lang='grc' dir='ltr'>μετεχο-</span> <span class='ocrx_word' id='word_1_251' title='bbox 3070 3490 3132 3548; x_wconf 78' lang='lat'>²5</span> 
     </span>
     <span class='ocr_line' id='line_1_27' title="bbox 622 3583 3045 3686; baseline 0.002 -22"><span class='ocrx_word' id='word_1_252' title='bbox 622 3584 863 3681; x_wconf 65' lang='lat' dir='ltr'><strong><em>m‘vov.</em></strong></span> <span class='ocrx_word' id='word_1_253' title='bbox 940 3590 1001 3663; x_wconf 79' lang='grc' dir='ltr'>εἰ</span> <span class='ocrx_word' id='word_1_254' title='bbox 1056 3587 1297 3663; x_wconf 88' lang='grc' dir='ltr'>τοίνυν</span> <span class='ocrx_word' id='word_1_255' title='bbox 1346 3583 1646 3665; x_wconf 81' lang='grc' dir='ltr'>κτιστὸν</span> <span class='ocrx_word' id='word_1_256' title='bbox 1691 3583 1737 3686; x_wconf 85' lang='grc' dir='ltr'>ἢ</span> <span class='ocrx_word' id='word_1_257' title='bbox 1793 3584 2094 3685; x_wconf 81' lang='grc' dir='ltr'>ποιητὸν</span> <span class='ocrx_word' id='word_1_258' title='bbox 2130 3585 2218 3667; x_wconf 82' lang='grc' dir='ltr'>τὸ</span> <span class='ocrx_word' id='word_1_259' title='bbox 2259 3585 2559 3685; x_wconf 86' lang='grc' dir='ltr'>Πνεῦμά</span> <span class='ocrx_word' id='word_1_260' title='bbox 2603 3587 2801 3683; x_wconf 82' lang='grc' dir='ltr'>ἐστι,</span> <span class='ocrx_word' id='word_1_261' title='bbox 2844 3590 3045 3674; x_wconf 87' lang='grc' dir='ltr'>τίνος</span> 
     </span>
    </p>

    <p class='ocr_par' dir='ltr' id='par_1_11' title="bbox 552 3705 3134 4189">
     <span class='ocr_line' id='line_1_28' title="bbox 552 3705 3038 3825; baseline 0.002 -38"><span class='ocrx_word' id='word_1_262' title='bbox 552 3810 561 3825; x_wconf 65' lang='lat'><em>,</em></span> <span class='ocrx_word' id='word_1_263' title='bbox 624 3707 831 3787; x_wconf 80' lang='grc' dir='ltr'>ἔσται</span> <span class='ocrx_word' id='word_1_264' title='bbox 886 3705 1144 3787; x_wconf 77' lang='grc' dir='ltr'>λοιπὸν</span> <span class='ocrx_word' id='word_1_265' title='bbox 1196 3706 1239 3806; x_wconf 86' lang='grc' dir='ltr'>ἡ</span> <span class='ocrx_word' id='word_1_266' title='bbox 1297 3708 1530 3793; x_wconf 88' lang='grc' dir='ltr'>κτίσις</span> <span class='ocrx_word' id='word_1_267' title='bbox 1584 3707 1941 3814; x_wconf 69' lang='grc' dir='ltr'>μέτοχος,</span> <span class='ocrx_word' id='word_1_268' title='bbox 2014 3707 2128 3813; x_wconf 81' lang='grc' dir='ltr'>ἀρ’</span> <span class='ocrx_word' id='word_1_269' title='bbox 2168 3712 2331 3815; x_wconf 83' lang='grc' dir='ltr'>οὐχὶ</span> <span class='ocrx_word' id='word_1_270' title='bbox 2382 3710 2671 3794; x_wconf 85' lang='grc' dir='ltr'>πάντως</span> <span class='ocrx_word' id='word_1_271' title='bbox 2728 3712 3038 3812; x_wconf 58' lang='lat' dir='ltr'>{am-693</span> 
     </span>
     <span class='ocr_line' id='line_1_29' title="bbox 622 3818 3046 3941; baseline 0.001 -28"><span class='ocrx_word' id='word_1_272' title='bbox 622 3818 863 3913; x_wconf 79' lang='grc' dir='ltr'>κοινὸν</span> <span class='ocrx_word' id='word_1_273' title='bbox 898 3828 1044 3936; x_wconf 81' lang='grc' dir='ltr'>γὰρ</span> <span class='ocrx_word' id='word_1_274' title='bbox 1082 3832 1360 3934; x_wconf 82' lang='grc' dir='ltr'>ὁρᾶται,</span> <span class='ocrx_word' id='word_1_275' title='bbox 1402 3830 1441 3912; x_wconf 78' lang='grc' dir='ltr'><strong><em>ὃ</em></strong></span> <span class='ocrx_word' id='word_1_276' title='bbox 1499 3831 1822 3913; x_wconf 78' lang='grc' dir='ltr'>ἔκτισται</span> <span class='ocrx_word' id='word_1_277' title='bbox 1872 3833 2132 3915; x_wconf 82' lang='grc' dir='ltr'>λοιπὸν</span> <span class='ocrx_word' id='word_1_278' title='bbox 2168 3836 2275 3916; x_wconf 78' lang='grc' dir='ltr'>ἐπ’</span> <span class='ocrx_word' id='word_1_279' title='bbox 2317 3838 2613 3941; x_wconf 82' lang='grc' dir='ltr'>ἀμφοῖν·</span> <span class='ocrx_word' id='word_1_280' title='bbox 2676 3834 2890 3915; x_wconf 78' lang='grc' dir='ltr'>ἀλλὰ</span> <span class='ocrx_word' id='word_1_281' title='bbox 2926 3839 3046 3918; x_wconf 79' lang='grc' dir='ltr'>καὶ</span> 
     </span>
     <span class='ocr_line' id='line_1_30' title="bbox 627 3955 3046 4063; baseline 0.002 -28"><span class='ocrx_word' id='word_1_282' title='bbox 627 3958 907 4036; x_wconf 79' lang='grc' dir='ltr'>κτιστοὶ</span> <span class='ocrx_word' id='word_1_283' title='bbox 942 3959 1058 4036; x_wconf 81' lang='grc' dir='ltr'>καὶ</span> <span class='ocrx_word' id='word_1_284' title='bbox 1095 3959 1378 4059; x_wconf 83' lang='grc' dir='ltr'>γενητοὶ</span> <span class='ocrx_word' id='word_1_285' title='bbox 1413 3955 1596 4037; x_wconf 77' lang='grc' dir='ltr'>κατὰ</span> <span class='ocrx_word' id='word_1_286' title='bbox 1644 3958 1872 4063; x_wconf 86' lang='grc' dir='ltr'>φύσιν</span> <span class='ocrx_word' id='word_1_287' title='bbox 1908 3956 2107 4041; x_wconf 83' lang='grc' dir='ltr'>ὄντες</span> <span class='ocrx_word' id='word_1_288' title='bbox 2157 3959 2376 4058; x_wconf 85' lang='grc' dir='ltr'>ἡμεῖς,</span> <span class='ocrx_word' id='word_1_289' title='bbox 2414 3961 2510 4042; x_wconf 81' lang='grc' dir='ltr'>ὡς</span> <span class='ocrx_word' id='word_1_290' title='bbox 2559 3959 2805 4061; x_wconf 81' lang='grc' dir='ltr'>ἑτέρου</span> <span class='ocrx_word' id='word_1_291' title='bbox 2856 3960 3046 4040; x_wconf 80' lang='grc' dir='ltr'>κατὰ</span> 
     </span>
     <span class='ocr_line' id='line_1_31' title="bbox 629 4076 3134 4189; baseline 0.005 -32"><span class='ocrx_word' id='word_1_292' title='bbox 629 4078 859 4186; x_wconf 83' lang='grc' dir='ltr'>φύσιν</span> <span class='ocrx_word' id='word_1_293' title='bbox 905 4078 1350 4184; x_wconf 84' lang='grc' dir='ltr'>ὑπάρχοντος</span> <span class='ocrx_word' id='word_1_294' title='bbox 1404 4076 1451 4180; x_wconf 82' lang='grc' dir='ltr'>ἢ</span> <span class='ocrx_word' id='word_1_295' title='bbox 1509 4079 1687 4185; x_wconf 78' lang='grc' dir='ltr'>ὅπερ</span> <span class='ocrx_word' id='word_1_296' title='bbox 1744 4082 1962 4181; x_wconf 87' lang='grc' dir='ltr'>ἡμεῖς,</span> <span class='ocrx_word' id='word_1_297' title='bbox 2013 4091 2144 4163; x_wconf 89' lang='grc' dir='ltr'>τοῦ</span> <span class='ocrx_word' id='word_1_298' title='bbox 2190 4089 2266 4164; x_wconf 94' lang='grc' dir='ltr'>Π</span> <span class='ocrx_word' id='word_1_299' title='bbox 2269 4084 2610 4182; x_wconf 85' lang='grc' dir='ltr'>νεύματος</span> <span class='ocrx_word' id='word_1_300' title='bbox 2664 4084 3036 4189; x_wconf 80' lang='grc' dir='ltr'>μετεο-χή·</span> <span class='ocrx_word' id='word_1_301' title='bbox 3070 4112 3134 4170; x_wconf 81' lang='lat'>30</span> 
     </span>
    </p>

    <p class='ocr_par' dir='ltr' id='par_1_12' title="bbox 295 4204 3046 4309">
     <span class='ocr_line' id='line_1_32' title="bbox 295 4204 3046 4309; baseline 0.002 -26"><span class='ocrx_word' id='word_1_302' title='bbox 295 4235 522 4296; x_wconf 74' lang='lat' dir='ltr'><strong>332A,</strong></span> <span class='ocrx_word' id='word_1_303' title='bbox 567 4248 605 4292; x_wconf 64' lang='grc' dir='ltr'>ο,</span> <span class='ocrx_word' id='word_1_304' title='bbox 629 4233 876 4304; x_wconf 86' lang='grc' dir='ltr'>καμεν·</span> <span class='ocrx_word' id='word_1_305' title='bbox 955 4205 1085 4287; x_wconf 85' lang='grc' dir='ltr'>οὐκ</span> <span class='ocrx_word' id='word_1_306' title='bbox 1144 4204 1285 4309; x_wconf 75' lang='grc' dir='ltr'>ἄρα</span> <span class='ocrx_word' id='word_1_307' title='bbox 1352 4204 1650 4285; x_wconf 77' lang='grc' dir='ltr'>κτιοτὸν</span> <span class='ocrx_word' id='word_1_308' title='bbox 1705 4204 1789 4285; x_wconf 85' lang='grc' dir='ltr'>τὸ</span> <span class='ocrx_word' id='word_1_309' title='bbox 1848 4206 2150 4307; x_wconf 86' lang='grc' dir='ltr'>Πνεῦμά</span> <span class='ocrx_word' id='word_1_310' title='bbox 2212 4208 2440 4288; x_wconf 82' lang='grc' dir='ltr'>ἐστιν.</span> <span class='ocrx_word' id='word_1_311' title='bbox 2540 4211 2603 4286; x_wconf 81' lang='grc' dir='ltr'>εἶ</span> <span class='ocrx_word' id='word_1_312' title='bbox 2676 4207 2755 4287; x_wconf 80' lang='grc' dir='ltr'>δὲ</span> <span class='ocrx_word' id='word_1_313' title='bbox 2822 4217 3046 4289; x_wconf 85' lang='grc' dir='ltr'>τοῦτο</span> 
     </span>
    </p>

    <p class='ocr_par' dir='ltr' id='par_1_13' title="bbox 704 4416 3040 4542">
     <span class='ocr_line' id='line_1_33' title="bbox 704 4416 3040 4542; baseline 0.003 -72"><span class='ocrx_word' id='word_1_314' title='bbox 704 4428 787 4486; x_wconf 87' lang='lat'>15.</span> <span class='ocrx_word' id='word_1_315' title='bbox 823 4418 1039 4487; x_wconf 82' lang='grc' dir='ltr'>γενητῆς</span> <span class='ocrx_word' id='word_1_316' title='bbox 1063 4416 1127 4472; x_wconf 87' lang='grc' dir='ltr'>Ε.</span> <span class='ocrx_word' id='word_1_317' title='bbox 1151 4418 1397 4542; x_wconf 54' lang='lat' dir='ltr'>ymos-5⁸5}</span> <span class='ocrx_word' id='word_1_318' title='bbox 1420 4416 1520 4471; x_wconf 85' lang='lat' dir='ltr'>Ed.</span> <span class='ocrx_word' id='word_1_319' title='bbox 1619 4439 1713 4542; x_wconf 66' lang='grc' dir='ltr'>2’γε</span> <span class='ocrx_word' id='word_1_320' title='bbox 1739 4434 1837 4488; x_wconf 87' lang='lat' dir='ltr'>pro</span> <span class='ocrx_word' id='word_1_321' title='bbox 1861 4439 1917 4473; x_wconf 86' lang='grc' dir='ltr'>τε</span> <span class='ocrx_word' id='word_1_322' title='bbox 1945 4417 2011 4472; x_wconf 86' lang='grc' dir='ltr'>Ε.</span> <span class='ocrx_word' id='word_1_323' title='bbox 2338 4434 2423 4490; x_wconf 79' lang='grc'>23.</span> <span class='ocrx_word' id='word_1_324' title='bbox 2460 4417 2626 4491; x_wconf 73' lang='grc' dir='ltr'>τούτῳ</span> <span class='ocrx_word' id='word_1_325' title='bbox 2653 4417 2720 4473; x_wconf 83' lang='grc' dir='ltr'>Ε.</span> <span class='ocrx_word' id='word_1_326' title='bbox 2745 4421 2907 4474; x_wconf 79' lang='grc' dir='ltr'>τοῦτο</span> <span class='ocrx_word' id='word_1_327' title='bbox 2932 4420 3040 4477; x_wconf 86' lang='lat' dir='ltr'>Ed.</span> 
     </span>
    </p>
   </div>
   <div class='ocr_carea' id='block_1_2' title="bbox 627 4483 3043 4631">
    <p class='ocr_par' dir='ltr' id='par_1_14' title="bbox 627 4483 3043 4631">
     <span class='ocr_line' id='line_1_34' title="bbox 630 4483 3043 4561; baseline 0.003 -22"><span class='ocrx_word' id='word_1_328' title='bbox 630 4483 716 4540; x_wconf 80' lang='lat'>26.</span> <span class='ocrx_word' id='word_1_329' title='bbox 755 4485 870 4541; x_wconf 70' lang='grc' dir='ltr'>ἐστι</span> <span class='ocrx_word' id='word_1_330' title='bbox 895 4496 1231 4559; x_wconf 78' lang='lat' dir='ltr'><strong>assumptum</strong></span> <span class='ocrx_word' id='word_1_331' title='bbox 1258 4505 1321 4542; x_wconf 84' lang='lat' dir='ltr'>ex</span> <span class='ocrx_word' id='word_1_332' title='bbox 1655 4501 1705 4558; x_wconf 87' lang='lat'>7.</span> <span class='ocrx_word' id='word_1_333' title='bbox 1742 4488 1955 4545; x_wconf 75' lang='grc' dir='ltr'>ἑαυτοὺς</span> <span class='ocrx_word' id='word_1_334' title='bbox 1983 4488 2046 4545; x_wconf 83' lang='grc' dir='ltr'>Ε.</span> <span class='ocrx_word' id='word_1_335' title='bbox 2241 4490 2326 4544; x_wconf 86' lang='lat'>28.</span> <span class='ocrx_word' id='word_1_336' title='bbox 2363 4488 2466 4559; x_wconf 78' lang='grc' dir='ltr'>γὰρ</span> <span class='ocrx_word' id='word_1_337' title='bbox 2490 4507 2599 4544; x_wconf 89' lang='lat' dir='ltr'>om.</span> <span class='ocrx_word' id='word_1_338' title='bbox 2625 4488 2692 4544; x_wconf 88' lang='lat' dir='ltr'>E.</span> <span class='ocrx_word' id='word_1_339' title='bbox 2895 4507 3043 4561; x_wconf 79' lang='lat'>31—</span> 
     </span>
     <span class='ocr_line' id='line_1_35' title="bbox 627 4556 2924 4631; baseline 0.002 -21"><span class='ocrx_word' id='word_1_340' title='bbox 627 4575 679 4627; x_wconf 85' lang='lat' dir='ltr'>p.</span> <span class='ocrx_word' id='word_1_341' title='bbox 701 4576 824 4628; x_wconf 87' lang='lat'><strong>499,</strong></span> <span class='ocrx_word' id='word_1_342' title='bbox 854 4575 902 4613; x_wconf 85' lang='lat'>2.</span> <span class='ocrx_word' id='word_1_343' title='bbox 939 4556 1372 4631; x_wconf 74' lang='grc' dir='ltr'>οὗκ-εἶρὴκαμεν</span> <span class='ocrx_word' id='word_1_344' title='bbox 1392 4576 1501 4614; x_wconf 91' lang='lat' dir='ltr'>om.</span> <span class='ocrx_word' id='word_1_345' title='bbox 1529 4558 1799 4629; x_wconf 76' lang='lat' dir='ltr'>(videlicet</span> <span class='ocrx_word' id='word_1_346' title='bbox 1821 4558 1891 4615; x_wconf 75' lang='lat' dir='ltr'>ab</span> <span class='ocrx_word' id='word_1_347' title='bbox 1918 4557 2135 4630; x_wconf 81' lang='grc' dir='ltr'>-ἡκαμεν</span> <span class='ocrx_word' id='word_1_348' title='bbox 2159 4559 2228 4616; x_wconf 82' lang='lat' dir='ltr'>ad</span> <span class='ocrx_word' id='word_1_349' title='bbox 2255 4558 2471 4631; x_wconf 61' lang='lat' dir='ltr'>-r&#39;pxapuv</span> <span class='ocrx_word' id='word_1_350' title='bbox 2493 4559 2828 4629; x_wconf 74' lang='lat' dir='ltr'><strong>transiliens)</strong></span> <span class='ocrx_word' id='word_1_351' title='bbox 2855 4559 2924 4615; x_wconf 79' lang='lat' dir='ltr'>E.</span> 
     </span>
    </p>
   </div>
  </div>
 </body>
</html>
