3238 5158
616 345 704 408 50
1224 343 1302 407 B.
1349 339 1776 407 CYRILLI
1831 339 2412 405 ALEXANDR..
2502 440 2519 453 .
2748 358 2883 401 vm
2912 354 3016 421 29.

616 508 745 589 τὸν
805 513 1110 590 Παῦλον
1165 509 1205 587 ὃ
1266 506 1682 593 Σιλουανός.
1788 505 1897 612 ἀρ’
1959 509 2087 589 οὖν
2147 509 2282 613 οὐχ
2347 506 2575 606 ὅμοιοι
2640 500 2823 584 κατὰ
2883 499 3020 600 τὴν

617 632 870 741 φύσιν,
926 631 972 734 ἢ
1032 632 1353 740 ὑπερέξει
1413 631 1597 714 κατὰ
1656 631 1785 712 τὸν
1839 634 2089 718 οὐσίας
2147 631 2377 735 λόγον
2430 633 2473 711 ὁ
2532 635 2831 711 Παῦλος
2889 623 3021 705 τὸν

616 754 1038 856 Σιλουανὸν,
1075 756 1362 861 ἐπείπερ
1405 756 1590 858 ἔγνω
1627 755 1959 862 μειζόνως
1994 754 2040 858 ἢ
2078 759 2228 837 κατ’
2270 760 2533 838 ἐκεῖνον
2570 761 2700 834 τοῦ
2735 784 3023 853 μυστη-

614 884 773 985 ρίου
826 879 912 963 τό
965 880 1240 980 βάθος,
1308 883 1478 961 ἀλλ’
1520 882 1771 962 οὐδένα
1826 889 2073 986 ληρεῖν
2123 886 2221 967 εἶς
2273 887 2627 961 τοσοῦτον
2676 879 3019 973 ὑπολαμ-
3198 920 3199 1003 1

280 1026 413 1082 529
432 1023 510 1081 Δ.
555 1040 592 1080 ει
618 1004 841 1104 βάνω,
898 1009 994 1091 ὡς
1050 1006 1344 1106 νομίσαι
1396 1003 1573 1087 ποτὲ
1633 1005 2072 1112 διηλλάχθαι
2125 1004 2260 1106 τὴν
2314 1003 2545 1113 φύσιν
2598 1002 2836 1086 αὐτοῖς
2900 997 3023 1080 διὰ
3051 1032 3087 1092 5
3198 1028 3199 1053 ᾗ

617 1129 703 1211 τὸ
758 1133 833 1210 ἐν
887 1131 1158 1234 γνώσει
1212 1130 1449 1234 μεῖζον
1504 1128 1550 1231 ἢ
1605 1127 1939 1211 ἔλαττον.
2020 1130 2139 1210 ὅτε
2193 1131 2432 1211 τοίνυν
2482 1128 2608 1208 οὐκ
2664 1129 2740 1206 ε’ν
2788 1130 2893 1232 τῷ
2948 1159 3024 1204 τι

616 1260 869 1354 μαθεῖν
941 1252 987 1355 ἢ
1068 1252 1376 1359 διδάξαι,
1447 1253 1539 1336 τὰ
1622 1259 1750 1355 τῆς
1826 1253 2075 1340 οὐσίας
2148 1258 2460 1358 ἀκριβῶς
2540 1247 3017 1351 δοκιμάζεται,
3200 1254 3201 1323 Ὺ

616 1378 938 1481 καθάπερ
1002 1377 1398 1482 εἰρήκαμεν,
1460 1378 1662 1459 οὐδὲν
1722 1378 2045 1480 ἀδικήσει
2109 1378 2237 1460 τὸν
2291 1376 2475 1458 Υὶὸν
2533 1381 2631 1461 εἷς
2694 1374 2779 1456 τὸ
2843 1369 3024 1453 εἶναι

614 1503 797 1585 κατὰ
848 1503 1079 1613 φύσιν
1119 1501 1331 1601 Θεὸν,
1368 1503 1543 1584 ὅταν
1593 1538 1664 1583 τι
1714 1502 1898 1609 λέγῃ
1952 1507 2071 1584 καὶ
2118 1510 2372 1604 μαθεῖν
2410 1500 2612 1604 παρὰ
2657 1506 2787 1579 τοῦ
2838 1499 3025 1579 ἰδίου

613 1628 932 1734 Πατρός.
1023 1630 1106 1708 οὐ
1158 1628 1303 1731 γὰρ
1355 1627 1474 1708 διὰ
1523 1636 1736 1708 τοῦτο
1784 1632 1913 1728 τῆς
1960 1625 2143 1733 πρὸς
2193 1629 2410 1708 αὐτὸν
2460 1621 3024 1723 ὁμοουσιότητος
3055 1658 3123 1699 10

610 1752 1085 1860 ἐξοιχήσεται,
1132 1754 1324 1851 μένει
1380 1752 1456 1834 δὲ
1509 1752 1799 1838 πάντως
1855 1752 2028 1855 ὅπερ
2081 1756 2266 1851 ἐστὶ,
2307 1749 2657 1849 τουτέστι,
2696 1745 2884 1832 Θεὸς
2939 1749 3022 1827 ἐκ

612 1881 827 1975 Θεοῦ,
867 1878 1098 1983 φῶς’
1062 1911 1139 1955 εκ
1178 1875 1444 1984 φωτός.
2325 1901 2328 1904 ’

722 2002 941 2080 ”Αλλ
983 1999 1162 2085 ἴσως
1217 2003 1392 2103 ἐρεῖς
1442 2007 1616 2087 Πῶς
1670 2003 1845 2082 οὖν·
1826 2064 1847 2100 ,
1910 2004 1986 2081 ἐν
2022 2001 2293 2103 γνώσει
2343 1999 2672 2104 μείζων
2640 2032 2680 2077 ο
2722 1992 3013 2099 Πατήρ·

612 2123 727 2205 διὰ
784 2123 928 2228 γὰρ
984 2132 1197 2204 τοῦτο
1252 2125 1577 2206 διδάσκει
1632 2162 1761 2207 τον
1815 2127 2019 2207 Υἱόν.
2125 2129 2419 2230 ἐροῦμεν
2478 2121 2557 2203 δὲ
2616 2119 2844 2201 πάλιν
2902 2118 3018 2199 ὅτι

543 2268 585 2333 b
609 2247 937 2348 μάλιστα
972 2284 1102 2347 μεν
1138 2248 1276 2350 ἤδη
1335 2248 1451 2329 διὰ
1495 2257 1804 2331 πολλῶν
1839 2250 2309 2358 ἀπεδείξαμεν
2344 2246 2590 2350 λόγων
2627 2245 2735 2326 ὅτι
2771 2243 3009 2344 μαθή-
3053 2279 3123 2341 15

611 2406 799 2456 σεως
836 2375 953 2451 καὶ
1002 2373 1473 2458 διδασκαλίας
1524 2374 1936 2477 ἀπροσδεὴς
1985 2375 2029 2475 ἡ
2081 2376 2316 2482 σοφία
2364 2380 2491 2453 τοῦ
2530 2366 2854 2472 Πατρὸς,
2897 2371 3021 2448 καὶ

610 2494 937 2583 πολλοὺς
1012 2498 1127 2576 ἐπὶ
1196 2497 1427 2607 τούτῳ
1501 2501 1949 2604 συνείροντες
2025 2496 2453 2603 λογισμοὺς,
2532 2502 2628 2581 εἷς
2703 2494 3020 2596 ἄμετρον

612 2621 1038 2727 δυσφημίαν
1097 2624 1697 2729 καταστρέφοντα
1761 2623 1889 2705 τὸν
1948 2622 2177 2728 λόγον
2242 2622 2753 2731 ἐξηλέγχομεν.
2862 2615 3018 2698 εἶτά

609 2779 733 2825 σοι
770 2749 1048 2827 κάκεῖνο
1097 2744 1280 2850 πρὸς
1329 2747 1606 2831 τούτοις
1657 2755 1875 2828 εἰπεῖν
1910 2752 2300 2851 ἀναγκαῖον
2334 2748 2471 2848 ἤδη
2508 2747 2863 2853 φαίνεται,
2904 2743 3017 2824 ὅτι

608 2869 895 2972 σπουδὴ
961 2879 1064 2979 τῷ
1124 2877 1281 2979 Υἱῷ
1343 2874 1460 2951 καὶ
1531 2872 1781 2972 πολλὴ
1857 2873 2025 2954 λίαν
2092 2875 2132 2973 ἦ
2198 2871 2615 2976 ἐπιτήρησις
2678 2867 2860 2973 πρὸς
2926 2868 3011 2951 τὸ
3048 2911 3129 2953 2ο

607 3004 967 3092 κολοβοῦν
1023 2998 1127 3076 ἀεὶ
1184 2995 1268 3075 τὸ
1324 2996 1505 3077 ἴδιον
1560 2997 1867 3105 ἀξίωμα,
1924 2999 2041 3077 καὶ
2102 2999 2184 3077 οὐ
2245 2995 2541 3104 σφόδρα
2600 2999 3015 3097 θεοπρεπῶς

607 3122 1069 3222 διαλέγεσθαι
1126 3120 1241 3201 διὰ
1299 3119 1433 3219 τὴν
1477 3129 1606 3200 τοῦ
1663 3121 1929 3202 δούλου
1981 3120 2293 3230 μορφὴν,
2342 3123 2460 3201 καὶ
2513 3117 2647 3220 τὴν
2690 3121 3017 3199 ἐντεῦθεν

607 3247 692 3323 δι’
735 3246 921 3344 ἡμᾶς
973 3247 1528 3351 ἀναληφθεῖσαν
1564 3247 2024 3328 ταπείνωσιν.
2100 3255 2241 3327 ποῦ
2289 3244 2433 3348 γὰρ
2486 3243 3008 3344 καταβέβηκεν,

548 3365 652 3466 οῆ
722 3372 800 3448 ἐκ
861 3369 1088 3450 ποίων
1143 3374 1237 3452 εἰς
1304 3369 1419 3449 οἷα
1477 3372 1791 3472 μετέστη
1857 3370 2138 3469 λοιπὸν,
2196 3377 2256 3451 εἶ
2319 3369 2419 3470 μὴ
2484 3376 2704 3448 λαλεῖ
2760 3402 2830 3447 τι
2893 3370 3014 3447 καὶ

608 3490 1162 3594 ὑποβεβηκότως
1215 3498 1328 3573 καὶ
1379 3499 1507 3595 τῆς
1558 3501 1995 3597 θεοπρεποῦς
2048 3494 2263 3602 δόξης
2313 3495 2396 3574 οὐ
2446 3495 2613 3573 λίαν
2646 3491 3003 3599 ἐπαξίωςς
3046 3528 3130 3589 25

605 3615 723 3697 διὰ
787 3616 930 3722 γάρ
998 3651 1109 3697 τοι
1175 3652 1449 3699 τουτων
1510 3618 1892 3717 πολλάκις,
1955 3623 2073 3700 καὶ
2139 3618 2321 3721 ἅπερ
2386 3614 2571 3699 οἶδεν
2631 3620 2725 3701 ὡς
2785 3615 3005 3715 Θεὸς,

603 3744 890 3845 ἀγνοεῖν
933 3744 1029 3827 ὡς
1079 3741 1456 3843 ανθρωπος
1510 3742 2046 3847 σχηματίζεται.
2127 3743 2297 3850 οψει
2352 3739 2426 3824 δε
2480 3750 2691 3821 τοῦτο
2747 3747 3012 3847 σαφῶς

602 3870 677 3946 ἐν
729 3866 1015 3973 ἱστορία
1069 3872 1162 3971 τῇ
1218 3865 1399 3946 κατὰ
1456 3902 1581 3947 τον
1621 3867 1953 3971 Λάζαρον
1989 3903 2118 3948 τον
2154 3871 2230 3948 ἐκ
2269 3867 2627 3969 Βηθανίας
2678 3864 2958 3972 φημὶ,
2924 3901 3012 3947 ον

604 4024 719 4069 και
757 3988 1150 4099 παραδόξω
1189 3990 1481 4090 δυνάμει
1519 3997 1636 4072 καὶ
1675 3991 2263 4099 θεοπρεπεσπάτῃ
2312 3997 2521 4100 φωνῇ
2574 3989 3013 4095 τεθρήμερον

601 4113 776 4193 ὅντα
826 4119 944 4195 καὶ
996 4113 1338 4212 ὀδωδότα,
1374 4114 1636 4195 λοιπὸν
1680 4120 2268 4221 παλινδρομῆσαι
2315 4116 2496 4221 πρὸς
2549 4115 2732 4219 ζωὴν
2776 4150 3002 4220 παρε-
3046 4150 3133 4209 30

673 4344 723 4381 2.
760 4330 850 4383 τὸν
873 4325 1050 4398 prius]
1085 4333 1142 4392 -Ι-
1174 4329 1263 4395 τῆς
1290 4328 1472 4383 Holst.
1499 4327 1603 4382 Ed.
1806 4328 1858 4382 8.
1895 4328 1968 4385 εἷς
1990 4330 2050 4384 τὸ
2076 4346 2184 4384 om.
2210 4329 2354 4384 Aub.
2564 4347 2617 4400 9.
2655 4351 2710 4383 τε
2734 4328 2911 4400 λέγειν
2936 4328 3005 4384 Β.

599 4421 649 4453 τι
672 4397 802 4470 λέγῃ
828 4397 1130 4453 emendavit
1159 4399 1255 4453 Ht.
1491 4400 1791 4468 18—p.51,
1818 4415 1898 4453 10.
1942 4400 2089 4454 Haec
2114 4401 2241 4541 ci7tat
2269 4400 2497 4454 Severus
2523 4409 2709 4454 contra
2731 4399 3005 4454 Joannem

598 4469 1038 4534 Grammaticum,
1064 4471 1259 4524 citatur
1286 4469 1360 4541 Sy
1363 4469 1503 4525 riace
1538 4470 1592 4524 in
1624 4469 2047 4524 Cod.Add.12.
2081 4485 2140 4538 15
2182 4470 2329 4534 ,.fol
2359 4488 2449 4555 ²92
2472 4471 2603 4541 (sec.
2631 4471 2719 4524 vii.
2746 4479 2840 4524 aut
2867 4469 3001 4541 viii.)

596 4541 654 4594 in
681 4540 828 4594 Mne.
861 4540 994 4595 Brit.
1021 4549 1308 4596 asservata
1580 4558 1665 4612 27.
1703 4540 1837 4629 ὄψει
1856 4541 1913 4595 δε
1938 4542 1994 4596 δὲ
2021 4485 2220 4668 §10⁵7ss
2224 4543 2479 4631 .conjncit
2502 4542 2559 4596 δὲ
2585 4542 2876 4611 8133,me
2902 4541 3003 4596 sed

592 4610 811 4667 exhibet
838 4611 958 4684 Syr.
982 4611 1039 4667 id
1064 4611 1208 4685 quod
1235 4611 1379 4668 Aub.
1561 4628 1649 4683 29.
1687 4610 2000 4684 τεθρήμερον
2181 4621 2221 4669 t.
2246 4611 2576 4685 τετριήμερον
2603 4611 2726 4684 (sic)
2755 4611 2901 4667 Aub.
