3238 5158
247 330 385 396 xiv.
414 331 638 415 16,17.
693 330 802 396 IN
863 330 931 396 S.
980 331 1498 399 JOANNEM.
1589 333 1787 399 LIB.
1835 333 1959 399 Ix.
2049 333 2255 399 CAP.
2302 333 2361 398 Ι.
2534 331 2667 397 469

251 505 386 577 τοῦ
423 497 751 602 Πατρὸς,
795 500 835 580 5
873 501 959 581 δι’
1002 500 1087 581 οὗ
1134 501 1228 581 τὰ
1274 500 1515 584 πάντα
1564 504 1865 582 δίδωσιν
1903 502 1943 582 5
1979 499 2181 586 Υἱός·
2243 501 2359 581 καὶ
2399 498 2667 579 διδόναι

257 623 657 726 λεγομένου
691 634 820 705 τοῦ
859 631 1062 723 Υἱοῦ,
1102 628 1143 706 ὁ
1180 628 1268 735 ἐξ
1302 627 1386 707 οὗ
1418 626 1510 707 τὰ
1544 625 1787 709 πάντα
1825 626 2123 707 δίδωσιν
2162 627 2202 705 5
2243 624 2525 728 Πατήρ.

361 745 541 829 Ὅτι
577 747 652 828 δὲ
689 749 881 831 θεῖόν
915 785 993 831 τε
1030 749 1116 832 τὸ
1157 757 1478 852 Πνεῦμα,
1514 755 1632 831 καὶ
1669 752 1804 857 οὐχ
1840 751 2309 855 ἑτεροούσιον,
2346 753 2442 835 ὡς
2485 749 2670 852 πρὸς

259 870 480 953 αὐτόν
527 908 607 954 τε
662 878 852 982 φημὶ
907 874 1036 957 τὸν
1076 878 1370 980 Πατέρα
1424 880 1542 956 καὶ
1599 875 1729 956 τὸν
1764 875 1967 975 Υἱὸν,
2006 876 2235 956 οὐδενὶ
2288 873 2422 975 μὲν
2476 871 2672 974 οἶμαι

186 1016 231 1077 5
260 1004 408 1077 τῶν
456 998 536 1078 εὖ
591 999 1054 1108 φρονούντων
1104 999 1450 1108 ὑπάρχειν
1499 1001 1946 1108 ἀμφίβολον,
1985 1004 2102 1081 καὶ
2156 1003 2540 1104 ἀναγκαῖος
2597 998 2673 1080 δὲ

262 1122 454 1222 ἡμᾶς
487 1122 857 1206 ἀναπείσει
894 1123 1142 1228 λόγος.
1227 1131 1287 1206 εὶ
1330 1125 1477 1229 γὰρ
1527 1127 1657 1207 οὐκ
1706 1123 1892 1207 εἷναί
1933 1160 2041 1209 τις
2091 1125 2267 1205 αὐτό
2323 1137 2557 1233 φησιν
2593 1125 2671 1203 ἐκ
2697 1157 2733 1201 ο

262 1250 395 1347 τῆς
431 1247 682 1333 οὐσίας
718 1257 848 1330 τοῦ
886 1255 1099 1347 Θεοῦ,
1136 1256 1293 1336 πῶς
1328 1248 1418 1329 ἂν
1455 1250 1560 1350 εἴη
1599 1255 1794 1331 Θεοῦ
1834 1250 2138 1356 μέτοχος
2189 1250 2235 1349 ἡ
2287 1250 2521 1333 κτίσις
2570 1249 2674 1330 ἔτι

263 1373 732 1466 λαβοῦσατὸ
771 1379 1117 1474 Πνεῦμα,
1183 1373 1366 1455 κατὰ
1410 1376 1570 1454 τίνα
1624 1373 1700 1455 δὲ
1750 1372 2021 1477 τρόπον
2058 1377 2212 1455 ναοὶ
2251 1379 2444 1454 Θεοῦ
2483 1409 2668 1480 χρη·
2762 1373 2936 1490 5¹33}

267 1504 657 1596 ματιοῦμεν
713 1502 832 1578 καὶ
894 1497 1235 1599 ἐσόμεθα,
1298 1498 1597 1580 κτιστὸν
1661 1497 1707 1599 ἢ
1775 1498 2168 1601 ἀλλογενές
2233 1496 2673 1601 κομιζόμενοι

147 1651 240 1694 10
269 1627 570 1718 πνεῦμα,
607 1625 725 1702 καὶ
771 1625 928 1729 οὐχὶ
973 1631 1269 1724 μᾶλλον
1303 1622 1389 1704 τὸ
1426 1627 1506 1704 ἐκ
1543 1628 1783 1722 Θεοῦ,
1844 1630 2001 1708 πῶς
2038 1622 2115 1704 δὲ
2152 1623 2346 1709 θείας
2382 1623 2675 1730 φύσεως

272 1748 615 1844 κοινωνοὶ,
650 1748 832 1828 κατά
866 1748 996 1834 τὰς
1034 1756 1181 1829 τῶν
1219 1748 1444 1851 ἁγίων
1482 1746 1757 1858 φωνὰς,
1800 1754 1868 1829 οἱ
1907 1747 2328 1849 Πνεύματος
2362 1749 2675 1854 μέτοχοι,

269 1875 330 1949 εἱ
382 1875 531 1955 τοῖς
578 1881 901 1988 γενητοῖς
951 1869 1356 1977 ἐναρίθμιόν
1390 1876 1572 1972 ἐστι,
1609 1874 1729 1952 καὶ
1781 1875 1940 1979 οὐχὶ
1994 1879 2287 1972 μᾶλλον
2324 1873 2412 1980 ἐξ
2462 1874 2679 1971 αὐτῆς

268 1994 439 2094 ἡμῖν
486 1999 615 2096 τῆς
669 1996 863 2082 θείας
917 1997 1210 2107 φύσεως
1264 1997 1614 2102 πρόεισιν,
1668 1998 1753 2077 οὐ
1804 1997 2282 2094 διικνούμενον
2336 1999 2422 2077 δι’
2461 1999 2680 2097 αὐτῆς
2703 2031 2739 2071 a
2805 2017 2918 2072 811
2935 2014 3013 2069 A.

267 2123 366 2203 εἰς
420 2120 604 2219 ἡμᾶς
657 2125 752 2207 ὡς
802 2123 1196 2225 ἀλλότριον
1233 2124 1431 2220 ἀλλ’,
1467 2123 1553 2203 ἵν’
1595 2122 1820 2207 οὕτως
1868 2122 2066 2220 εἴπω,
2101 2121 2393 2215 ποιότης
2429 2119 2680 2226 ὥσπερ

149 2260 240 2324 15
270 2277 376 2326 τις
413 2249 540 2342 τῆς
582 2242 920 2346 θεότητος
962 2250 1038 2328 ἐν
1077 2247 1242 2346 ἡμῖν
1277 2246 1677 2349 γινόμενον,
1716 2249 1834 2327 καὶ
1871 2248 1948 2326 ἐν
1982 2254 2130 2331 τοῖς
2168 2248 2395 2351 ἁγίοις
2432 2282 2672 2327 κατοι-

271 2375 461 2466 κοῦν,
501 2375 616 2449 καὶ
672 2372 1032 2470 ἀπομένον
1079 2370 1196 2451 διὰ
1250 2371 1543 2470 παντὸς,
1580 2377 1639 2450 εἰ
1694 2375 1824 2472 τῆς
1880 2372 2150 2452 ἑαυτῶν
2194 2374 2503 2456 διανοίας
2551 2370 2684 2452 τὸν

272 2490 664 2599 ὀφθαλμὸν
701 2492 819 2576 διὰ
854 2493 1101 2597 πάσης
1152 2495 1516 2581 ἐπιεικείας
1566 2496 2173 2600 ἀποκαθαίροντες
2222 2499 2340 2577 καὶ
2390 2494 2508 2576 διὰ
2553 2500 2683 2597 τῆς

272 2624 371 2704 εἷς
406 2626 661 2702 πᾶσαν
697 2621 959 2726 ἀρετὴν
995 2622 1378 2704 ἀνενδότου
1415 2629 1764 2724 σπουδῆς,
1788 2629 2209 2726 συντηροῖεν
2243 2623 2515 2707 ἑαυτοῖς
2550 2620 2683 2721 τὴν

275 2740 505 2848 χάριν.
570 2745 943 2851 ἀχῶρητον
977 2744 1109 2846 μὲν
1144 2745 1292 2851 γὰρ
1330 2749 1447 2828 καὶ
1483 2747 1892 2850 ἀθεώρητον
1928 2741 2102 2828 αὐτὸ
2138 2753 2286 2831 τοῖς
2322 2748 2398 2826 ἐν
2436 2746 2683 2854 κόσμῳ

156 2896 248 2939 20
279 2871 512 2975 φησὶν
548 2871 588 2949 5
626 2870 975 2972 Χριστὸς,
1011 2870 1361 2972 τουτέστι,
1399 2880 1550 2957 τοῖς
1597 2871 1692 2953 τὰ
1741 2874 1817 2953 ἐν
1853 2872 2110 2981 κόσμῳ
2157 2878 2517 2977 φρονοῦσι
2563 2873 2683 2951 καὶ

279 2994 570 3095 ἀγαπᾶν
604 2995 969 3095 ἑλομένοις
1004 2993 1095 3076 τά
1131 2997 1428 3100 ἐπίγεια,
1463 2995 1796 3102 χωρητὸν
1828 2995 2060 3100 γεμὴν
2093 3000 2209 3076 καὶ
2247 2994 2685 3077 εὐκάτοπτον

276 3125 424 3201 τοῖς
488 3119 737 3222 ἁγίοις.
815 3116 932 3199 διὰ
996 3120 1212 3201 ποιάν
1274 3120 1508 3201 αἰτίαν
1539 3155 1560 3217 ;
1649 3127 1715 3200 οἱ
1779 3120 1911 3219 μὲν
1975 3118 2121 3224 γὰρ
2185 3118 2684 3200 δυσέκπλυτον
2705 3132 2750 3199 b

275 3241 556 3348 ἔχοντες
594 3242 728 3345 τὴν
765 3244 1241 3348 ἀκαθαρσίαν,
1278 3249 1396 3325 καὶ
1434 3243 1673 3347 λήμης
1726 3242 1977 3349 ὥσπερ
2025 3242 2215 3329 τινὸς
2265 3244 2395 3326 τὸν
2432 3249 2686 3325 οἰκεῖον

277 3368 831 3470 ἀναπλήσαντες
890 3377 1079 3467 νοῦν,
1130 3368 1216 3449 τὸ
1271 3373 1400 3469 τῆς
1459 3372 1651 3454 θείας
1716 3368 2009 3475 φύσεως
2075 3372 2159 3450 οὐ
2211 3374 2687 3473 περιαθροῦσι

159 3506 247 3570 25
279 3490 574 3591 κάλλος,
612 3496 776 3575 οὔτε
830 3493 976 3595 μὴν
1026 3493 1154 3574 τὸν
1203 3502 1333 3574 τοῦ
1387 3495 1811 3594 Πνεύματος
1867 3493 2377 3601 καταδέχονται
2432 3491 2682 3593 νόμον,
2787 3578 2796 3587 ‚

277 3617 696 3719 ὁλοτρόπως
749 3626 900 3702 τοῖς
954 3621 1083 3718 τῆς
1138 3617 1416 3721 σαρκὸς
1470 3618 2020 3722 τυραννούμενοι
2072 3619 2410 3700 πάθεσιν·
2488 3622 2555 3698 οἶ
2611 3617 2688 3698 δὲ

277 3743 538 3844 ἀγαθοὶ
600 3743 717 3823 καὶ
786 3742 1159 3851 νηφαλέοι,
1216 3742 1738 3848 σχολάζουσαν
1792 3750 1939 3824 τῶν
1992 3745 2069 3824 ἐν
2126 3742 2385 3852 κόσμῳ
2450 3748 2690 3824 κακῶν

279 3865 561 3969 ἔχοντες
596 3867 729 3967 τὴν
764 3868 1085 3970 καρδίαν,
1125 3866 1584 3971 εἶσοικίζουσι
1621 3867 1753 3968 μὲν
1786 3870 1863 3949 ἐν
1898 3871 2170 3953 ἑαυτοῖς
2207 3870 2527 3949 ἐθελοντὶ
2560 3866 2691 3947 τὸν

286 3988 796 4092 Παράκλητον,
834 3992 1276 4097 διασώζουσι
1325 3992 1401 4073 δὲ
1452 3993 1827 4092 λαβόντες,
1870 3996 1988 4074 καὶ
2035 3991 2357 4074 καθόσον
2397 3993 2682 4095 ἀνθρώ-

164 4146 253 4207 3ο
281 4146 446 4198 ποις
525 4112 840 4222 ἐφικτὸν,
918 4122 1188 4218 νοητῶς
1257 4113 1595 4223 θεωροῦσι,
1670 4115 1868 4197 πολύ
1949 4150 2020 4197 τι
2102 4118 2219 4198 καὶ
2299 4116 2487 4220 μέγα
2570 4118 2688 4195 καὶ
2710 4156 2747 4200 ο

2767 1612 3003 1692 papae.

2765 1695 2800 1730 1.
2825 1695 2874 1743 4.

353 4384 406 4439 3.
442 4365 528 4439 τε]
562 4373 622 4432 -Ι-
652 4368 736 4422 καὶ
760 4367 864 4423 Ed.
890 4368 1072 4424 invitis
1098 4369 1164 4426 Ε.
1190 4369 1388 4426 Vecco.
1655 4387 1713 4437 4.
1745 4368 1832 4442 τε]
1857 4392 1921 4442 γε
1948 4369 2177 4425 Veccus.
2457 4384 2539 4457 ¹²:
2578 4370 2688 4425 τοῖς

280 4456 390 4494 om.
416 4438 649 4495 Vaccus.
823 4455 906 4511 13.
944 4438 1288 4511 διικνούμενον
1312 4441 1378 4496 Ε.
1404 4439 1490 4513 (ut
1515 4438 1738 4496 adnotat
1760 4447 1817 4497 et
1840 4440 2013 4510 Aub.)
2041 4440 2270 4495 Veoeus.
2296 4440 2688 4508 διακονουμενον

282 4509 367 4565 Ed
736 4524 820 4583 15.
852 4512 1127 4583 γενόμενον
1149 4512 1381 4567 Vaccus.
1715 4511 1801 4569 16.
1834 4509 2118 4584 ἇπομένον]
2145 4510 2433 4582 ἁπτόμενον
2457 4509 2687 4565 Vaccus.

285 4549 388 4652 23.'
405 4580 564 4653 λιμης
589 4581 656 4637 Ε.
