3238 5158
234 327 462 412 viii.46.
783 328 896 394 IN
961 329 1031 394 S.
1079 328 1594 395 JOANNEM.
1687 329 1879 394 LIB.
1912 329 2034 394 VI.
2465 332 2589 394 103

228 492 299 574 τὸ
328 495 564 600 παρὸν,
601 500 714 578 καὶ
764 500 988 582 οὕτως
1034 496 1465 601 ἐλέγχεσθαι
1517 496 1765 581 δεδιὼς
1813 506 2026 578 τοῦτο
2074 501 2273 600 δρᾶν,
2312 495 2582 595 διενοή-

222 623 418 718 θημεν
484 622 571 701 δέ
624 657 695 703 τι
768 630 1112 718 τοιοῦτον,
1187 621 1299 702 ὅτι
1372 621 1505 723 τὴν
1576 629 1724 703 τῶν
1796 623 2164 703 Ἰουδαίων
2236 622 2592 726 ἁμαρτίαν

220 746 548 825 δυσωπεῖν
600 745 710 826 ὅτι
766 744 1097 843 μάλιστα
1152 743 1271 825 διὰ
1325 750 1652 846 σπουδῆς
1706 744 1892 850 ἔχων
1947 747 2053 825 ἀεὶ
2061 807 2085 844 ,
2142 747 2270 826 οὐκ
2327 744 2418 826 ἂν
2474 745 2592 826 διὰ

219 865 446 948 τούτου
493 867 941 973 παραθήγειν
995 868 1341 973 ἠνέσχετο
1403 869 1588 972 πρὸς
1644 868 1729 951 τὸ
1787 867 2014 950 πάλιν
2072 872 2300 950 ἐκεῖνα
2358 903 2584 970 κατη-
2614 889 2657 954 b

168 1005 197 1064 ⁵
218 997 451 1091 yopei’v,
494 990 544 1072 ἃ
597 993 687 1094 δὴ
743 999 858 1074 καὶ
916 992 1338 1100 φθάσαντες
1392 993 1735 1097 ἐλέγομεν
1771 1005 1814 1041 “
1853 997 2031 1098 Περὶ
2089 1001 2319 1074 καλοῦ
2375 994 2590 1099 ἔργου
2681 1001 2829 1050 Infra
2843 1016 2894 1051 ¹·

219 1123 257 1161 ‘⁴
286 1116 360 1193 οὐ
419 1116 801 1220 λιθάζομέν
868 1152 983 1215 σε,
1049 1115 1251 1198 ἀλλὰ
1314 1120 1479 1221 περὶ
1540 1119 2051 1224 βλασφημίας,
2115 1123 2232 1198 καὶ
2308 1118 2420 1199 ὅτι
2492 1118 2593 1199 σὺ

219 1247 255 1283 “
287 1236 648 1343 ἅνθρωπος
704 1239 808 1321 ὧν
855 1248 1080 1325 ποιεῖς
1134 1239 1442 1321 σεαυτὸν
1480 1241 1739 1322 Θεόν·”
1795 1240 1976 1345 πρὸς
2029 1241 2105 1322 δὲ
2158 1242 2434 1326 τούτοις
2491 1241 2597 1321 ἔτι

214 1365 317 1441 καὶ
364 1363 492 1463 τὴν
535 1367 651 1445 ε’πῖ
702 1371 807 1473 τῷ
859 1363 1224 1474 σαββάτῳ
1275 1364 1779 1470 παρακομίζειν
1826 1363 2230 1445 κατάλυσιν
2260 1367 2371 1470 ἐφ’
2413 1362 2595 1469 ᾗπερ

213 1480 292 1564 ἂν
321 1489 483 1567 λίαν
518 1492 618 1575 ὡς
667 1489 1194 1593 παρανομήσας
1247 1488 1577 1592 ἐκρίνετο.
1655 1492 2009 1595 ἁμαρτίαν
2055 1490 2181 1569 οὖν
2224 1488 2368 1592 ἄρα
2416 1487 2597 1590 πρὸς

129 1643 190 1683 ιο
212 1607 285 1687 τὸ
332 1610 561 1715 παρὸν
616 1611 942 1714 ὀνομάζει
995 1611 1080 1694 τὸ
1134 1618 1428 1721 ψεῦδος.
1504 1618 1558 1693 εἰ
1617 1602 1761 1715 γὰρ
1818 1612 2289 1711 οὐδεπώποτε,
2341 1618 2597 1720 φησὶν,

210 1734 580 1839 ἐλέγχομαι
616 1737 971 1844 ψεύστης,
1006 1746 1136 1818 τοῦ
1187 1736 1275 1837 δὴ
1323 1734 1535 1842 χάριν
1571 1740 1885 1818 ἀπειθεῖν
1920 1738 2278 1838 ἐγνώκατε
2328 1745 2432 1846 τῷ
2478 1737 2598 1818 διὰ

210 1856 457 1943 παντὸς
511 1859 956 1961 ἀληθεύοντι,
1006 1859 1302 1962 λέγοντί
1348 1894 1426 1940 τε
1480 1858 1769 1945 πάντως
1824 1868 2089 1964 σαφῶς
2144 1860 2255 1942 ὅτι
2303 1862 2598 1966 Πατρὸς

211 1983 451 2090 ἐξέφυν
486 1990 855 2087 ἀληθινοῦ,
894 1993 1015 2069 καὶ
1050 1987 1160 2068 ὅτι
1209 1987 1294 2068 τὸ
1343 1989 1614 2093 ψεῦδος
1665 1988 1792 2068 οὐκ
1844 1986 2002 2068 οἶδα
2030 2022 2049 2082 ;
2109 1988 2269 2070 δότε
2309 1987 2397 2087 δὴ
2435 1989 2596 2071 δότε
2621 2028 2658 2073 ο

211 2109 453 2190 λοιπὸν
516 2111 1038 2197 ἀνενδοιάστως
1100 2112 1344 2192 πίστει
1411 2120 1694 2215 κρατεῖν
1755 2110 1866 2191 ὅτι
1921 2111 2210 2198 πάντως
2277 2118 2416 2211 εἰμὶ
2479 2119 2598 2195 καὶ

231 2234 249 2257 2
400 2233 421 2261 x
549 2234 590 2265 α
857 2235 878 2260 t
1179 2240 1202 2269 ς
1279 2239 1299 2264 2
1533 2244 1566 2263 a.
1709 2236 1727 2263 ι
1865 2236 1887 2263 x
1994 2240 2011 2263 ο
2205 2247 2236 2263 a
2523 2237 2548 2265 x

130 2250 191 2313 15
211 2240 487 2334 αληθης,
545 2271 725 2317 οταν
783 2248 978 2339 λεγω
1042 2271 1203 2340 περι
1262 2271 1568 2334 εμαυτου
1629 2246 1672 2285 “
1734 2242 1909 2340 Εγω
1974 2272 2051 2318 εκ
2108 2272 2238 2319 του
2304 2244 2595 2342 Πατρος

210 2365 250 2402 “
279 2357 591 2463 ἐξῆλθον
645 2362 763 2439 καὶ
822 2360 1043 2462 ἥκω·”
1114 2362 1275 2463 περὶ
1338 2358 1414 2440 δὲ
1478 2362 1679 2459 ὑμῶν
1735 2360 1844 2440 ὅτι
1906 2363 1946 2441 ὁ
2004 2360 2245 2466 πατὴρ
2301 2364 2500 2461 ὑμῶν
2554 2366 2595 2444 ὃ

210 2479 536 2577 διάβολός
590 2486 773 2564 ἐστι·
836 2484 1196 2591 ψεύδεσθε
1249 2482 1394 2587 γὰρ
1444 2487 1562 2564 καὶ
1611 2490 1879 2592 φονᾶτε
1930 2485 2252 2590 καθάπερ
2307 2489 2590 2571 ἐκεῖνος.

210 2606 541 2713 διελέγχει
595 2607 669 2688 δὲ
718 2609 1094 2712 χρησίμως
1144 2616 1515 2715 φονῶντας
1569 2608 1845 2707 αὐτοὺς,
1884 2608 2309 2690 ἀνακόπτων
2345 2607 2597 2716 ὥσπερ

210 2728 316 2808 διὰ
382 2730 645 2812 τούτου
719 2731 812 2812 τὰ
875 2730 1373 2838 ε’γχειρήματα.
1472 2732 1997 2840 ἐξελεγχομένη
2071 2733 2213 2835 γὰρ
2289 2736 2600 2836 ἁμαρτία

124 2880 189 2921 20
208 2854 558 2940 πολλάκις
624 2858 1030 2964 ὑπερυθριᾷ,
1086 2858 1203 2936 καὶ
1263 2858 1657 2936 ὑπονοστεῖ
1709 2854 1979 2959 τρόπον
2034 2854 2216 2954 τινὰ,
2270 2855 2455 2961 πρὸς
2512 2857 2597 2938 τὸ

207 2978 449 3079 πρόσω
525 2987 787 3086 χωρεῖν
860 2983 978 3059 καὶ
1048 2980 1574 3059 ἐπεκτείνεσθαι
1647 2977 2064 3079 μηδαμόθεν
2129 2980 2591 3082 εὖρίσκουσα·
2623 2986 2667 3051 d

206 3103 508 3184 δοκοῦσα
551 3103 639 3183 δέ
663 3138 817 3188 πως
854 3101 1352 3183 διαλανθάνειν
1388 3105 1494 3182 ἀεὶ
1530 3101 1714 3206 πρὸς
1756 3101 1842 3183 τὸ
1883 3104 2117 3207 μεῖζον
2153 3103 2442 3207 αἴρεται,
2480 3106 2597 3184 καὶ

205 3224 709 3311 ἆδιακωλύτοις
744 3228 992 3331 ὁρμαῖς
1030 3232 1128 3311 εἷς
1162 3228 1383 3330 πέρας
1421 3226 1616 3331 ἕρπει
1654 3224 1739 3306 τὸ
1776 3225 2164 3332 χείριστον.

430 3483 504 3552 Εἰ
562 3485 880 3551 ἀλήθειαν
935 3487 1124 3566 Akra),
1185 3485 1290 3551 διὰ
1346 3485 1407 3552 τί
1462 3482 1642 3563 ὑμεῖς
1695 3486 1772 3552 οὐ
1827 3488 2163 3554 πιστεύετέ
2219 3511 2369 3570 μοι,

131 3667 190 3728 ²5
309 3656 456 3737 Διὰ
525 3664 675 3738 τῶν
746 3661 980 3738 αὐτῶν
1042 3657 1402 3744 πολλάκις
1477 3660 1688 3739 δίεισι
1762 3656 2026 3762 λόγων,
2099 3660 2384 3761 ἐπείπερ
2463 3659 2596 3764 ὁρᾷ

211 3781 571 3865 συνιέντας
619 3781 844 3862 οὐδέν·
915 3787 1162 3887 χρῆμα
1211 3781 1354 3886 γὰρ
1404 3780 1491 3882 δὴ
1544 3786 1661 3862 καὶ
1709 3794 1922 3864 τοῦτο
1971 3782 2438 3867 διδασκάλοις
2488 3783 2599 3862 ὅτι

209 3903 524 3999 μάλιστα
599 3904 1219 4009 πρεπωδέστατον,
1284 3905 1411 3987 τὸν
1482 3912 1577 3991 εἷς
1651 3904 1856 4015 ἅπαξ
1923 3909 2110 4014 φημὶ
2182 3905 2314 4018 μὴ.
2357 3940 2594 4009 παρα-

209 4029 539 4134 δεχθέντα
602 4028 833 4133 λόγον
886 4029 1364 4135 πολυτρόπως
1423 4032 1816 4111 ἀνελίττειν
1883 4031 1967 4109 οὗ
2026 4038 2415 4126 κατοκνεῖν,
2481 4030 2598 4109 ἵνα

208 4159 346 4236 ταῖς
380 4160 533 4234 τῶν
571 4151 1038 4256 ἀκροωμένων
1073 4152 1347 4261 ε’νιζάνῃ
1385 4159 1679 4260 ψυχαῖς.
1738 4153 1856 4233 ὅτε
1891 4153 2130 4234 τοίνυν
2166 4156 2207 4234 ὁ
2246 4151 2595 4261 ψεύστης,
2619 4182 2658 4228 Θ

275 4380 320 4419 1.
354 4366 539 4424 δεδιὸς
562 4365 704 4421 edidi
728 4385 793 4421 ex
820 4366 907 4431 B„
933 4367 1026 4439 qui
1050 4367 1231 4424 δεδὶῶς
1254 4366 1485 4421 exhibet.
1514 4366 1569 4422 δὲ
1595 4367 1659 4435 δὴ
1684 4367 1755 4424 ὥς
1780 4364 1882 4422 Ed.
2155 4382 2207 4422 2.
2243 4364 2320 4438 τι]
2354 4373 2413 4431 -1-
2442 4388 2502 4420 το
2530 4365 2596 4420 Β.

208 4446 255 4499 5.
285 4432 474 4509 ἔλεγον
498 4438 713 4510 conjicit
745 4438 945 4510 Heyse,
971 4456 1136 4493 sensu
1160 4447 1223 4492 ut
1246 4438 1459 4492 videtur
1479 4438 1563 4491 exi
1636 4446 1742 4492 nte.
2079 4454 2161 4493 10.
2197 4438 2524 4493 οὐδεπώποτε
2550 4454 2599 4491 a.

206 4504 397 4561 οὐδέπω
425 4507 531 4563 Ed.
731 4525 753 4563 1
800 4549 813 4563 .
846 4507 932 4563 ὅτι
956 4508 1258 4565 emendavit
1281 4509 1427 4564 Aub.
1454 4508 1527 4564 εἷς
1605 4549 1619 4563 .
1649 4507 1830 4565 Holst.
2038 4523 2123 4580 ²3·
2160 4507 2235 4565 εἷς
2256 4526 2364 4564 om.
2392 4507 2601 4579 Migne.

208 4587 286 4645 27.
319 4579 714 4650 παραδεχθέντα
742 4525 806 4634 ἐ.
835 4579 934 4634 Ht.
958 4578 1342 4651 παρενεχθέντα
1368 4578 1512 4635 Aub.

2683 1079 2763 1130 33·

2686 2241 2852 2306 Supra

2684 2323 2789 2357 ver.
2817 2320 2900 2370 42.

2685 2388 2768 2440 Ib.
2791 2403 2876 2453 44.
