3238 5158
629 341 718 405 30
1233 345 1310 410 Β.
1358 344 1781 411 CYRILLI
1840 346 2418 412 ALEXANDR.
2762 341 2897 408 viii.
2927 341 3043 408 28.

298 515 420 571 516
441 516 519 571 A.
571 532 609 573 a
633 511 792 609 εἶμι,
831 505 1223 607 τουτέστιν,
1264 508 1437 589 ὅταν
1470 515 1598 610 τῆς
1636 511 1743 590 ἐπ’
1782 515 1934 610 ἐμοὶ
1971 518 2228 614 μικρᾶς
2263 545 2341 591 τε
2386 512 2504 590 καὶ
2549 513 3047 614 χαμαιπετοῦς

293 1596 457 1660 Supra

293 1678 399 1717 ver,
424 1674 501 1726 13.

631 629 1163 729 ἀποπαύσησθε
1232 631 1667 739 διαλήψεως,
1728 634 1903 715 ὅταν
1968 632 2263 740 ὑψηλόν
2318 669 2396 714 τε
2468 637 2586 713 καὶ
2660 630 3045 732 ὑπέργειον

632 750 1047 859 φρονήσητε
1095 757 1257 858 περὶ
1309 758 1500 854 ἐμοῦ,
1540 757 1657 837 καὶ
1696 757 1889 839 Θεὸν
1931 761 2010 838 ἐκ
2057 763 2252 839 Θεοῦ
2300 756 2674 864 πεφηνότα
2723 753 3043 835 πιστεύ-

631 910 833 975 σητε,
871 882 930 956 δῖ
982 883 1098 957 καὶ
1144 879 1410 980 γε’γονα
1459 881 1544 959 δι’
1586 883 1769 979 ὑμᾶς
1817 882 2195 986 ἅνθρωπος
2244 882 2410 961 καθ’
2454 882 2655 978 ὑμᾶς,
2689 875 2773 958 τὸ
2825 911 3035 976 τηνι-

632 997 801 1078 κάδε
837 1001 1332 1101 διαγνώσεσθε
1367 1010 1650 1109 σαφῶς,
1689 1004 1800 1085 ὅτι
1850 1005 1992 1108 ἐγώ
2042 1011 2184 1102 εἶμι
2234 1003 2318 1084 τὸ
2357 1009 2515 1109 φῶς
2551 1009 2681 1082 τοῦ
2718 997 3033 1099 κόσμου·
3070 1025 3110 1085 5

631 1129 841 1201 τοῦτο
896 1123 1038 1226 γὰρ
1093 1130 1192 1210 εἷς
1247 1128 1425 1225 ὑμᾶς
1480 1125 1737 1230 ἔλεγον
1790 1129 2075 1230 ἀρτίως·
2152 1130 2228 1208 τί
2276 1125 2421 1230 γὰρ
2478 1123 2569 1206 ἂν
2614 1124 2720 1205 ἔτι
2773 1127 3041 1203 διακω-

631 1243 877 1344 λύσαι,
921 1251 1133 1354 φησὶ,
1177 1246 1305 1329 τὸν
1359 1249 1549 1335 ὅλως
1604 1252 2149 1358 παραδεχθέντα
2196 1249 2386 1332 Θεὸν
2439 1246 2783 1353 ὑπάρχειν
2833 1249 3033 1345 ἀλη-

630 1367 849 1468 θινὸν,
887 1375 1002 1450 καὶ
1040 1378 1199 1477 φῶς
1233 1370 1408 1453 εἶναι
1446 1381 1576 1454 τοῦ
1625 1372 1955 1472 κόσμους
2014 1375 2099 1455 οὐ
2134 1371 2279 1477 γὰρ
2315 1370 2403 1473 δὴ
2439 1370 2624 1475 πρὸς
2660 1370 3041 1468 τοσαύτην

631 1493 1233 1599 κατοιχηθήσεταί
1273 1530 1380 1581 τις
1424 1498 1686 1595 μανίαν
1734 1501 1853 1577 καὶ
1904 1496 2208 1601 θράσος,
2261 1500 2358 1581 ὡς
2414 1497 2531 1575 καὶ
2585 1493 2747 1575 τότε
2805 1491 3041 1600 φάναι

560 1653 605 1720 b
628 1625 909 1717 τολμᾶν
936 1619 1098 1699 “‘H
1137 1621 1491 1724 μαρτυρία
1527 1654 1671 1701 σου
1706 1622 1835 1702 οὐκ
1868 1621 2071 1701 ἔστιν
2106 1618 2450 1721 ἀληθής·”
2491 1618 3039 1726 ψευδηγορήσει
3073 1655 3147 1696 ιο

626 1739 772 1844 γὰρ
810 1744 1134 1842 οὐδαμῶς
1169 1745 1281 1848 ἐφ’
1321 1742 1583 1847 οἷσπερ
1619 1743 1709 1824 ἂν
1742 1746 1927 1850 λε’γῃ
1965 1743 2150 1828 Θεὸς
2186 1742 2406 1850 φύσει
2443 1746 2560 1822 καὶ
2597 1740 2966 1842 ἀληθινός.

726 1862 954 1945 Ἔστι
1027 1866 1266 1946 τοίνυν
1328 1867 1878 1972 προδηλότατον
1942 1872 2060 1947 καὶ
2124 1871 2202 1948 ἐκ
2277 1874 2424 1947 τῶν
2486 1875 2616 1947 τοῦ
2690 1870 3039 1968 Σωτῆρος·

623 1987 982 2093 ῥημάτων,
1040 1987 1149 2068 ὅτι
1203 1989 1520 2093 σμικρὰν
1569 1990 1855 2096 ἔχοντες
1908 1991 2017 2072 ἐπ’
2067 1992 2260 2098 αὐτῷ
2313 1987 2447 2091 τὴν
2504 1989 2863 2087 ὑπόνοιαν,
2910 1992 3037 2068 καὶ

625 2114 1005 2218 ἄνθρωπον
1040 2111 1217 2193 εἶναι
1253 2115 1546 2218 γυμνὸν,
1586 2114 1850 2220 ἔρημόν
1886 2150 1965 2196 τε
2010 2120 2139 2215 τῆς
2189 2116 2373 2196 κατὰ
2424 2113 2657 2221 φύσιν
2691 2112 3035 2214 θεότητος·

624 2239 1211 2338 διενθυμούμενοι,
1284 2238 1573 2324 πάντως
1660 2238 1892 2340 δήπου
1967 2245 2083 2319 καὶ
2165 2237 2672 2340 ἆπιστήσομεν
2736 2235 3029 2323 εἰκότως
3066 2262 3140 2325 15

622 2362 835 2467 αὐτῷ,
887 2365 1005 2441 καὶ
1061 2364 1146 2442 οὐ
1202 2360 1757 2470 παραδεξόμεθα
1818 2366 2125 2467 Σωτῆρα
2184 2366 2302 2443 καὶ
2361 2359 2761 2467 λυτρωτήν.
2871 2359 3030 2442 εἶτα

622 2482 700 2563 τί
749 2482 833 2564 τὸ
881 2487 1243 2583 ἐντεῦθεν;
1311 2490 1437 2585 τῆς
1492 2488 1785 2573 ἐλπίδος
1840 2485 2480 2588 ἀποπεπτῶκαμεν.
2588 2491 2650 2566 εἰ
2705 2484 2849 2590 γὰρ
2907 2483 3030 2565 διὰ

563 2631 602 2677 0
623 2607 936 2692 πίστεως
990 2609 1036 2710 ἦ
1091 2610 1434 2714 σιω-ηρία,
1490 2610 1771 2717 φρούδη
1831 2611 1907 2691 δὲ
1969 2612 2016 2711 ἡ
2079 2612 2347 2709 πίστις,
2403 2610 2479 2690 τί
2528 2608 2614 2691 τὸ
2671 2608 3031 2711 διασῶζὸν

621 2733 773 2830 ἔτι,
857 2732 1315 2818 πιστεύοντες
1376 2731 1453 2814 δὲ
1509 2739 1629 2815 καὶ
1684 2741 1781 2820 εἷς
1846 2736 2036 2841 ὕψος
2100 2734 2420 2837 αἴροντες
2481 2733 2567 2813 τὸ
2634 2733 3029 2835 θεοπρεπὲς

619 2853 747 2938 τὸν
786 2862 1196 2962 Μονογενῆ,
1245 2862 1362 2939 καὶ
1416 2863 1475 2938 εἰ
1529 2857 1828 2962 γε’γονεν
1883 2858 2282 2962 ἅνθρωπος,
2335 2859 2424 2964 ἐξ
2474 2857 2715 2961 οὐρίας
2770 2854 3027 2959 ὥσπερ
3057 2888 3138 2929 20

615 2978 1010 3086 ἐρχόμενοι,
1053 2986 1170 3062 καὶ
1207 2981 1291 3062 τὸ
1325 2981 1808 3088 παγχάλεπον
1843 2990 1971 3062 τοῦ
2014 2981 2179 3076 βίου
2230 2980 2628 3065 διαθέοντες
2674 2978 3025 3083 πέλαγος,

615 3103 797 3208 πρὸς
845 3105 978 3206 τὴν
1021 3106 1170 3186 ἅνω
1220 3104 1809 3210 μεθορμισόμεθα
1862 3103 2108 3204 πόλιν,
2153 3104 2284 3191 τὰς
2338 3107 2417 3183 ἐκ
2472 3114 2602 3185 τοῦ
2655 3104 3028 3186 πιστεύειν

613 3226 823 3328 τιμὰς
860 3232 1007 3309 ἐκεῖ
1035 3228 1498 3328 κομιούμενοι.

1439 3454 1724 3502 ΑΛΛΩΣ
1782 3456 1883 3503 ΤΟ
1945 3455 2184 3504 ΔΥΤΟ.

685 3641 898 3710 Ὀταν
952 3637 1264 3722 ὑψώσητε
1315 3640 1430 3708 τὸν
1483 3638 1625 3710 υἶόν
1678 3645 1792 3708 τοῦ
1841 3640 2197 3732 ἀνθρώπου
2250 3642 2403 3710 τότε
2457 3640 2785 3717 Γνώσεσθε
2838 3644 2941 3711 ὄτι
3054 3669 3133 3731 25

543 3810 588 3876 d
1640 3766 1778 3842 ὲΓώ
1830 3764 1983 3844 εἰμι.

727 3947 1057 4025 Πολλοῖς
1108 3976 1187 4021 τε
1243 3943 1361 4021 καὶ
1415 3943 1712 4043 ἀγαθοῖς
1766 3938 2310 4043 περιαντλήσας
2372 3935 2624 4040 λόγοις
2687 3937 2814 4019 τὸν
2870 3943 3023 4018 τῶν

607 4065 970 4147 Ἰουδαίων
1007 4065 1257 4164 θυμὸν,
1287 4070 1723 4172 σφριγῶντα
1757 4061 1984 4144 πάλιν
2021 4061 2224 4143 οὐδὲν
2260 4062 2477 4163 ἦττον
2514 4064 2666 4170 ὁρᾷ.
2725 4066 3017 4169 δυσφη-

643 4373 656 4385 .
681 4317 729 4357 1.
765 4300 880 4371 ἐμοὶ
912 4298 1122 4373 μικρᾶς]
1149 4300 1293 4371 ἐμοῖς
1322 4303 1507 4426 nugax
1592 4301 1710 4356 uani
1742 4300 1857 4371 ἐμοὶ
1888 4299 2132 4372 σμικρᾶς)
2163 4300 2227 4383 Β.
2255 4299 2370 4370 ἐμοὶ
2401 4302 2584 4381 μικρᾶς
2606 4316 2655 4354 c.
2684 4296 2848 4353 Cord.
2874 4308 2927 4353 et
2951 4307 3017 4355 ut

601 4372 795 4515 {3⁶:272
818 4443 922 4514 ομ.
943 4445 1005 4497 τε,
1029 4388 1184 4525 3123?
1219 4373 1999 4498 ,212‘1031‘2'abeffl‘0aoen224‘
2036 4373 2121 4427 “⁰²
2144 4372 2190 4426 ‘²
2210 4388 2432 4512 ὲῗνζῖἵ
2449 4368 3015 4496 ἳῖῗῗίῖιῖῗῗῗέᾶοέξζ

608 4531 693 4585 13.
732 4513 812 4569 ἐπ’
838 4512 1141 4569 emendant
1165 4514 1309 4569 Aub.
1335 4514 1543 4570 favente
1568 4533 1618 4569 a.
1641 4512 1728 4569 ὑπ’
1754 4513 1821 4568 Β.
1849 4514 1949 4569 Ht.
2284 4527 2367 4584 15.
2404 4510 2634 4582 πάντως]
2668 4515 2727 4575 -1-
2756 4514 2786 4564 ὁ
2813 4510 2880 4566 Β.
2910 4511 3011 4566 Ht.

603 4599 691 4657 27.
727 4587 909 4658 λόγοις
932 4594 1275 4656 assumptum
1299 4603 1363 4640 ex
1392 4584 1459 4640 B.
