3238 5158
228 364 351 414 vm
379 369 484 436 32.
604 349 721 416 IN
780 349 848 415 S.
897 348 1412 415 JOANNEM.
1505 349 1697 416 LIB.
1729 352 1811 418 V.
1904 353 2230 420 CAR-V.
2546 355 2632 418 59

223 547 416 612 μενοι
456 511 779 615 μάθημα,
818 521 1030 598 σκιᾶς
1066 549 1144 595 τε
1189 519 1319 615 τῆς
1371 513 1557 595 κατὰ
1607 514 1831 616 νόμον
1866 518 1952 597 οὐ
1988 516 2292 624 σφόδρα
2327 519 2624 625 φροντί-

223 635 480 739 ζὸντες,
521 641 839 740 μαθηταὶ
889 637 1075 720 κατὰ
1124 637 1468 740 ἀλήθειάν
1504 644 1649 719 εἶσι
1691 648 1822 721 τοῦ
1858 645 2218 744 Χριστοῦ·
2280 647 2347 721 οἱ
2395 640 2473 721 δὲ
2522 642 2624 742 μὴ

222 769 470 841 τοῦτον
525 760 746 844 αὐτὸν
799 761 1228 867 προσιόντες·
1280 761 1410 844 τὸν
1462 761 1738 867 τρόπον
1792 763 2083 850 ἑαυτοὺς
2142 766 2621 870 διαπαίζουσι,

220 882 300 964 τὸ
352 881 528 965 εἶναι
578 885 879 992 μαθηταὶ
938 885 1125 967 κατὰ
1176 885 1522 987 ἀλήθειαν
1572 890 1701 969 οὐκ
1756 889 2056 995 ἔχοντες,
2108 888 2225 970 διά
2277 925 2356 972 τε
2411 899 2624 970 τοῦτο

160 1022 196 1085 5
221 1012 341 1108 τῆς
394 1011 762 1113 σωτηρίας
814 1011 1365 1095 ἐκπεπτωκότες.
1431 1014 1549 1092 καὶ
1603 1021 1783 1115 γοῦν
1830 1014 1870 1092 ὁ
1925 1013 2272 1118 μακάριος
2321 1019 2624 1098 Παῦλος
2646 1023 2691 1088 b

218 1140 359 1216 τοῖς
395 1135 472 1213 ἐκ
513 1134 735 1233 νόμου
771 1138 1220 1215 δικαιοῦσθαι
1254 1132 1438 1233 μετὰ
1473 1134 1607 1235 τὴν
1634 1137 1885 1216 πίστιν
1912 1134 2230 1236 ἀνοήτως
2267 1136 2621 1235 ἐθέλουσι,

219 1256 599 1360 διαρῥήδην
652 1257 1067 1339 ἐπιστέλλει
1124 1267 1170 1305 “
1201 1258 1725 1361 Κατηργήθητε
1780 1257 1926 1340 ἀπὸ
1982 1267 2111 1340 τοῦ
2168 1265 2502 1363 Χριστοῦ
2555 1263 2630 1340 οἵ
2713 1291 2894 1341 Ga1.v.
2914 1310 2959 1353 4„

218 1387 262 1425 “
291 1413 476 1464 τινες
531 1384 609 1460 ἐν
664 1381 860 1490 νόμῳ
916 1385 1349 1479 δικαιοῦσθε,
1400 1386 1530 1482 τῆς
1583 1380 1876 1487 χάριτος
1931 1380 2378 1488 ἐξεπέσατε.”
2449 1390 2623 1462 θαυ-

215 1501 503 1599 μαστὸν
556 1505 686 1585 οὖν
739 1505 881 1610 ἄρα
941 1508 1060 1584 καὶ
1120 1505 1357 1603 τίμιον
1411 1505 1457 1604 ἡ
1516 1505 1962 1608 μονότροπος
2021 1505 2299 1603 πίστις,
2360 1508 2477 1586 καὶ
2536 1509 2622 1587 τὸ

123 1654 194 1696 10
217 1627 633 1708 ἀκολουθεῖν
682 1625 1050 1733 ἀραρότως
1102 1626 1509 1721 βούλεσθαι
1563 1634 1670 1735 τῷ
1718 1630 2024 1735 Χριστῷ
2080 1627 2212 1713 τὰς
2265 1630 2344 1709 ἐκ
2401 1626 2623 1728 νόμου

215 1749 426 1835 σκιὰς
475 1757 574 1836 εἰς
620 1750 753 1851 τὴν
788 1753 897 1833 ἐπ’
934 1752 1130 1857 αὐτῷ
1181 1747 1694 1853 περιέλκοντας
1741 1757 2041 1854 γνῶσιν,
2078 1754 2199 1831 καὶ
2246 1750 2340 1831 τὰ
2388 1757 2616 1853 αἰνιγ-

214 1877 560 1972 ματωδῶς
628 1874 957 1978 εἰρημένα
1017 1871 1201 1976 πρὸς
1260 1873 1392 1973 τὴν
1445 1873 1932 1973 πνευματικὴν
1984 1875 2621 1974 μεταπλάττοντας

215 1997 609 2076 παίδευσιν.
688 1997 1107 2102 κηρύττεται
1144 1996 1287 2098 γὰρ
1339 1996 1457 2078 διὰ
1508 1995 1732 2098 νόμου
1768 2000 1886 2079 καὶ
1921 2005 2068 2079 τῶν
2103 2005 2501 2106 προφητῶν
2537 1998 2621 2079 τὸ
2647 2030 2684 2072 o

215 2119 319 2199 ἐπ’
359 2121 556 2228 αὐτῷ
591 2118 1013 2225 μυστήριον.

125 2385 334 2455 15¹<ui
386 2388 716 2465 Γνώσεσθε
766 2390 888 2457 τὴν
941 2390 1281 2472 ἀλήθειαν,
1336 2392 1441 2457 καὶ
1497 2391 1536 2456 ἡ
1594 2391 1877 2457 ἀλήθεια
1936 2389 2371 2480 ἐλευθερώσει
2432 2392 2617 2468 ὑμᾶς.
2649 2401 2725 2460 32

323 2562 712 2667 Ἀμυδρὸς-
749 2561 883 2664 μὲν
945 2563 1070 2664 ἔτι,
1136 2566 1255 2644 καὶ
1326 2564 1411 2644 οὐ
1476 2562 1776 2671 σφόδρα
1840 2559 2196 2668 διαφανὴς
2261 2563 2301 2642 ὃ
2366 2558 2615 2665 λόγος·

215 2687 443 2767 ὦδίνει
502 2689 571 2767 δ’
625 2689 752 2767 οὖν
800 2686 992 2787 ὅμως
1049 2687 1378 2793 ἀδελφὴν
1433 2696 1580 2773 τοῖς
1634 2687 1780 2792 πρὸ
1836 2689 2056 2767 αὐτοῦ
2110 2685 2244 2787 τὴν
2300 2686 2622 2786 δύναμιν,

216 2813 330 2890 καὶ
404 2808 525 2891 διὰ
597 2816 744 2890 τῶν
817 2813 1050 2891 αὐτῶν
1124 2812 1293 2911 ἡμῖν
1365 2807 1510 2890 εἶσι
1580 2810 2064 2914 θεωρημάτων
2138 2807 2620 2911 ἑτεροτρόπως

215 2933 742 3042 ἐξυφασμένος.
856 2936 1249 3035 ἀποδημεῖν
1321 2933 1466 3037 γὰρ
1546 2936 1665 3013 καὶ
1753 2932 1968 3018 αὐτὸς
2052 2934 2416 3012 ἀναπείθει
2504 2935 2622 3012 καὶ

120 3081 193 3123 20
214 3059 478 3138 λοιπὸν
523 3058 1066 3140 ἀπανίστασθαι
1120 3066 1363 3164 φιλεῖν
1405 3062 1534 3158 τῆς
1584 3056 1767 3138 κατὰ
1817 3054 2038 3156 νόμον
2085 3057 2420 3158 λατρείας
2455 3054 2622 3140 τοῦς

215 3177 420 3289 ἅπαξ
476 3180 1069 3267 πεπιστευκότας·
1147 3185 1635 3284 παιδαγωγῶν
1691 3181 1767 3262 δὲ
1824 3178 2158 3284 ἡγεῖσθαι
2216 3178 2349 3280 τὴν
2403 3179 2619 3259 σκιὰν
2643 3191 2688 3256 d

215 3308 308 3388 εἰς
372 3303 510 3405 τὴν
564 3304 672 3384 ἐπ’
729 3305 923 3413 αὐτῷ
980 3311 1281 3408 γνῶσιν,
1337 3308 1455 3385 καὶ
1522 3303 1615 3383 τὰ
1680 3305 1755 3384 ἐν
1808 3302 2059 3388 τύποις
2123 3303 2437 3412 ἀφέντας
2502 3306 2622 3384 καὶ

216 3429 657 3531 αἰνίγμασιν,
707 3429 815 3510 ἐπ’
869 3427 1092 3528 αὐτὴν
1149 3428 1321 3508 ἰέναι
1376 3434 1664 3531 γοργῶς
1720 3425 1828 3521 rhu
1876 3425 2211 3525 ἀλήθειαν,
2261 3426 2617 3525 τουτέστι,

216 3551 547 3653 Χριστὸν
581 3550 709 3632 τὸν
744 3556 872 3652 τῆς
918 3554 1234 3650 ἀληθοῦς
1283 3552 1684 3652 ἐλευθερίας
1733 3554 2000 3654 δοτῆρα
2048 3553 2167 3630 καὶ
2217 3548 2615 3653 λυτρωτῆν.

119 3706 191 3767 25
214 3673 544 3776 γνώσεσθε
611 3676 849 3755 τοίνυν
912 3678 1100 3781 φησὶ
1171 3672 1278 3769 τῆν
1342 3672 1656 3770 ἀλήθειαν
1719 3682 1870 3758 τοῖς
1941 3676 2132 3773 ἐμοῖς
2205 3673 2622 3772 ἐμμένοντες

216 3797 484 3900 λόγοις,
540 3797 685 3879 ἀπὸ
747 3797 823 3880 δὲ
887 3807 1014 3878 τοῦ
1071 3804 1340 3898 γνῶναι
1398 3794 1532 3897 τὴν
1587 3795 1935 3897 ἀλήθειαν
1991 3796 2121 3896 τὴν
2175 3794 2344 3900 παρ’
2404 3797 2622 3895 αὐτῆς

216 3918 574 4029 ὠφέλειαν
613 3923 967 4026 εὑρήσετε.
1026 3924 1144 4001 καὶ
1181 3920 1391 4026 δέχου
1426 3954 1550 4019 μοι
1584 3919 1811 4000 πάλιν
1846 3918 2168 3999 τοιοῦτόν
2205 3955 2274 3999 τι
2311 3919 2622 4022 λέγοντα

213 4045 398 4150 πρὸς
433 4046 822 4130 Ἰουδαίους
880 4044 1008 4126 τὸν
1048 4043 1341 4148 Κύριον·
1400 4046 1837 4124 ἐκπλατῦναι
1882 4042 2027 4146 γὰρ
2077 4038 2270 4141 οἶμαι
2322 4047 2466 4122 δεῖν
2502 4045 2620 4122 καὶ

214 4166 300 4248 τὸ
357 4172 436 4249 ἐν
492 4175 597 4278 τῷ
653 4169 1090 4276 προκειμένῳ
1148 4166 1504 4271 θεώρημα,
1562 4165 1681 4246 διὰ
1743 4165 1829 4248 τὸ
1892 4174 2036 4251 τοῖς
2098 4164 2619 4273 ἐντευξομένοις

120 4309 192 4367 30
215 4301 678 4374 λυσιτελοῦν·
766 4291 1032 4397 πικρὰν
1094 4294 1171 4371 ἐν
1232 4289 1605 4399 Αἰγύπτῳ,
1674 4293 1929 4397 φησὶν,
1999 4292 2414 4388 ὑπεμείνατε
2485 4288 2618 4388 τὴν
2642 4326 2680 4369 e

237 4552 245 4558 ·
291 4535 340 4575 1.
377 4518 441 4573 αὖ
466 4521 683 4645 σᾶόὸρα
708 4519 824 4575 Ba.
849 4518 957 4575 οὐδ’
983 4518 1122 4577 ὅλος
1149 4517 1332 4575 Holst.
1359 4517 1465 4575 Ed.
1685 4531 1770 4589 17.
1809 4517 1855 4573 δ’
1880 4535 1990 4605 2¹²¹·
2016 4517 2162 4572 Aub.
2396 4517 2478 4572 18.
2516 4510 2624 4569 εἶσι

214 4589 468 4648 emendat
550 4607 693 4663 eyfle.
716 4590 796 4647 ἶσι
822 4590 888 4646 Β.
912 4588 1027 4660 ἵησι
1054 4590 1153 4645 Ht.
1179 4588 1285 4645 Ed.
1501 4604 1589 4644 22.
1625 4586 1708 4659 ἐν]
1741 4595 1800 4654 -Ι-
1828 4611 1940 4645 τοις
1966 4587 2065 4642 Ht.
2093 4586 2197 4642 Ed.

1373 4689 1473 4741 12
