3238 5158
646 365 731 427 66
1250 365 1332 431 B.
1379 364 1796 430 CYRILLI
1856 362 2434 430 ALEXANDR.
2781 360 2921 424 viii.
2947 374 3055 445 35.

546 638 623 699 35
660 623 748 688 ‘O
804 623 1038 689 δοῦλος
1092 625 1166 689 οὐ
1222 628 1400 703 μένει
1451 627 1522 693 ἐν
1577 633 1658 718 τῇ
1715 624 1887 717 οἰκίᾳ
1943 623 2037 690 εἰς
2090 625 2205 693 τὸν
2260 622 2490 689 αἰῶνα·
2545 625 2582 690 ὁ
2635 620 2789 687 Υἰόε
2845 620 3033 698 μένει

1573 749 1668 818 εἷς
1721 752 1835 818 τὸν
1891 747 2124 815 αἰῶνα.

759 931 1277 1036 Ἀνελεύθερον
1330 933 1712 1041 ἀποφήνας
1777 938 1894 1013 καὶ
1961 929 2100 1012 ὑπὸ
2160 930 2490 1011 δουλείαν
2556 929 2731 1010 ὄντα
2787 926 3061 1030 πικρὰν

593 1089 629 1131 e
650 1054 780 1135 τὸν
820 1063 976 1140 ταῖς
1025 1058 1403 1160 ἁμαρτίαις
1450 1057 1722 1163 ἔνοχον,
1759 1055 2067 1158 ἐπιλέγει
2113 1056 2511 1160 χρησίμως,
2549 1056 2666 1134 καὶ
2714 1055 2877 1132 τίνα
2925 1051 3063 1150 μὲν

650 1177 859 1258 ἕσται
914 1185 1017 1288 τῷ
1071 1180 1204 1281 τὴν
1255 1181 1586 1261 δουλείαν
1637 1178 2064 1283 ἠγαπηκότι,
2101 1180 2177 1259 τί
2226 1181 2293 1258 δ’
2336 1178 2427 1258 αὖ
2480 1175 2709 1257 πάλιν
2753 1174 3061 1282 ὑπάρξει
3086 1197 3121 1255 5

649 1299 849 1404 παρὰ
885 1308 1078 1383 Θεοῦ
1125 1310 1274 1389 τοῖς
1320 1311 1530 1399 βιοῦν
1576 1304 1941 1402 ἑλομένοις
1989 1299 2319 1400 ἐννόμως,
2359 1304 2477 1380 καὶ
2526 1302 2605 1379 ἐν
2643 1304 2815 1382 υἱοῖς
2860 1304 3061 1378 Θεοῦ

650 1423 770 1503 διὰ
831 1433 1046 1506 τοῦτο
1111 1429 1780 1530 κατατεταγμένοις.
1866 1428 1964 1506 Ὁ
2021 1424 2150 1526 μὲν
2203 1423 2348 1528 γὰρ
2405 1419 2636 1509 δοῦλός
2695 1431 2933 1528 φησιν
2990 1427 3063 1501 οὐ

646 1546 821 1654 μένει
862 1551 922 1631 ἓν
959 1553 1041 1658 τῇ
1081 1555 1265 1661 οἰκία
1303 1560 1395 1638 εἰς
1435 1550 1540 1632 τὶν
1581 1551 1813 1632 αἰῶνα·
1880 1555 1997 1631 καὶ
2045 1547 2189 1654 γὰρ
2239 1547 2327 1649 δὴ
2378 1550 2499 1628 καὶ
2546 1547 2773 1631 ὅντως
2823 1551 2921 1630 εἷς
2973 1544 3063 1624 τὸ

649 1671 915 1758 σκότος
983 1677 1350 1777 δραμεῖται
1412 1671 1499 1755 τδ
1560 1675 1937 1782 ἐξώτερον,
2005 1675 2153 1753 ἐκεῖ
2218 1673 2415 1756 δίκας
2491 1671 2866 1752 ἀποτίσων
2931 1672 3064 1768 τῆς

649 1797 1117 1900 ἀνελευθέρου
1153 1798 1355 1902 ζωῆς,
1391 1798 1570 1904 ,uim
1609 1798 1685 1878 δὲ
1724 1809 1753 1879 ὁ
1793 1799 1946 1884 Τὶὶς
1983 1805 2070 1883 εἰς
2109 1798 2213 1878 τὶν
2251 1796 2486 1876 αἰῶνα.
2563 1801 2631 1876 οἱ
2670 1793 2815 1897 γὰρ
2853 1791 3071 1900 ἅπαξ
3094 1828 3161 1870 10

651 1926 742 2025 τῇ
778 1926 907 2020 τῆς
947 1924 1303 2007 υἱοθεσίας
1353 1921 1908 2006 ἀπολαύσαντες
1954 1919 2154 2027 δόξῃ,
2191 1928 2536 2019 μενοῦσιν
2571 1921 2648 1998 ἐν
2680 1918 3066 2024 προσώπῳ

319 2064 458 2121 540
474 2062 553 2121 Δ.
596 2078 634 2117 a
654 2048 869 2143 Θεοῦ,
914 2049 1042 2144 τῆς
1093 2051 1279 2152 ἱερᾶς
1323 2053 1472 2126 τῶν
1514 2043 1994 2149 πρωτοτόκων
2038 2046 2263 2145 αὐλῆς
2316 2045 2465 2124 κατ’
2507 2042 2760 2123 οὐδένα
2811 2039 3067 2141 καιρὸν

651 2167 1144 2274 ἐξωθούμενοι,
1201 2170 1481 2273 μακρὸν
1537 2168 1614 2249 δὲ
1678 2176 1972 2267 μᾶλλον
2027 2173 2143 2248 καὶ
2198 2164 2566 2269 ἀμήρυτον
2620 2169 2843 2246 αἶῶνα
2896 2166 3061 2267 τρί-

653 2300 908 2388 βοντες
946 2295 1021 2371 ἐν
1057 2295 1262 2398 αὐτῇ.
1343 2291 1689 2393 συνήσεις
1741 2291 1818 2372 δὲ
1870 2289 1956 2372 τὸ
2012 2290 2406 2395 λεγόμενον
2441 2295 2755 2394 ἀκριβῶς
2799 2292 2875 2368 ἐν
2912 2295 3068 2371 τοῖς

655 2415 1101 2517 εὐαγγελίοις
1135 2415 1573 2519 παραβολὴν
1606 2418 1967 2519 προτιθεὶς
2005 2420 2103 2499 εἶς
2138 2415 2576 2517 ἀνάγνωσιν,
2601 2416 2678 2493 ἐν
2712 2409 2758 2518 ᾗ
2795 2410 3067 2511 στήσει
3096 2449 3162 2506 15

656 2537 790 2638 μὲν
841 2536 1005 2624 τοὺς
1060 2540 1345 2647 ἐρίφους
1400 2540 1489 2648 ἐξ
1538 2539 1941 2639 εὐωνύμων,
1994 2541 2071 2619 ἐκ
2122 2539 2376 2647 δεξιῶν
2421 2538 2499 2619 δὲ
2548 2536 2640 2619 τὰ
2686 2535 3064 2640 πρόβατα,

659 2665 915 2768 φησὶν,
968 2665 1008 2743 ὁ
1064 2664 1411 2766 Χριστὸς,
1469 2669 1585 2745 καὶ
1643 2664 1753 2745 ὅτι
1807 2665 1973 2748 τούς
2025 2662 2158 2764 μὲν
2214 2666 2501 2769 ἐρίφους
2554 2662 3072 2766 ἀποπέμψεται

321 2782 570 2834 amm·
661 2798 704 2835 “
745 2787 1155 2891 Πορεύεσθε
1211 2787 1449 2890 λε’γων
1499 2793 1567 2868 οἱ
1624 2787 2093 2891 κατηραμένοι
2154 2793 2250 2873 εἶς
2305 2786 2390 2868 τὸ
2444 2796 2591 2890 πῦρ
2639 2784 2726 2866 τὸ
2782 2784 3074 2864 αἰώνιον

323 2864 443 2899 m.
468 2863 553 2913 4¹·

324 3193 405 3246 Ib-
430 3206 515 3259 34·

659 2922 704 2959 ‘⁶
740 2911 824 2993 τὸ
880 2912 1411 3012 ἡτοιμασμένον
1460 2916 1564 3019 τῷ
1618 2912 1945 3020 διαβόλῳ
2001 2918 2120 2992 καὶ
2174 2917 2320 2996 τοῖς
2376 2908 2718 3013 ἀγγέλοις
2774 2905 3067 2988 αὐτοῦ’”

591 3056 635 3121 b
659 3035 962 3143 συνάξει
999 3035 1074 3116 δὲ
1109 3035 1292 3140 πρὸς
1328 3032 1584 3117 ἑαυτὸν
1616 3035 1708 3116 τὰ
1744 3035 2104 3139 πρόβατα,
2145 3041 2261 3115 καὶ
2297 3033 2626 3134 ἀσμένως
2670 3032 3070 3138 εἷσδέξεται
3096 3075 3169 3116 20

661 3169 705 3208 “
743 3167 973 3240 Δεῦτε
1030 3158 1258 3240 πάλιν
1313 3163 1651 3254 ἀναβοῶν
1706 3165 1773 3239 οἱ
1836 3160 2302 3261 εὐλογημένοι
2356 3166 2486 3239 τοῦ
2545 3155 2835 3259 Πατρός
2895 3189 3067 3253 μου,

662 3293 707 3330 “
743 3281 1340 3386 κληρονομήσατε
1415 3282 1549 3383 τὴν
1623 3283 2159 3384 ἡτοιμασμένην
2234 3286 2397 3382 ὑμῖν
2469 3280 2856 3378 βασιλείαν
2920 3277 3072 3358 ἀπὸ

661 3416 707 3453 “
744 3411 1156 3506 καταβολῆς
1207 3404 1556 3507 κόσμου.”
1616 3408 1736 3487 διὰ
1783 3404 1912 3507 μὲν
1947 3406 2094 3511 γὰρ
2145 3414 2292 3487 τῶν
2325 3406 2612 3513 ἐρίφων,
2651 3405 2695 3505 ἦ
2744 3405 3072 3507 ἄκαρπος

659 3535 809 3610 τῶν
859 3530 1526 3637 φιλαμαρτημόνων
1577 3534 1920 3632 δηλοῦται
1975 3530 2284 3630 πληθύς·
2373 3529 2492 3609 διὰ
2547 3529 2623 3609 δὲ
2676 3535 2824 3608 τῶν
2873 3562 3068 3630 προ-

658 3652 930 3749 βάτων,
972 3654 1011 3732 ὁ
1048 3660 1194 3734 τῶν
1230 3654 1728 3751 εὐσεβούντων
1765 3654 2003 3760 χορὸς,
2041 3651 2366 3757 καθάπερ
2401 3654 2565 3762 ἐρίῳ
2602 3655 2739 3733 τινὶ
2789 3656 2894 3759 τῷ
2941 3655 3074 3750 τῆς
3100 3695 3179 3754 ²5

662 3778 1117 3878 δικαιοσύνης
1170 3783 1426 3886 καρπῷ
1482 3778 2115 3882 καταβριθὸμενος.
2204 3779 2461 3858 οὐκοῦν
2515 3778 2556 3857 ὀ
2613 3775 2745 3875 μὲν
2798 3773 2884 3855 τὸ
2941 3779 3075 3874 τῆς

662 3903 992 3986 δουλείας
1046 3897 1307 4007 αἶσχος
1360 3901 1736 4004 ἀράμενος,
1787 3906 1916 4002 τῆς
1971 3909 2118 3983 τῶν
2165 3902 2486 4004 οὐρανῶν
2534 3899 2919 3998 βασιλείας
2975 3902 3077 3983 ὡς

739 4130 790 4166 1.
822 4110 987 4166 ’0-6
1038 4112 1101 4167 ‘0
1129 4113 1288 4168 δὲ-(δ
1314 4114 1372 4168 δὲ
1395 4132 1444 4168 a.
1691 4129 1773 4167 11.
1810 4117 1873 4182 τῇ
1934 4113 2188 4183 ἰ’-δόξῃ
2218 4112 2285 4168 Β.
2311 4113 2403 4182 τῆς
2425 4111 2741 4181 τῆς-δόξης
2768 4109 2952 4164 Holst.
2980 4109 3077 4178 τῆς

663 4182 890 4251 -δόξης
916 4184 963 4237 E
1006 4223 1019 4237 .
1115 4184 1443 4257 εὐπροσώπῳ
1472 4184 1537 4238 Β.
1564 4184 1871 4239 emendavit
1957 4194 1997 4240 t.
2185 4200 2268 4254 13.
2305 4182 2566 4253 ἀμήρυτον
2589 4180 2837 4235 emendat
2866 4179 3073 4251 Heyse.

664 4251 924 4323 ἆμύρητον
958 4252 1023 4307 Β.
1055 4252 1317 4323 ἀμύθητον
1351 4254 1449 4310 Ht.
1485 4254 1587 4310 Ed.
1720 4255 1992 4325 τρίβοντες
2025 4254 2328 4309 emendavit
2362 4253 2509 4308 Aub.
2547 4252 2820 4321 τρίβοντος
2858 4248 2925 4304 Β.
2969 4249 3074 4304 Ht.

668 4321 861 4378 Statim
885 4324 1080 4378 lacuna
1102 4324 1159 4377 in
1185 4324 1288 4379 Ed.
1316 4325 1432 4379 sine
1457 4342 1635 4380 causa.
1822 4341 1904 4392 14.
1942 4324 2188 4394 συνήσεις
2212 4325 2437 4379 con‘ecit
2459 4323 2517 4377 in
2539 4340 2651 4392 mg.
2676 4320 2822 4375 Aub.
2849 4321 3079 4389 σ-υνίσησ

668 4392 734 4448 Β.
766 4393 861 4449 Ht.
888 4393 993 4448 Ed.
1112 4394 1168 4448 ἐν
1189 4397 1297 4451 τοῖς
1321 4396 1645 4468 εὐαγγελίοις
1667 4395 1979 4465 παραβολὴν
1999 4395 2263 4465 προτιθεὶς
2285 4418 2357 4451 εις
2381 4392 2630 4448 emendat
2656 4390 2854 4462 Heyse.
2883 4391 2940 4446 ἐν
2963 4395 3079 4448 τοῖς

664 4465 987 4591 ’ῗῖἶῖἔλῗὲῗ
1009 4466 1317 4590 πῳαβοῖὴ”
1336 4466 1769 4593 π”ᾞῖἷῗιςῃιῖ
1796 4467 1852 4520 ³⁹
1873 4462 3075 4598 Ἠῖῑλὶἷψελῖωι’ἑροὲέθὲἕᾝέἷαὲἶοῗῖ

665 4557 755 4676 ε17.
793 4574 1206 4677 ἀποπέμψεσθαι
1232 4550 1925 4663 Β5..Ησέηεωευά8νίῐ.ἷιζῖ).
2171 4576 2185 4590 ·
2496 4575 2510 4589 ·
3062 4572 3079 4589 ·
