3238 5158
573 344 702 409 198
1176 345 1257 408 B.
1304 343 1722 409 CYRILLI
1783 343 2366 410 ALEXANDR.
2750 337 2974 419 ix.35·

699 587 815 654 Καὶ
868 589 1082 678 εὑρὼν
1138 590 1336 658 αὐτὸν
1390 583 1572 657 εἶπεν
1627 590 1810 676 αὐτῷ
1863 589 1954 655 Σὺ
2011 590 2337 657 πιστεύεις
2389 583 2485 653 εἷο
2538 586 2651 653 τὸν
2704 579 2860 649 Υἶὸν

1597 720 1710 782 τοῦ
1760 715 1967 800 9205,-

683 874 1177 979 Ἐκβέβληται
1229 876 1431 981 παρὰ
1477 885 1623 959 τῶν
1664 879 2085 982 Φαρισαίων
2128 880 2169 959 5
2223 874 2399 959 ποτὲ
2452 872 2756 981 τυφλὸς,
2799 872 2972 951 ἀλλ’

574 1003 659 1081 οὐ
712 1011 989 1106 μακροῦ
1040 1001 1313 1110 μεταξὺ
1368 1000 1870 1106 διαγεγονότος
1922 1001 2186 1109 χρόνου
2239 1000 2435 1103 ζητεῖ
2481 998 2614 1099 μὲν
2664 995 2881 1077 αὑτὸν
2931 996 2974 1076 5

503 1134 546 1198 b
574 1125 922 1229 Χριστὸς,
998 1123 1180 1234 εὑρῶν
1254 1126 1331 1207 δὲ
1404 1134 1896 1230 μυσταγωγεῖ.
2003 1133 2305 1228 σημεῖον
2379 1125 2507 1205 οὖν
2576 1123 2784 1203 ἔσται
2856 1124 2975 1202 καὶ
3001 1142 3043 1202 5

572 1257 786 1330 τοῦτο
841 1259 970 1330 τοῦ
1025 1252 1103 1331 ἐν
1158 1252 1488 1359 φροντίδι
1542 1256 1826 1333 κεῖσθαι
1879 1254 1971 1357 τῇ
2022 1248 2225 1353 παρὰ
2280 1255 2450 1357 Θεῷ
2505 1244 2673 1333 τοὺς
2736 1281 2970 1364 συνα-

574 1374 890 1477 γορεύειν
923 1374 1304 1460 ἐθέλοντας
1358 1378 1572 1483 αὐτῷ,
1611 1378 1729 1455 καὶ
1763 1379 1892 1474 τῆς
1929 1382 2025 1459 εἷς
2061 1374 2280 1456 αὐτὸν
2314 1373 2630 1458 πίστεως
2669 1406 2970 1476 προκιν-

574 1499 884 1579 δυνεύειν
919 1500 1003 1579 οὐ
1039 1500 1681 1605 καταφρίττοντας.
1761 1498 2036 1584 ἀκούεις
2079 1497 2226 1603 γὰρ
2275 1498 2469 1583 ὅπως
2517 1501 2612 1582 ὡς
2662 1498 2740 1577 ἐν
2773 1494 2978 1603 τάξει

575 1626 803 1722 καλῆς
878 1623 1333 1722 ἅντιμισθίας
1403 1623 1659 1704 ἑαυτὸν
1728 1625 2014 1731 ἐμφανῆ
2088 1621 2459 1721 καθιστὰς,
2532 1621 2977 1703 τελεώτατον

575 1747 768 1855 αὐτῷ
801 1746 931 1827 τὸν
968 1749 1082 1828 ἐπὶ
1132 1753 1223 1854 τῇ
1271 1747 1516 1829 πίστει
1557 1746 1785 1851 λόγον
1820 1747 2236 1855 ἐμφυτεύειν
2273 1748 2645 1850 ἐπείγεται.
2723 1779 2965 1849 προσ·-
3010 1774 3087 1814 10

576 1868 734 1973 ἄγει
770 1870 844 1951 δὲ
882 1870 1014 1971 τὴν
1048 1880 1310 1952 πεῦσιν
1344 1871 1462 1950 ἵνα
1501 1871 1700 1977 λάβῃ
1735 1871 1868 1972 τὴν
1904 1873 2344 1953 συναίνεσιν.
2424 1871 2629 1954 οὗτος
2666 1867 2811 1974 γὰρ
2844 1876 2976 1950 τοῦ

574 1994 940 2075 πιστεύειν
974 1995 1015 2073 5
1052 1993 1343 2099 τρόπος.
1409 1993 1525 2075 διὰ
1561 1995 1707 2100 γάρ
1743 2030 1854 2077 τοι
1888 2006 2106 2078 τοῦτο
2141 1994 2305 2081 τοὺς
2341 1999 2457 2077 ἐπὶ
2492 1993 2577 2076 τὸ
2613 1999 2854 2075 θεῖον’
2833 1991 2978 2074 ιόν-

460 2209 469 2218 .
575 2152 704 2202 τας
746 2117 1135 2218 βάπτισμα
1176 2120 1883 2225 προδιερωτωμένους
1919 2119 2297 2224 παρέργως
2331 2126 2391 2201 εἶ
2427 2118 2974 2216 πεπιστεύκασι,

516 2267 553 2312 0
577 2239 1090 2326 συναινοῦντάς
1140 2276 1219 2323 τε
1270 2241 1406 2343 ἤδη
1462 2248 1578 2325 καὶ
1631 2241 2284 2346 διωμολογηκότας,
2327 2246 2423 2329 ὡς
2458 2243 2801 2346 γνησίους
2835 2242 2977 2344 ἤδη

577 2372 668 2471 τῇ
704 2365 942 2470 χάριτι
975 2366 1569 2469 παραπέμπομεν.
1652 2403 1945 2474 αρχεται
1995 2371 2038 2449 5
2086 2377 2215 2450 τοῦ
2264 2367 2690 2473 πράγματος
2738 2365 2977 2447 τοίνυν
3010 2391 3088 2451 15

574 2489 800 2575 τύπος
832 2492 1151 2572 ἐντεῦθεν
1188 2492 1378 2592 ἡμῖν,
1403 2527 1518 2573 και
1557 2492 1646 2601 ἐξ
1676 2495 1895 2574 αὑτοῦ
1930 2492 2437 2595 μεμαθήκαμεν
2472 2501 2602 2573 τοῦ
2641 2494 2977 2595 Σωτῆρος

574 2614 778 2714 ἡμῶν
819 2620 1146 2719 Χριστοῦ
1198 2615 1284 2697 τὸ
1338 2618 1497 2698 τίνα
1553 2616 1696 2723 χρὴ
1751 2617 1879 2698 τὸν
1926 2614 2198 2720 τρόπον
2247 2616 2376 2699 τὸν
2421 2620 2536 2699 ἐπι
2589 2623 2680 2722 τῇ
2732 2617 2979 2697 πίστει

577 2743 935 2819 ποιεῖσθαι
972 2736 1223 2843 λόγον.
1304 2738 1422 2821 δια
1457 2751 1672 2822 τοῦτο
1708 2742 1824 2822 καὶ
1863 2742 1904 2820 5
1941 2740 2327 2827 θεσπέσιος
2366 2748 2667 2827 Παῦλος
2704 2743 2975 2841 ὁμολο-

239 2855 866 2973 ἲ’Π’1“ξ’;“·γεί“σθαι
927 2862 1060 2964 τὴν
1116 2867 1193 2945 ἐν
1250 2865 1526 2949 τούτοις
1591 2866 1989 2969 ὁμολογίαν
2053 2869 2169 2947 ἐπὶ
2226 2872 2534 2948 πολλῶν
2594 2864 2978 2969 μαρτύρων

578 2989 1104 3094 διισχυρίσατο,
1136 2987 1483 3088 τουτέστι,
1514 2996 1662 3071 τῶν
1698 2988 1924 3094 ἁγίων
1958 2986 2318 3094 ἀγγελων·
2374 3025 2494 3071 και
2530 3025 2589 3070 ει
2625 2987 2981 3097 φρικῶδες
3007 3020 3089 3061 20

576 3115 737 3193 ἐστι
789 3111 875 3194 τὸ
927 3113 1033 3193 ἐπ’
1074 3111 1413 3216 ἀγγελων
1449 3111 1779 3217 εἰρηκότα
1796 3112 2397 3264 διαψεύσασθαι,
2434 3113 2649 3222 πόσῳ
2685 3119 2981 3214 μᾶλλον

509 3240 612 3314 d'
577 3239 681 3318 επ’
722 3238 940 3317 αὐτοῦ
988 3245 1116 3317 τοῦ
1152 3243 1527 3340 Χριστοῦ·
1508 3299 1529 3335 ,
1602 3239 1829 3344 ἐρωτᾷ
1881 3247 2261 3342 τοιγαροῦν
2293 3237 2420 3319 τόν
2456 3272 2635 3320 ποτε
2686 3233 2976 3345 τυφλὸν

579 3363 714 3465 οὐχ
751 3363 1003 3446 ἁπλῶς
1039 3368 1100 3443 εἶ
1134 3361 1479 3458 βούλοιτο
1522 3361 1890 3460 πιστεύειν,
1925 3361 2126 3442 ἀλλὰ
2162 3364 2280 3443 καὶ
2317 3371 2407 3449 εἰς
2445 3362 2628 3461 τίνα,
2662 3361 2971 3466 προστί-

580 3492 824 3585 θησιν.
905 3486 948 3584 ἦ
1009 3484 1153 3588 γὰρ
1205 3486 1454 3570 πίστις
1511 3494 1602 3573 εἰς
1658 3490 1763 3568 τὶν
1799 3488 1943 3568 ’Υΐον
1987 3490 2099 3568 τοῦ
2144 3490 2334 3583 Θεοῦ,
2372 3490 2487 3567 καὶ
2542 3488 2678 3592 οὐχ
2731 3490 2827 3571 ὦς
2882 3490 2983 3570 εἷς

581 3609 964 3711 ἄνθρωπον
999 3608 1123 3689 ἕνα
1176 3615 1322 3688 τῶν
1359 3612 1524 3690 καθ’
1567 3610 1772 3710 ἡμᾶς,
1810 3612 1982 3691 ἀλλ’
2024 3614 2120 3695 ὡς
2155 3617 2252 3696 εἷς
2289 3608 2482 3693 Θεὸν
2517 3609 2973 3715 ἐνανθρωπῆ-
3012 3641 3093 3702 25

581 3766 845 3813 σαντα.
922 3736 1198 3837 πλῆρες
1232 3731 1378 3837 γὰρ
1414 3734 1601 3814 οὕτω
1638 3734 1723 3815 τὸ
1758 3737 1874 3816 ἐπὶ
1913 3741 2221 3842 Χριστῷ
2255 3733 2676 3838 μυστήριον.
2742 3733 2985 3837 λέγων

584 3854 661 3936 δὲ
697 3855 781 3937 τό
820 3855 916 3941 Σὺ
952 3856 1314 3950 πιστεύεις,
1353 3858 1744 3965 μονονουχί
1775 3865 1966 3966 φησι
2004 3858 2266 3939 Βούλει
2300 3862 2427 3959 τῆς
2473 3860 2754 3939 ἐκείνων
2787 3860 2978 3939 ἀπο·

582 3980 776 4064 νοίας
815 3981 1126 4084 ὁρᾶσθαι
1161 3984 1546 4084 κρείττωνς
1598 3981 1700 4063 σὺ
1734 3990 1889 4069 ταῖς
1924 3983 2207 4064 ἐκείνων
2243 3984 2588 4068 ἀπειθίαις
2623 3984 2986 4088 ἐῤῥῶσθαι

655 4232 1171 4326 φδιαγεγονότοςχ
1236 4256 1326 4290 νου
1352 4234 1603 4291 emendat
1631 4235 1831 4309 Heyse.
1855 4236 1942 4292 δια
2298 4238 2446 4293 νότος
2479 4238 2673 4308 χρόνον
2699 4235 2766 4291 Β.
2790 4237 2987 4325 χρόνον

586 4302 693 4359 Ed.
975 4305 1027 4361 8.
1063 4305 1133 4363 ὣς
1193 4314 1304 4361 esst
1326 4307 1383 4360 in
1410 4305 1477 4361 B.
1549 4308 1754 4362 Assum
1795 4308 1865 4362 sit
1887 4326 1918 4363 ο
1941 4238 2133 4363 &m
2089 4258 2459 4363 ιιὲγἝοΑιιδ.
2741 4324 2796 4377 9.
2831 4305 2987 4361 ἀντο-

583 4374 824 4444 paeesius
852 4374 918 4430 Β.
1280 4392 1364 4432 10.
1400 4378 1562 4447 λόγον
1586 4377 1707 4434 Ba.
1793 4380 1917 4434 olst.
1939 4379 2104 4435 πόθον
2126 4396 2157 4433 ο
2182 4377 2301 4432 Cat.
2331 4378 2486 4433 Harl.
2511 4376 2814 4432 emendavit
2839 4376 2986 4431 Aub.

591 4461 674 4499 12.
711 4467 794 4500 τοι
818 4455 1156 4517 assumptum
1181 4464 1247 4501 ex
1278 4447 1396 4503 Bas.
1422 4447 1522 4503 Ht.
1741 4466 1825 4518 ι4.
1861 4471 1919 4504 τε
1943 4449 2039 4520 ἤδη
2064 4467 2113 4505 s.
2143 4448 2263 4504 Cat.
2290 4450 2447 4504 Harl.
2471 4446 2654 4504 τεούτο
2680 4447 2746 4503 B.
2769 4469 2828 4502 τε
2851 4446 2988 4501 οὕτω

590 4514 820 4571 ΗῡΗΕά
1002 4516 1309 4585 24..εἷςιιΙι
1333 4535 1517 4573 omma
1701 4534 1786 4592 25.
1823 4518 2191 4589 1‘7(=utvid.
2216 4518 2564 4592 mproo‘ua.
2758 4517 2846 4573 26.
2882 4517 2989 4588 γὰρ

585 4587 881 4658 assumpsit
903 4604 935 4641 e
960 4586 1079 4643 Cat.
1109 4587 1261 4642 Harl.
1288 4588 1431 4643 Aub.
