3238 5158
214 358 453 443 viii.41.
576 361 688 426 IN
750 361 818 428 S.
866 361 1377 428 JOANNEM.
1470 361 1663 427 LIB.
1695 361 1778 426 V.
1870 359 2078 425 CAP.
2111 359 2195 424 V.
2502 359 2587 420 83

215 528 662 625 ἀθαυμάστου
744 528 1206 632 γεννήματος.
1324 526 1564 629 ἐπειδὴ
1637 528 1712 609 δὲ
1786 533 1913 629 τῆς
1990 526 2171 631 πρὸς
2246 524 2590 630 Ἃβραᾶμ

214 649 447 736 αὐτοὺς
504 653 927 755 συγγενείας
993 653 1135 761 ἔξω
1197 656 1413 737 τιθεὶς
1471 654 1684 760 ἑτέρῳ
1743 653 2133 756 προσνέμει
2193 648 2270 731 δὲ
2333 654 2584 753 πατρὶ,

211 778 714 876 χαλεπαίνουσι
768 777 1087 884 σφόδρα,
1126 781 1242 856 καὶ
1298 774 1430 876 τὴν
1477 780 1783 857 ἐνοῦσαν
1832 778 2070 861 αὐτοῖς
2124 774 2348 879 ὀργὴν
2399 778 2582 880 ἀχα-

210 899 411 981 λίνως
483 901 1011 1006 ἐπαφρίζοντες,
1057 900 1721 1006 -διαλοιδορούμενοι
1788 902 2136 1003 ’λέγουσιν
2192 901 2434 1005 Ἡμεῖς
2510 900 2588 978 εἰι
2616 903 2660 968 <l

153 1042 185 1102 5
212 1026 493 1129 πορνείας
540 1031 607 1104 οὗ
647 1022 1110 1131 γεγεννήμεθα,
1148 1025 1259 1106 ἕνα
1296 1026 1563 1131 πατέρα
1604 1027 1843 1132 ἔχομεν
1881 1030 1982 1106 τὶν
2021 1026 2206 1106 Θεὸν.
2271 1020 2591 1103 τοιοῦτόν

209 1176 274 1222 τι
315 1145 456 1250 γάρ
510 1154 747 1254 φασιν
791 1154 1332 1250 αἰνιγματωδῶς
1370 1152 1526 1229 Δύο
1575 1149 1704 1247 μὲν
1749 1150 2062 1253 πατέρας
2115 1148 2295 1253 ἔχεις
2343 1144 2585 1242 αὐτὸς,

209 1268 366 1348 ἀλλ’
402 1271 561 1352 οὐδὲ
597 1272 686 1379 ἐξ
717 1274 1025 1374 εὐγενῶν
1059 1273 1439 1375 ἐγεννήθης
1476 1272 1753 1375 γάμων,
1793 1278 1981 1380 ἡμεῖς
2018 1270 2092 1353 δὲ
2131 1274 2243 1354 ἕνα
2282 1271 2386 1352 τὶν
2409 1270 2590 1352 Θεόν.

206 1396 365 1474 ἀλλ’
404 1393 641 1499 ὁράτω
692 1430 797 1481 τις
851 1393 1078 1476 πάλιν
1125 1400 1243 1476 καὶ
1298 1398 1844 1477 διασκεπτέσθω
1900 1403 2164 1503 σαφῶς
2220 1394 2405 1495 ὅσην
2455 1396 2591 1474 κάν

206 1519 424 1628 τούτῳ
459 1529 765 1600 νοσοῦσι
798 1520 1094 1622 μωρίαν.
1181 1524 1247 1599 οἶ
1283 1518 1427 1624 γὰρ
1461 1521 1579 1600 διὰ
1616 1519 1748 1620 τὴν
1783 1523 1858 1601 ἐν
1895 1522 2132 1605 αὐτοῖς
2170 1515 2597 1626 φαυλότητά

118 1676 183 1718 10
206 1676 277 1721 τε
314 1647 430 1723 καὶ
455 1645 857 1748 μοχθηρίαν
886 1642 1043 1724 οὐδὲ
1071 1647 1147 1723 ἐν
1173 1643 1441 1728 τέκνοις
1467 1644 1811 1749 “Αβραάμ
1840 1642 2220 1740 τεθειμένοι
2256 1638 2457 1744 παρὰ
2491 1645 2595 1747 τῷ

207 1768 441 1876 δικαίῳ
496 1773 752 1873 Κριτῇ,
789 1768 971 1871 πρὸς
1020 1777 1372 1848 τοσοῦτον
1424 1770 1884 1877 ἀποπληξίας
1934 1768 2250 1874 οἴχονται
2297 1764 2589 1867 μέτρον,
2622 1803 2657 1846 e

208 1893 298 1975 ὡς
350 1896 467 1971 καὶ
524 1893 689 1972 &ezr
745 1895 1017 1977 ἑαυτοῖς
1072 1891 1515 1998 ἐπιφημίζειν
1561 1894 1853 2001 πατέρα,
1900 1894 2091 1998 τάχα
2145 1927 2287 1973 που
2341 1890 2457 1970 διὰ
2512 1888 2597 1970 τὸ

207 2016 563 2115 εἰρημένον
617 2018 693 2095 ἐν
747 2017 1064 2112 βιβλίοις
1121 2022 1590 2101 Μωυσαϊκοῖς
1649 2030 1694 2065 “
1721 2016 1895 2101 ’Υἱὸς
1950 2013 2403 2120 πρωτότοκός
2459 2049 2599 2112 μου
2688 2022 2851 2138 {¹2⁶²-

208 2148 250 2185 “
281 2138 651 2243 Ἰσραὴλ,”
715 2138 799 2220 τὸ
875 2138 951 2219 δὲ
1027 2137 1142 2219 διὰ
1217 2144 1347 2239 τῆς
1406 2140 1727 2221 Ἡσαΐου
1803 2145 2049 2248 φωνῆς
2123 2147 2219 2224 εἰς
2285 2147 2452 2219 νοῦν
2516 2139 2601 2218 οὐ
2745 2126 2759 2138 ’
2852 2126 2864 2138 ’

119 2291 183 2352 15
209 2260 567 2367 δεχόμενοι
631 2273 676 2311 “
702 2265 892 2343 Οὐαὶ
965 2263 1175 2344 τέκνα
1249 2263 1681 2357 ἀποστάται,
1750 2265 1917 2344 τάδε
1992 2265 2188 2366 λέγει
2263 2259 2598 2367 Κύριος.”
2692 2252 2916 2368 3¹¹¹·

209 2385 527 2488 ζητήσειε
566 2390 634 2468 δ’
678 2388 769 2468 ἅν
806 2422 913 2471 τις
949 2388 1256 2486 εἰκότως,
1295 2388 1372 2467 τί
1401 2388 1485 2469 τὸ
1529 2388 1862 2475 πεπεικὸς
1910 2392 2021 2471 ἐπὶ
2074 2397 2201 2469 τοῦ
2249 2388 2603 2492 παρόντος

208 2509 364 2595 τοὺς
395 2510 786 2598 Ἰουδαίους
822 2512 1053 2592 οὐκέτι
1091 2511 1330 2615 λέγειν
1355 2514 1451 2593 Ὁ
1488 2513 1728 2617 πατὴρ
1765 2514 1966 2614 ἡμῶν
2002 2511 2345 2617 Ἀβραάμ
2382 2515 2603 2611 ἐστιν,

206 2632 249 2734 ἢ
303 2635 427 2716 ἕνα
480 2639 765 2741 πατέρα
813 2637 1070 2742 ἔχομεν
1118 2637 1247 2716 τὸν
1280 2637 1650 2741 Ἀβραὰμ,
1694 2641 1864 2718 ἀλλ’
1905 2637 2109 2721 εὐθὺς
2165 2641 2278 2717 ἐπὶ
2335 2636 2440 2717 τὶν
2493 2636 2606 2716 ἕνα

208 2760 364 2841 Θεὶν
418 2763 880 2864 ἀναδραμεῖν.
973 2762 1101 2840 καί
1149 2796 1272 2861 μοι
1334 2765 1631 2841 δοκοῦσι
1688 2760 2009 2841 τοιοῦτόν
2063 2795 2134 2840 τι
2189 2759 2606 2866 διεσκέφθαι

119 2915 186 2957 20
209 2885 364 2962 καθ’
412 2884 733 2967 ἑαυτούς.
832 2883 1069 2983 ἐπειδὴ
1126 2883 1269 2987 γὰρ
1325 2886 1902 2985 ὖποπλήττοντες
1959 2891 2049 2990 τῇ
2106 2885 2426 2989 λοιδορίᾳ
2481 2881 2607 2962 τὸν
2631 2915 2666 2954 a
2712 2899 2843 2955 552
2864 2898 2943 2954 A·

212 3006 475 3110 Κύρων
516 3011 614 3091 ὡς
653 3009 1149 3108 νενοθευμένης
1187 3007 1329 3112 πρὸ
1367 3006 1606 3110 γάμου
1644 3012 1769 3107 τῆς
1806 3006 2094 3110 μητρὸς,
2134 3008 2260 3087 δύο
2298 3005 2608 3109 πατέρας

209 3130 620 3238 ἐπέγραφον
668 3133 882 3239 αὐτῷ,
918 3132 1324 3233 ἀναγκαίως
1380 3130 1736 3234 συνεργὸν
1792 3128 2042 3235 ὥσπερ
2095 3129 2254 3210 τινὰ
2312 3136 2439 3230 τῆς
2494 3134 2608 3210 ἐπὶ

208 3255 433 3365 τούτῳ
471 3256 846 3340 κακονοίας
885 3256 1016 3357 τὴν
1051 3265 1178 3335 τοῦ
1214 3255 1367 3339 ἑνὸς
1405 3261 1675 3355 κλῆσιν
1711 3254 1998 3360 ἐζήτουν
2032 3262 2306 3349 λαβεῖν.
2382 3257 2468 3335 δι’
2509 3251 2610 3335 ὧν

209 3377 347 3486 γὰρ
411 3376 672 3464 αὐτοὺς
731 3380 844 3460 ἕνα
911 3377 1178 3486 πατέρα
1241 3380 1344 3461 τὶν
1402 3381 1567 3460 Θεὶν
1624 3380 1808 3485 ἔχειν
1864 3378 2433 3485 διισχυρίζονται,
2491 3376 2609 3458 διὰ

124 3534 191 3595 25
210 3504 477 3584 τούτων
516 3505 752 3583 αὐτῶν
798 3503 924 3583 δύο
973 3508 1077 3610 τῷ
1128 3505 1372 3611 Κυρίῳ
1425 3506 1758 3605 πλαγίως
1813 3502 2356 3607 ἐπονειδίζουσιν
2402 3506 2600 3583 ἀντι-

210 3626 688 3730 παριστάντες
776 3627 1028 3728 ὥσπερ
1114 3624 1242 3706 τὸν
1326 3627 1451 3707 ἕνα
1532 3629 1767 3707 δυσίν.
1879 3626 2197 3709 ἐνενόουν
2268 3626 2413 3732 γὰρ
2500 3627 2609 3707 ὅτι

212 3751 544 3853 λέγοντες
592 3751 718 3830 ἕνα
766 3751 1043 3853 πατέρα
1076 3751 1331 3856 ἔχομεν
1368 3750 1493 3831 τὸν
1529 3751 1895 3855 Ἀβραὰμ,
1933 3751 2218 3834 πάντως
2255 3750 2344 3830 ἂν
2380 3749 2603 3855 ἠρνή-

211 3909 437 3956 σαντο
474 3872 643 3958 τοὺς
675 3874 972 3978 ἐτέρους,
1010 3873 1137 3956 τὸν
1172 3873 1431 3955 Ἰσαὰκ
1472 3873 1558 3974 δὴ
1597 3875 1793 3977 λε’γω
1839 3877 1954 3954 καὶ
1997 3873 2124 3955 τὸν
2157 3873 2452 3969 Ἰακὼβ,
2493 3871 2608 3952 καῖ
2636 3889 2678 3955 b

213 3999 369 4083 τοὺς
420 4000 510 4107 ἐξ
555 3999 820 4079 ἐκείνου
863 4000 1304 4096 δυοκαίδεκα,
1347 3997 1525 4102 ὅπερ
1563 4005 1623 4077 εἰ
1660 4002 1905 4104 δρῷεν,
1945 3996 2232 4078 ἐδόκουν
2269 3998 2406 4097 ἤδη
2445 3998 2605 4077 καθ’

284 4202 333 4240 2.
368 4184 657 4256 προσνέμει
680 4202 778 4239 a.c.
808 4183 974 4239 Cord.
1002 4183 1147 4239 Aub.
1171 4184 1481 4254 προσένειμε
1509 4184 1575 4240 Β.
1605 4184 1786 4239 Holet.
2048 4202 2099 4251 4.
2137 4183 2516 4253 ἀπαφρίζοντες
2544 4183 2610 4239 Β.

215 4256 515 4311 emendavit
546 4255 641 4309 Ht.
669 4254 868 4309 desunt
892 4255 1022 4309 haec
1048 4255 1212 4309 verba
1234 4256 1292 4309 in
1320 4255 1554 4310 Catenis.
1712 4271 1762 4326 7.
1798 4251 1912 4326 ἕνα]
1947 4262 2004 4318 -Ι-
2032 4254 2230 4325 πατέρα
2254 4256 2441 4324 ἔχομεν
2464 4253 2610 4311 Aub.

215 4326 394 4381 invitis
422 4327 542 4382 Bm.
571 4327 669 4381 Ht.
896 4342 979 4380 12.
1017 4326 1216 4381 ἑαυτοῖς
1241 4344 1288 4381 a.
1312 4326 1485 4381 αὑτοῖς
1509 4324 1613 4379 Ed.
1844 4341 1926 4395 13.
1961 4326 2193 4391 βιβλίοις
2219 4331 2516 4381 Μωσαῖκοις
2544 4324 2608 4380 Β.

214 4398 424 4461 βίβλοις
456 4399 756 4452 Μωσιιῖκοῖς
787 4397 883 4451 Ht.
906 4397 1118 4461 βίβλοις
1143 4399 1444 4452 Μωσαῖκαῖς
1468 4414 1496 4450 e
1524 4395 1645 4450 Cat.
1670 4404 1733 4449 ut
1756 4394 1864 4450 vid.
1891 4396 2035 4451 Aub.
2232 4396 2313 4451 16.
2350 4398 2611 4450 “denva-

223 4483 303 4523 1’.
336 4468 403 4523 λε’
438 4465 541 4540 ειν]
568 4467 731 4524 dmin
756 4485 804 4521 a.
992 4483 1078 4521 22.
1114 4466 1391 4538 ἀναγκαῖον
1412 4484 1462 4522 a.
1630 4483 1661 4520 2
1704 4505 1716 4519 .
1753 4469 1939 4531 λαβεῖν
1963 4466 2081 4521 B.a.
2108 4465 2226 4521 Cat.
2258 4465 2409 4520 Harl.
2433 4466 2614 4534 μαθεῖν

222 4503 317 4619 Iit.
343 4491 451 4592 ΕΞ.
708 4554 795 4604 24.
832 4537 1042 4593 ἑαυτοὺς
1064 4555 1114 4592 a.
1366 4551 1453 4608 25.
1492 4536 1618 4591 αὐτὸ
1647 4483 1711 4591 ἐ.
1737 4538 1904 4591 αὐτῶν
1928 4536 2229 4592 emendavit
2256 4537 2351 4591 Ht.
2378 4537 2526 4592 etita
2550 4544 2613 4594 ut

218 4607 322 4665 vld.
348 4609 483 4665 Nik.
703 4610 789 4663 28.
827 4608 1124 4678 Assumpta
1145 4609 1236 4663 τὸν
1260 4608 1410 4679 prius
1434 4625 1500 4662 ex
1523 4625 1590 4673 a„
1618 4610 1710 4663 τὸν
1732 4609 1822 4664 alt.
1847 4626 1912 4663 ex
1940 4606 2056 4663 Ba.
2089 4608 2186 4662 Ht.

1360 4710 1479 4755 112
