3238 5158
217 347 443 435 ix.31.
610 351 724 415 IN
787 353 856 416 S.
901 353 1413 418 JOANNEM.
1504 352 1695 417 LIB.
1730 353 1852 419 VI.
1941 352 2146 418 CAP.
2196 353 2253 417 I.
2508 353 2625 415 191

267 638 571 721 Οἴδαμεν
632 647 732 712 ὅτι
797 649 1212 738 ἁμαρτωλῶν
1274 650 1312 718 ὁ
1376 648 1543 715 Θεοο
1608 649 1726 747 οὐκ
1789 649 2036 730 ἀκούει,
2098 648 2236 713 ἀλλ’
2312 646 2430 713 ἐάν
2492 669 2589 712 τις
2660 655 2731 714 3ι

387 788 705 867 Θεοσεβιὶο
763 786 801 881 ᾗ
858 790 962 855 καὶ
1016 792 1092 859 τὸ
1147 794 1399 868 θέλημα
1453 792 1653 858 αὐτοῦ
1709 797 1888 884 ποιᾷ,
1942 793 2172 857 τούτου
2226 789 2476 857 ἀκούει.

342 975 972 1082 Προεντρυφήσας
1015 975 1288 1082 τρόπον
1325 977 1504 1059 τινὰ
1533 986 1684 1064 τοῖς
1738 976 1855 1059 διὰ
1904 986 2050 1060 τῶν
2081 983 2482 1084 προφητῶν
2515 982 2633 1057 καὶ

225 1096 459 1195 νόμου
523 1099 1003 1202 κηρύγμασιν,
1059 1099 1309 1205 ὥσπερ
1374 1102 1512 1203 ἤδη
1576 1102 2139 1202 τετελειωμένοις
2203 1104 2281 1182 ἐν
2344 1107 2448 1210 τῷ
2515 1106 2631 1180 καὶ

161 1234 197 1295 5
223 1222 642 1323 ἠγνοῆσθαι
694 1222 920 1337 πόθεν
967 1228 1167 1307 ἐστὶν
1223 1228 1264 1306 ὁ
1319 1225 1646 1327 Χριστὸς·
1703 1229 1822 1306 καὶ
1878 1228 2292 1330 ἀνοιχθῆναι
2348 1227 2632 1331 ὀφθαλ-

224 1343 412 1444 μοὺς
449 1352 777 1452 τυφλῶν,
814 1349 1268 1455 πανταχόθεν
1303 1353 1530 1457 ἑαυτῷ
1580 1348 1673 1429 τὰ
1724 1356 1821 1433 εἷς
1869 1349 2120 1430 πίστιν
2154 1348 2632 1452 ἐρανιζόμενος
2659 1362 2701 1426 d

225 1468 685 1568 βοηθήματα,
731 1481 1197 1575 προσεπινοεῖ
1243 1507 1313 1553 τι
1369 1476 1484 1553 καὶ
1541 1473 1806 1576 ἕτερον.
1885 1470 1975 1578 ἐξ
2023 1473 2432 1573 ἀναγκαίων
2488 1469 2634 1574 γὰρ

227 1595 350 1673 καὶ
409 1594 1006 1697 ὁμολογουμένων
1051 1598 1339 1677 ἐννοιῶν
1383 1599 1498 1677 ἐπὶ
1553 1594 1688 1696 τὴν
1731 1604 1862 1676 τοῦ
1915 1597 2280 1700 χρησίμου
2335 1597 2453 1674 καὶ
2507 1603 2634 1673 τοῦ

226 1714 638 1818 πρέποντος
707 1717 1005 1821 ζήτησιν
1079 1720 1252 1801 ἰέναι
1324 1719 1861 1825 σχηματίζεται,
1928 1722 2045 1799 καὶ
2118 1713 2637 1819 συλλογισμὸν

128 1865 205 1907 10
229 1837 489 1943 ῶσπερ
526 1839 686 1920 τινὰ
720 1840 1020 1944 συνάγει
1056 1847 1390 1949 θεοφιλῆ·
1462 1844 2129 1949 φιλαμαρτημόνων
2163 1842 2294 1940 μὲν
2330 1838 2478 1943 γὰρ
2516 1846 2634 1920 οὐκ.

229 1967 540 2044 ἀκοῦσαι
599 1964 891 2047 πώποτε
947 1966 1075 2047 τὸν
1127 1966 1583 2075 φιλοδίκαιόν
1636 2000 1714 2046 τε
1779 1970 1896 2046 καὶ
1959 1964 2353 2072 φιλάρετον
2407 1962 2629 2060 Θεὸν,

231 2085 508 2190 ἄριστά
550 2122 637 2191 γε
691 2095 979 2196 φρονῶν
1015 2094 1132 2171 καὶ
1169 2091 1699 2195 διισχυρίζεται,
1740 2094 1855 2169 καὶ
1892 2098 2104 2169 τοῦτο
2142 2092 2217 2169 ἐν
2252 2087 2455 2195 τάξει
2489 2095 2636 2169 τῶν

232 2211 760 2296 ἀνενδοιάστως
796 2214 1391 2319 ὁμολογουμένων
1427 2216 1664 2311 τιθεὶς,
1694 2213 2279 2317 ἀντιπαρεισάγει
2315 2212 2400 2292 τὸ
2438 2215 2638 2292 ἐναν-

231 2336 391 2414 τίον
436 2338 534 2419 ὡς
587 2335 870 2434 ἀληθὲς,
916 2340 1013 2422 ὡς
1066 2336 1474 2438 μηδαμόθεν
1524 2334 2098 2438 ἀντιλεγόμενον,
2146 2339 2333 2442 φημὶ
2389 2333 2479 2436 δὴ
2533 2341 2638 2443 τῷ

132 2478 206 2539 15
232 2456 476 2558 πάντη
511 2492 590 2538 τε
639 2461 755 2539 καὶ
797 2459 1083 2546 πάντως
1122 2459 1497 2542 ὑπακούειν
1532 2466 1678 2540 τῶν
1714 2466 2085 2555 θεοσεβεΐν
2121 2459 2473 2539 εἰωθότων
2508 2458 2634 2539 τὸν
2660 2493 2695 2536 e

229 2582 579 2663 ἁπάντων
620 2582 910 2685 Κύριον.
991 2588 1108 2665 καὶ
1145 2587 1185 2665 ὁ
1221 2584 1352 2685 μὲν
1389 2594 1517 2665 τοῦ
1552 2583 2172 2687 συμπεράσματος
2208 2579 2488 2667 σκοπὸς·
2537 2589 2634 2667 εἷς

230 2707 461 2807 μόνον
509 2706 647 2813 ὁρᾷ
691 2706 822 2787 τὸν
854 2705 1210 2810 Χριστὸν,
1258 2710 1640 2808 πεποίηται
1696 2707 1780 2786 δέ
1823 2741 1977 2789 πως
2032 2709 2151 2786 ἐπὶ
2198 2707 2283 2786 τὸ
2334 2706 2627 2809 γενικώ-

231 2864 447 2933 τερον
482 2834 600 2909 καὶ
648 2829 1040 2931 καθολικὴν
1078 2832 1217 2937 ἔχει
1251 2831 1386 2931 τὴν
1423 2831 1771 2931 δήλωσιν.
1854 2832 1954 2915 ὡς
1985 2828 2129 2933 γὰρ
2165 2828 2302 2929 ἤδη
2341 2827 2640 2934 φθάσας

233 2952 592 3052 ἐμήνυσα,
643 2954 1212 3058 χθαμαλωτέραν
1268 2955 1411 3059 ἔχει
1465 2952 1598 3053 τὴν
1654 2955 1770 3034 ἐπὶ
1824 2957 2131 3059 Χριστῷ
2186 2950 2542 3056 διάληψιν
2600 2952 2639 3029 ὁ

134 3106 211 3145 20
231 3072 412 3158 ποτὲ
479 3075 782 3182 τυφλὸς,
847 3080 1046 3158 οὔπω
1116 3077 1193 3158 δὲ
1266 3076 1440 3158 ὄντα
1510 3074 1696 3156 κατὰ
1768 3074 1997 3181 φύσιν
2067 3072 2260 3155 Θεὸν
2326 3076 2642 3174 ἀκριβῶς

231 3198 591 3298 ἐκμαθων,
628 3203 726 3284 ὡς
761 3205 924 3305 περὶ
959 3201 1343 3308 προφήτου
1393 3202 1773 3279 διανοεῖται
1822 3202 1939 3278 καὶ
1991 3205 2224 3295 λαλεῖ,
2263 3197 2376 3301 ἐφ’
2418 3197 2641 3299 οὗπερ

233 3322 327 3404 ἂν
364 3322 916 3473 ἀκατηγορήτως·
965 3326 1293 3406 τάττοιτο
1341 3322 1426 3405 τὸ
1480 3328 1872 3419 θεοσεβεῖν·
1934 3326 2243 3429 Χριστῷ
2298 3320 2375 3400 δὲ
2431 3321 2642 3400 οὐδα-

234 3445 463 3547 μόθεν
522 3447 852 3550 ἁρμόσει·
946 3449 1132 3533 Θεὸς·
1194 3447 1336 3552 γάρ
1397 3449 1558 3527 ἐστι
1625 3481 1808 3526 κατα
1874 3446 2122 3553 φύσιν,
2175 3442 2309 3550 τὴν
2361 3446 2440 3525 ἐκ
2496 3452 2641 3524 τῶν
2666 3474 2702 3514 a
2743 3461 2875 3515 626
2896 3459 2974 3516 A·

235 3571 782 3668 θεοσεβούντων
846 3573 1206 3677 λατρείαν,
1271 3576 1369 3657 ὡς
1434 3574 1510 3653 ἐν
1573 3570 1773 3679 τάξει
1841 3572 2099 3655 θυσίας
2164 3573 2641 3669 πνευματικῆς

139 3721 210 3783 ²5
233 3694 842 3802 προσδεχόμενος.

400 3927 892 4017 Προσεντρυφῆσας
914 3947 963 3982 ιι.
1060 3931 1164 3983 τῶν
1186 3927 1271 3982 διὸ
1295 3931 1398 3982 τῶν
1422 3924 1490 3980 Β.
1515 3928 1625 3983 τοῖς
1649 3927 1734 3981 διὰ
1755 3931 1860 3982 τῶν
1883 3923 2186 3980 emendavit
2214 3923 2394 3979 Holet.
2419 3931 2471 3977 et
2493 3922 2567 3976 ita
2591 3939 2642 3977 a.

234 3946 363 4072 καὶὸ-1
383 4006 444 4064 -Ι-
473 4002 569 4053 τοῦ
593 4017 644 4055 a.
836 3997 888 4053 6.
924 3999 1062 4071 αὐτῷ
1088 4016 1136 4053 a.
1337 4014 1420 4052 ιο.
1453 3998 1550 4066 μὲν
1573 4006 1913 4084 assumptum
1940 4014 2004 4050 ex
2031 4013 2080 4050 a.
2265 4010 2348 4048 12.
2385 3995 2468 4047 καὶ
2493 3993 2641 4062 prius

235 4089 348 4127 om.
377 4069 525 4124 Aub.
799 4085 881 4137 14.
919 4069 982 4137 δὴ
1007 4087 1055 4123 a.
1082 4069 1138 4122 δε
1165 4067 1269 4122 Ed.
1525 4080 1609 4137 15.
1646 4088 1914 4122 επακουειν
1936 4084 1984 4120 a.
2239 4080 2321 4135 19.
2359 4060 2637 4154 διάληψιν]

232 4143 439 4197 ἔννοιαν
461 4157 513 4195 a.
800 4155 887 4194 22.
925 4140 989 4194 ἃν
1011 4147 1349 4208 assumptum
1376 4154 1441 4191 ex
1471 4137 1535 4191 B.
1540 4156 1589 4192 a.
1613 4134 2071 4208 ἆνακατηγορῆτως
2098 4133 2196 4190 Ht.
2222 4133 2421 4189 unde’
2390 4154 2642 4205 ακατηγο-

232 4212 406 4284 ρῆτως
429 4208 736 4266 emendavit
757 4209 907 4265 Aub.
1121 4226 1208 4281 23.
1197 4157 1448 4281 pdppduv
1475 4225 1523 4263 a.
