3238 5158
630 343 721 405 40
1239 347 1317 411 Β.
1364 345 1782 410 CYRILLI
1842 346 2416 411 ALEXANDR.
2762 341 2896 407 viii.
2926 338 3046 406 28.

636 504 821 585 κατά
851 541 921 587 τι
956 516 1134 609 γοῦν
1170 507 1361 595 ὅλως
1396 517 1541 590 τῶν
1577 509 2025 616 ὀφειλόντων
2063 508 2572 613 θαυμάζεσθαι,
2610 513 2764 590 πῶς
2800 503 2893 584 ἂν
2927 504 3053 602 εἴη

637 626 822 707 κατὰ
886 631 1115 735 φύσιν
1173 630 1414 728 Θεός;
1494 631 1715 736 ὅνπερ
1776 633 1920 736 γὰρ
1982 632 2253 737 τρόπον
2318 633 2404 714 τὸ
2477 632 2853 738 ἄφθαρτον
2919 631 3055 708 καὶ

637 750 996 833 ἀθάνατον
1066 763 1440 857 προσεῖναι
1514 760 1627 837 δεῖ
1689 755 1977 840 πάντως
2050 759 2243 864 αὐτῷ
2310 762 2660 862 φυσικῶς,
2726 757 2843 833 καὶ
2909 753 3055 831 οὐκ

582 903 618 946 c
640 873 927 982 ἔξωθεν,
973 876 1132 956 οὐδὲ
1183 881 1532 976 ἐπακτῶς,
1575 881 1762 959 οὕτω
1810 884 1929 960 καὶ
1975 879 2061 960 τὸ
2108 880 2221 986 ἐφ’
2262 878 2496 960 ἅπασι
2543 885 2690 961 τοῖς
2738 879 3055 977 ἀγαθοῖς·

639 998 1063 1080 παντέλειον
1118 1005 1236 1080 καὶ
1289 1001 1703 1104 ἀπροσδεές.
1788 1008 1847 1081 εἰ
1909 999 1983 1082 δὲ
2043 1002 2227 1083 κατὰ
2278 1002 2407 1082 τὸν
2462 998 2625 1098 σὸν,
2687 997 2745 1079 ὦ
2800 999 3047 1095 οὗτος,
3082 1018 3119 1075 5

640 1120 935 1202 ἀνόσιόν
969 1157 1048 1203 τε
1082 1127 1198 1203 καὶ
1236 1128 1475 1224 ἀμαθῆ
1513 1124 1879 1228 λογισμὸν
1916 1126 2176 1226 ἀτελής
2214 1129 2415 1206 ἐστιν
2454 1129 2494 1205 ὁ
2531 1123 2708 1210 Υἱὸς
2741 1122 2925 1205 κατά
2964 1157 3055 1202 τε

639 1242 725 1324 τὸ
761 1244 1113 1327 δύνασθαι
1150 1250 1327 1349 δρᾶν
1363 1248 1456 1329 τά
1507 1254 1864 1352 θεοπρεπῆ
1914 1253 2030 1330 καὶ
2084 1251 2170 1331 τὸ
2222 1249 2524 1333 δεόντως
2567 1256 2840 1344 λαλεῖν,
2878 1247 3053 1325 ἔστι

642 1366 718 1447 δὲ
769 1368 1061 1468 δύναμις
1110 1370 1228 1450 καὶ
1283 1373 1517 1478 σοφία
1570 1381 1698 1452 τοῦ
1739 1371 2050 1475 Πατρὸς,
2091 1372 2273 1453 κατὰ
2308 1372 2441 1473 τὴν
2479 1374 2674 1452 θείαν
2709 1368 3044 1474 γραφὴν,

640 1496 744 1598 τῷ
783 1496 1021 1597 Πατρὶ
1058 1501 1350 1589 μᾶλλον
1387 1492 1695 1596 ἁρμόσει
1731 1499 1847 1575 καὶ
1884 1498 2014 1575 οὐκ
2057 1498 2252 1604 αὐτῷ
2298 1503 2652 1576 τοσοῦτον
2687 1493 2771 1574 τὸ
2809 1527 3045 1592 κατη-

642 1614 950 1718 γόρημα.
1027 1618 1213 1697 οὕτω
1262 1616 1404 1720 γὰρ
1454 1626 1683 1697 ταῦτα
1733 1618 2126 1716 διαλαβὼν,
2164 1621 2293 1699 οὐκ
2342 1620 2445 1698 ἔτι
2494 1616 2767 1696 τέλειον
2801 1614 3048 1717 ὑπάρ-
3086 1642 3157 1683 10

643 1770 796 1840 χειν
867 1740 1043 1842 ἐρεῖς
1114 1742 1190 1819 ἐν
1257 1738 1549 1839 δυνάμει
1621 1739 1749 1821 τὸν
1813 1741 2006 1822 Θεὸν
2071 1746 2188 1822 καὶ
2258 1741 2575 1843 Πατέρα,
2642 1740 2809 1819 ἀλλ’
2882 1737 3056 1817 οὐδὲ

577 1876 622 1941 d
645 1861 933 1944 τελείως·
979 1860 1244 1966 σοφόν.
1327 1864 1499 1970 ὁρᾷς
1537 1864 1664 1943 οὖν
1699 1863 1863 1945 ὅποι
1900 1866 2435 1945 κατολισθαίνει
2472 1862 2697 1945 πάλιν
2733 1867 2863 1962 τῆς
2905 1865 3056 1960 σῆς

647 1983 957 2081 ἀμαθίας·
1017 1982 1101 2064 τὸ
1169 1983 1463 2088 θράσος.
1569 1986 1903 2090 θαυμάζω
1968 1988 2045 2068 δὲ
2106 1987 2301 2073 ὅπως
2361 1991 2641 2067 κάκεῖνο
2700 1985 2832 2085 τὴν
2900 1982 3056 2083 σὴν

646 2107 1075 2213 παρατρέχει
1133 2107 1467 2190 διάνοιαν.
1544 2109 1728 2189 κατὰ
1782 2113 1942 2191 τίνα
1996 2112 2288 2215 τρόπον,
2326 2111 2495 2212 λέγε
2550 2145 2693 2209 μοι,
2730 2106 2961 2189 πάλιν
3011 2108 3054 2185 ὃ

651 2230 837 2314 Θεὸς
873 2234 989 2310 καὶ
1031 2228 1289 2334 Πατὴρ
1325 2238 1415 2336 τῇ
1469 2234 1610 2339 ἰδίᾳ
1663 2233 1953 2335 δυνάμει
2004 2237 2397 2340 χορηγήσει
2450 2234 2534 2314 τὸ
2591 2231 2967 2327 δύνασθαι,
3004 2227 3053 2328 ἢ
3089 2260 3156 2320 15

648 2359 803 2437 πῶς
860 2352 949 2431 ἂν
998 2353 1130 2453 τὴν
1179 2357 1430 2435 ἑαυτοῦ
1481 2359 1757 2464 σοφίαν
1805 2360 2236 2463 σοφωτέραν
2287 2357 2730 2460 ἐργάσαιτο;
2799 2352 2846 2454 ἢ
2902 2351 3057 2454 γὰρ

651 2474 929 2576 ἀνάγκη
985 2478 1225 2579 λέγειν
1276 2482 1374 2563 ὡς
1427 2480 1548 2559 ε’πί
1596 2514 1666 2560 τι
1720 2482 1955 2585 μεῖζον
2006 2482 2282 2561 ἄνεισιν
2327 2484 2453 2577 ἀεὶ,
2492 2483 2608 2558 καὶ
2662 2475 3058 2579 προκόπτει

654 2598 838 2679 κατὰ
897 2601 1137 2705 βραχὺ
1190 2602 1374 2705 πρὸς
1427 2603 1511 2684 τὸ
1569 2602 1928 2684 δύνασθαί
1976 2639 2046 2686 τι
2102 2608 2218 2685 καὶ
2277 2605 2505 2686 πλέον
2558 2606 2685 2702 τῆς
2750 2599 3058 2698 ἐνούσης

655 2721 908 2827 ἰσχύος
946 2725 1162 2833 αὐτῷ·
1223 2724 1400 2830 ὅπερ
1445 2729 1647 2806 ἐστὶν
1683 2730 1922 2828 εὔηθές
1965 2762 2043 2808 τε
2093 2732 2212 2808 καὶ
2261 2725 2610 2807 ἀδύνατον
2644 2731 3054 2808 παντελῶς·

653 2843 700 2945 ἢ
738 2849 1283 2941 δυσσεβοῦντας
1319 2851 1863 2949 ὑπολαμβάνειν
1895 2852 2063 2956 παρ’
2102 2851 2340 2955 ἑτέρου
2379 2854 2805 2950 νευροῦσθαι
2854 2853 3049 2945 μᾶλ-
3090 2881 3160 2920 20

596 3003 632 3046 e
658 2977 792 3048 λον
825 2970 1066 3053 αὐτόν.
1142 2980 1299 3057 πῶς
1334 2971 1426 3052 ἀν
1463 2975 1563 3053 ἔτι
1603 2978 1720 3054 καὶ
1755 2981 1900 3053 τῶν
1938 2973 2305 3073 δυνάμεων
2340 2971 2750 3076 ὀνομάζοιτο
2791 2971 3060 3072 Κύριος

657 3093 698 3170 ὃ
743 3092 944 3185 Υἱὸς,
997 3092 1044 3196 ἢ
1099 3103 1253 3179 πῶς
1309 3095 1399 3175 ἀν
1448 3097 1550 3176 ἔτι
1605 3104 1838 3178 νοοῖτο
1894 3102 2128 3205 σοφία
2182 3103 2299 3178 καὶ
2355 3100 2669 3194 δύναμις,
2706 3093 3064 3193 δυναμού-

658 3250 867 3311 μενος
923 3215 1087 3297 καθ’
1137 3220 1318 3316 ὑμᾶς
1374 3222 1488 3299 καὶ
1545 3221 2002 3326 σοφούμενος
2055 3222 2224 3325 παρ’
2271 3220 2555 3324 ἑτέρους
2637 3220 2873 3319 ἄπαγε
2930 3222 3064 3317 τῆς

661 3339 1096 3445 δυσφημίας,
1153 3343 1270 3418 καὶ
1329 3346 1456 3440 τῆς
1514 3350 1661 3422 τῶν
1715 3350 2100 3446 λογισμῶν
2154 3344 2475 3427 ἀτοπίας.
2572 3341 2619 3443 ἢ
2686 3340 2833 3456 γὰρ
2894 3338 3065 3420 δότε

659 3467 924 3564 σαφῶς
980 3462 1325 3568 ὑπάρχειν
1367 3466 1640 3565 ποίημα
1693 3467 1820 3548 τὸν
1854 3468 2057 3566 Υὶὸν,
2092 3469 2208 3547 ἵνα
2262 3474 2516 3547 πᾶσαν
2565 3466 2772 3569 ἔχητε
2828 3497 3056 3543 κατα·
3092 3491 3167 3549 25

658 3590 965 3680 βοῶσαν
1010 3587 1208 3683 ὑμῶν
1251 3585 1384 3686 τὴν
1428 3588 1908 3671 θεόπνευστον
1943 3589 2259 3697 γραφὴν,
2297 3591 2524 3691 ἤγουν
2575 3595 2634 3668 εὶ
2688 3586 3063 3668 πιστεύετε

659 3707 843 3787 κατὰ
881 3708 1108 3816 φύσιν
1147 3706 1321 3789 εἶναι
1359 3711 1569 3810 Θεὸν,
1609 3712 1768 3794 δότε
1818 3713 1905 3813 δὴ
1959 3713 2119 3794 δότε
2170 3715 2458 3798 τελείως
2510 3713 2696 3817 ἔχειν
2735 3712 2926 3818 αὐτῷ
2969 3710 3065 3790 τὰ

657 3836 787 3930 τῆς
845 3831 1174 3931 θεότητος
1243 3833 1407 3916 ἴδια.
1499 3836 1677 3916 ἴδιον
1733 3836 1808 3917 δὲ
1862 3842 1992 3937 τῆς
2045 3837 2231 3917 κατὰ
2284 3836 2515 3943 φύσιν
2571 3834 2918 3934 ἰδιότητος
2974 3834 3062 3913 τὸ

656 3954 838 4055 μήτε
892 3959 1053 4057 περὶ
1105 3955 1327 4057 μηδὲν
1382 3961 1730 4058 ἀσθενεῖν,
1776 3960 1957 4061 μήτε
2012 3959 2155 4060 μὴν
2209 3964 2339 4060 τῆς
2392 3958 2734 4039 ἀνωτάτω
2791 3957 3064 4060 σοφίας

659 4142 779 4226 gula
802 4141 885 4197 bie
909 4151 963 4197 et
984 4151 1065 4197 ter
1088 4143 1324 4213 incepta)
1349 4162 1459 4199 οιιι.
1488 4144 1671 4200 Holst.
1721 4145 2019 4200 Lacunam
2046 4144 2149 4199 Ed.
2228 4143 2376 4198 Haec
2400 4152 2454 4197 et
2478 4141 2848 4213 praecedentia
2871 4140 3068 4195 desunt

657 4212 717 4267 in
741 4230 790 4267 a.
1008 4230 1054 4268 1.
1090 4213 1444 4284 θωμάζεσθαι
1469 4216 1718 4271 emendat
1745 4215 1944 4287 Heyse.
1971 4215 2294 4285 θαυμάζεσθε
2323 4214 2387 4268 Β.
2418 4213 2514 4267 Ht.
2716 4229 2768 4282 3.
2808 4212 2866 4265 δὲ
2898 4211 2962 4264 Β.
2988 4211 3069 4264 δεῖ

661 4282 965 4338 emendavit
991 4281 1091 4338 Ht.
1271 4285 1323 4340 6.
1362 4309 1417 4342 τε
1443 4286 1535 4340 alt.
1565 4287 1610 4341 B
1616 4305 1680 4342 .a.
1711 4286 1811 4341 Ht.
1837 4308 1899 4357 γε
1924 4287 2070 4340 Aub.
2254 4298 2316 4355 17
2289 4285 2518 4408 7Mz3
2544 4284 2610 4337 Β.
2638 4281 2942 4336 emendavit
2969 4282 3067 4335 Ht.

666 4369 750 4435 19.
787 4352 1004 4409 δύνατον
1028 4354 1094 4410 Β.
1121 4354 1427 4411 emendavit
1456 4356 1554 4411 Ht.
1789 4374 1874 4411 21.
1913 4356 1976 4411 ἂν
2004 4357 2068 4411 Β.
2096 4356 2195 4410 Ht.
2223 4354 2267 4410 δ’
2294 4357 2409 4408 &ve
2515 4363 2555 4409 t.
2584 4356 2733 4425 (post
2756 4351 2979 4420 omissa)
2959 4351 3069 4420 )ut

662 4423 774 4478 vld.
803 4424 946 4478 Aub.
1181 4444 1210 4480 2
1304 4429 1497 4497 ποίημα
1523 4450 1595 4482 σα
1646 4431 1713 4484 ῶς
1736 4427 1986 4497 ὑπάρχειν
2010 4427 2222 4482 inverso
2250 4424 2436 4479 ordine
2461 4444 2509 4479 a.
2738 4436 2824 4493 27.
2864 4422 2979 4476 δότε
3004 4422 3068 4490 δὴ

662 4494 781 4548 δότε
808 4511 855 4548 a.
882 4493 1000 4550 Cat.
1030 4496 1185 4551 Harl.
1213 4441 1424 4553 ξότεη
1358 4499 1446 4581 δὴ.
1446 4499 1506 4552 τὸ
1533 4499 1638 4552 Ε.
1737 4498 1875 4569 αὐτῷ
1905 4497 1950 4551 Β
1956 4515 2021 4553 ..a
2046 4497 2203 4552 αὐτὸν
2228 4496 2327 4551 Ht.
2356 4495 2458 4551 Ed.
2662 4495 2748 4549 28.
2788 4491 3067 4564 ἰδιότητος]

663 4565 906 4633 θεότητος
928 4584 977 4620 a.
1002 4576 1056 4622 et
1081 4568 1158 4622 eie
1185 4569 1411 4641 conjecit
1432 4569 1491 4623 in
1516 4569 1663 4623 notis
1687 4567 1834 4622 Aub.
