3238 5158
598 333 725 398 124
1198 334 1280 399 Β.
1326 335 1743 402 CYRILLI
1802 335 2375 402 ALEXANDR..
2595 355 2730 398 vm
2754 345 2862 417 54,
2885 343 2996 415 55.

596 508 641 545 “
678 496 962 605 δοξάσῃ
1018 498 1170 579 σε.”
1238 500 1492 580 οὐκοῦν
1548 500 1595 599 ἡ
1650 499 1781 600 μὲν
1835 501 2218 604 ἀνθρώπου
2272 497 2456 605 δόξα
2508 494 2594 577 τὸ
2648 491 2997 596 παράπαν

599 619 820 700 οὐδέν.
899 618 1145 701 πίπτει
1179 619 1322 726 γάρ
1356 621 1441 703 τὸ
1476 621 1623 704 ἀπὸ
1660 628 1798 726 γῆς
1834 629 1931 707 εἰς
1968 623 2299 721 θάνατον,
2337 625 2455 703 καὶ
2490 618 2675 700 κατὰ
2718 615 2863 719 γὰρ
2905 612 2995 696 τὸ

600 750 839 843 σῶμα,
877 749 937 824 εἰ
988 749 1107 824 καὶ
1155 745 1672 844 ἀναστήσεται.
1751 745 2121 855 δοξάζεται
2171 747 2300 845 μέν
2344 780 2429 847 γε
2480 747 2521 825 ὁ
2571 738 2997 842 Μονογενὴς

601 865 800 969 παρὰ
852 876 982 947 τοῦ
1038 869 1215 949 ἰδίου
1273 870 1718 975 γεννήτορας,
1768 874 1866 956 ὡς
1920 869 2099 970 μετὰ
2151 876 2297 951 τῶν
2352 869 2608 947 ἄλλων
2654 864 2998 945 ἁπάντων

542 1026 578 1071 e
602 993 896 1092 ἀγαθῶν
940 994 1058 1071 καὶ
1104 989 1190 1072 τὸ
1236 993 1414 1073 ἰ’διον
1450 991 1637 1098 ἔχων
1670 999 1798 1094 τῆς
1847 995 2099 1078 οὐσίας
2147 995 2391 1073 αὐτοῦ·
2453 990 2597 1089 ὅση
2648 986 2725 1069 δὲ
2773 989 2993 1067 αὐτοῦ
3022 1008 3068 1076 5,

599 1113 783 1218 πρὸς
832 1121 1083 1195 πᾶσαν
1119 1113 1250 1215 τὴν
1286 1119 1523 1198 κτίσιν
1557 1118 1604 1216 ἡ
1655 1115 1987 1223 διαφορὰ,
2024 1121 2141 1197 καὶ
2190 1119 2231 1196 ὁ
2276 1114 2622 1217 μακάριος
2668 1109 2994 1217 μελῳδὸς

266 1229 350 1357 ξῖ
372 1228 455 1343 2⁵8]
603 1241 699 1322 ὡς
746 1240 822 1318 ε’ν
860 1239 1131 1340 ὀλίγοις
1168 1242 1688 1340 κατασημαίνει
1722 1248 1918 1337 βοῶν
1956 1252 1999 1289 “
2028 1246 2129 1321 Οἱ
2181 1241 2465 1344 οὐρανοὶ
2513 1240 2988 1332 ἀπολοῦνται,

601 1371 643 1409 “
679 1359 779 1441 σὺ
827 1361 904 1442 δὲ
951 1367 1315 1462 διαμενεῖς·
1379 1368 1498 1444 καὶ
1546 1362 1807 1449 πάντες
1856 1368 1952 1449 ὦς
2004 1363 2281 1464 ἱμάτιον
2317 1357 2988 1460 παλαιωθήσονται,

601 1497 642 1534 “
678 1489 795 1565 καὶ
833 1489 1008 1565 ὡσεὶ
1045 1485 1518 1591 περιβόλαιον
1553 1487 1902 1596 ἀλλάξεις
1939 1486 2194 1573 αὐτοὺς
2243 1490 2360 1567 καὶ
2401 1483 2986 1585 ἀλλαγήσονται·

597 1620 643 1658 “
678 1608 779 1690 σὺ
844 1609 919 1690 δὲ
994 1612 1035 1690 ὁ
1109 1609 1324 1696 αὐτὸς
1394 1608 1474 1708 εἷ,
1540 1617 1660 1692 καὶ
1734 1611 1826 1691 τὰ
1898 1611 2020 1710 ἕτη
2093 1645 2236 1691 σου
2298 1610 2427 1690 οὐκ
2490 1602 2992 1712 ἐκλείψουσι.”
3024 1628 3108 1671 10

603 1731 932 1840 φθαρτὸν
983 1731 1126 1834 γὰρ
1180 1741 1328 1813 πᾶν
1380 1734 1466 1814 τὸ
1519 1733 1815 1836 ποιηθὲν
1866 1738 1985 1815 καὶ
2039 1740 2099 1814 εἶ
2151 1733 2372 1835 μήπω
2428 1732 2848 1837 διέφθαρται
2902 1734 2994 1833 τῇ

264 1859 403 1916 580
423 1859 503 1917 Α·
547 1872 585 1913 ⁹⁴
606 1855 761 1962 θείᾳ
803 1855 1159 1956 βουλήσει
1205 1855 1386 1959 πρὸς
1434 1866 1647 1938 τοῦτο
1695 1858 2311 1960 διακρατούμενον,
2349 1856 2722 1961 ἄφθαρτος
2764 1851 2840 1931 δὲ
2877 1854 2996 1931 καὶ

601 1978 824 2062 ἀΐδιος
876 1978 1059 2058 κατὰ
1106 1978 1336 2086 φύσιν
1374 1980 1582 2078 Θεὸς,
1621 1983 1703 2061 οὗ
1751 1989 1899 2065 τοῖς
1949 1981 2187 2083 ἑτέρου
2239 1979 2647 2081 θελήμασιν
2683 1980 2991 2077 ἀποκερ-

597 2103 859 2182 δαίνων
917 2102 1091 2186 αὐτὸ
1154 2101 1477 2208 καθάπερ
1537 2105 1581 2203 ἡ
1644 2107 1896 2203 κτίσις,
1954 2107 2062 2184 ἀεὶ
2123 2103 2198 2184 δὲ
2261 2102 2604 2208 ὑπάρχων
2660 2104 2736 2181 ἐν
2793 2101 2994 2182 ἰδίοις

597 2229 917 2327 ἀγαθοῖς,
952 2228 1031 2306 ἐν
1065 2225 1169 2310 οἷς
1212 2229 1373 2308 ἐστι
1417 2232 1533 2307 καὶ
1580 2226 1668 2309 τὸ
1716 2228 1917 2308 ἴδιον.
3027 2259 3107 2321 15

500 2447 578 2509 55
703 2433 827 2500 ‘Ov
883 2432 1063 2511 ὑμεῖς
1116 2436 1337 2511 Λὲι-ετε
1388 2437 1490 2504 ὄτι
1544 2435 1713 2503 Θεὸς
1768 2437 1954 2514 ἡμῶν
2008 2437 2164 2517 ἐστι,
2218 2435 2324 2500 καὶ
2378 2431 2495 2499 οὐκ
2546 2429 2876 2507 ἐγνώκατε

1691 2559 1906 2627 αὐτόν.

710 2705 1089 2810 Διελέγχει
1125 2704 1353 2786 πάλιν
1388 2704 1646 2792 αὐτοὺς
1693 2711 1810 2787 καὶ
1859 2704 2063 2803 μάλα
2113 2712 2402 2811 γοργῶς
2450 2707 2547 2788 ὦς
2596 2701 2823 2802 μόνην
2860 2701 2999 2800 τὴν

597 2828 675 2908 ε’ν
706 2826 1006 2933 ῥήμασι,
1045 2833 1164 2908 καὶ
1210 2836 1422 2910 τοῦτο
1470 2836 1747 2937 ψιλοῖς,
1785 2829 2163 2937 φιλοθεΐαν
2205 2828 2761 2930 ἐπιτηδεύοντας,
2797 2822 2998 2908 πολὺ

598 2949 673 3029 δὲ
721 2952 889 3030 λίαν
939 2953 1445 3058 ἀφεστηκότας
1499 2963 1630 3034 τοῦ
1685 2952 1868 3034 κατὰ
1916 2954 2261 3055 ἀλήθειαν
2304 2952 2556 3033 εἰδέναι
2605 2948 2732 3031 τὸν
2771 2948 2992 3045 Θεὸν,
3027 2993 3113 3035 20

524 3088 569 3154 b
596 3073 818 3174 μόνον
855 3074 930 3154 δὲ
979 3077 1140 3179 οὐχὶ
1184 3076 1269 3155 τὸ
1321 3075 1440 3157 διά
1487 3087 1614 3157 τοῦ
1662 3077 2040 3184 προφήτου
2084 3076 2601 3179 διηγγελμένον
2635 3071 2987 3180 ἐπιφθέγ-

260 3214 347 3329 {²⁸-
364 3215 503 3265 xxix.
598 3231 799 3300 γεται
854 3197 1079 3278 πάλιν
1130 3200 1389 3297 αὐτοῖς,
1441 3198 1604 3281 τότε
1661 3199 1790 3299 μὲν
1840 3199 1983 3305 γὰρ
2039 3198 2289 3303 ’ἔλεγεν
2328 3211 2370 3247 “
2405 3197 2720 3302 Ἐγγίζει
2773 3230 2898 3294 μοι
2954 3199 2995 3276 ὁ

299 3294 345 3342 ³⁶
599 3330 644 3367 “
682 3320 862 3404 λαὸς
912 3322 1140 3419 οὗτος,
1184 3330 1333 3406 τοῖς
1384 3325 1711 3429 χείλεσιν
1758 3326 1992 3404 αὐτῶν
2032 3326 2305 3423 τιμῶσί
2352 3358 2464 3423 με,
2509 3323 2553 3421 ἡ
2611 3321 2687 3401 δὲ
2741 3320 2999 3423 καρδία

599 3455 644 3492 “
682 3447 919 3524 αὐτῶν
952 3445 1198 3551 πόρῤω
1234 3448 1485 3551 ἀπέχει
1520 3450 1643 3530 ἀπ’
1681 3451 1854 3548 ἐμοῦ
1867 3448 1925 3494 ·”
1992 3453 2143 3528 νυνὶ
2180 3448 2253 3527 δὲ
2290 3448 2694 3552 χρησίμως,
2735 3448 2854 3524 καὶ
2889 3448 2997 3550 τῷ

596 3569 830 3650 πάλαι
880 3570 1490 3671 συνηρμοσμένως
1541 3568 1627 3651 τό
1661 3578 1816 3653 Οὐκ
1855 3573 2197 3674 ἐγνώκατε
2235 3572 2426 3651 αὐτὶν
2462 3573 2818 3675 ἐπιφωνεῖ.
2875 3569 2996 3646 καὶ
3030 3601 3117 3662 25

599 3692 878 3795 ἀληθὴς
934 3693 974 3771 ὃ
1031 3693 1279 3795 λόγος·
1351 3696 1437 3774 οὐ
1491 3693 1635 3798 γὰρ
1689 3694 1773 3775 τὸ
1832 3695 2083 3775 εἰδέναι
2137 3693 2358 3799 τυχὸν
2408 3694 2519 3773 ὅτι
2574 3692 2735 3773 ἔστι
2783 3687 2995 3787 Θεὸς,

598 3825 809 3896 τοῦτο
874 3813 962 3915 δὴ
1025 3815 1314 3903 πάντως
1379 3820 1538 3898 ἐστὶ
1602 3823 1719 3897 καὶ
1783 3825 2060 3919 γνῶσιν
2125 3818 2311 3923 ἔχειν
2371 3823 2587 3898 Θεοῦ·
2676 3816 2786 3896 ὅτι
2848 3813 2999 3916 γὰρ

261 3950 315 4064 1⁸12
329 3950 446 4080 ξς)
601 3940 960 4047 ὑφέστηκε
1017 3945 1129 4021 καὶ
1189 3941 1391 4022 ἔστιν
1436 3944 1477 4021 ὃ
1525 3941 1734 4041 Θεὸς,
1772 3954 1816 3992 “
1841 3946 1960 4024 καὶ
2013 3941 2105 4022 τὰ
2159 3940 2487 4042 δαιμόνια
2541 3939 2998 4037 πιστεύουσι,

670 4126 722 4181 8.
760 4126 1012 4192 διαμενεῖς
1040 4126 1104 4180 Β.
1131 4125 1384 4195 διαμένεις
1410 4126 1592 4182 Holst.
1617 4127 1724 4182 Ed.
1936 4146 1990 4199 9.
2026 4129 2276 4197 ἀλλάξεις
2304 4129 2388 4194 B„
2415 4129 2508 4184 sed
2533 4127 2604 4182 cf.
2630 4145 2795 4198 supra
2816 4140 2916 4195 541
2940 4127 3001 4183 d.

598 4197 787 4264 ἑλίξεις
814 4196 912 4250 Ht.
940 4196 1042 4250 Ed.
1239 4213 1321 4260 11,
1352 4214 1434 4251 12.
1470 4198 1710 4269 φθαρτὸν
1730 4198 2332 4271 γὰρ-διακρατοὺμενον
2356 4200 2483 4254 citat
2507 4199 2745 4254 collectio
2771 4197 3004 4254 Pau-um

600 4267 1028 4322 testimoniorum
1067 4266 1278 4338 Syl-iace
1314 4267 1370 4320 in
1410 4268 1560 4323 Mus.
1600 4269 1736 4324 Brit.
1775 4281 2101 4325 conservata.
2141 4270 2345 4341 [codd.
2367 4269 2512 4326 Add.
2543 4284 2733 4340 14532,
2767 4270 2862 4323 fol.
2888 4269 2954 4323 61
2977 4292 3000 4335 3

596 4352 753 4476 {2332
779 4336 1097 4478 'ffsssstffaffi
1122 4351 1331 4478 ἔξω
1356 4338 1450 4394 ‘⁰¹'
1477 4335 1589 4463 ⁷13³
1606 4340 1780 4479 {552⁰
1820 4340 2378 4480 ‘Zffluffffififfi‘’
2402 4360 2457 4413 Ρ·
2472 4356 2570 4466 ⁴35³
2625 4343 3006 4468 ...Ἂιὶἶῡῗ-ΣΞΞ

596 4474 700 4532 hoe
723 4477 910 4533 ordine
938 4477 1002 4532 B.
1078 4478 1272 4533 Statim
1298 4479 1381 4534 καὶ
1511 4502 1545 4534 α
1566 4486 1773 4553 γοργῶς
1795 4492 2137 4553 assumptum
2161 4500 2226 4537 ex
2253 4482 2320 4536 Β.
2512 4499 2594 4553 19.
2631 4481 2769 4537 πολὺ
2793 4481 2852 4536 δὲ
2875 4482 3007 4537 λίαν

596 4546 956 4620 ἀφεστηκότος
979 4559 1255 4621 assumpta
1279 4567 1343 4604 ex
1424 4590 1438 4604 .
