3238 5158
502 900 579 942 10

535 1064 579 1130 b

601 365 729 429 160
1207 366 1284 430 B.
1333 365 1753 431 CYRILLI
1812 365 2387 431 ALEXANDR.
2651 365 2736 429 ix.
2770 384 2866 443 10,
2898 384 2997 428 11.

598 525 685 608 τὸ
737 529 815 608 ἐν
867 529 1211 630 μεγάλοις
1270 531 1580 633 ὁρᾶσθαι
1634 531 1974 638 προξενεῖ
2021 531 2109 611 δι’
2170 528 2585 633 ὑπερβολὴν
2639 526 2999 629 δυνάμεως

601 652 1129 753 ἀπιστούμενον
1179 653 1266 735 τὸ
1322 654 1763 762 παράδοξον.

769 884 1045 962 ἜλεΓον
1099 884 1212 953 οὖν
1267 887 1446 973 αὐτῷ
1490 888 1646 953 Πῶο
1697 889 2116 976 ἀνεῴχθκσάν
2169 911 2286 956 σου
2339 884 2401 953 οἱ
2453 886 2827 976 ὀφθαλμοί;

718 1057 1151 1138 Συννεύουσι
1214 1058 1426 1158 μόλις
1481 1058 1701 1141 αὐτὸν
1754 1062 2017 1140 ἐκεῖνον
2071 1055 2245 1140 εἶναι
2300 1058 2853 1155 πιστεύσαντες,
2915 1054 3000 1138 ὃν

602 1180 997 1283 ἐγίνωσκον
1031 1182 1122 1291 ἐξ
1151 1185 1399 1288 ἀρχῆς,
1433 1187 1550 1264 καὶ
1590 1183 1676 1264 τὸ
1710 1187 1873 1285 περὶ
1908 1182 2180 1264 τούτων
2216 1184 2516 1292 ἀφέντες
2551 1186 2997 1290 ἀμφιγνοεῖν,
3024 1205 3060 1267 5

601 1308 970 1410 ἐρωτῶσιν
995 1306 1191 1392 ὅπως
1225 1308 1357 1408 τὴν
1383 1306 1811 1415 τυφλότητα
1847 1305 2332 1410 διεκρούσατο,
2364 1310 2479 1387 καὶ
2514 1309 2622 1391 τίς
2655 1310 2697 1387 ὃ
2732 1305 2998 1409 τρόπος

602 1439 731 1511 τοῦ
794 1432 963 1535 παρ’
1031 1432 1289 1513 ἐλπίδα
1361 1431 1808 1537 πράγματος.
1913 1434 1990 1510 ἐν
2049 1430 2190 1512 ἔθει
2253 1431 2396 1536 γάρ
2458 1465 2614 1515 πως
2679 1432 2786 1510 ἀεὶ
2850 1438 2998 1514 τοῖς

600 1554 1047 1659 θαυμάζουσι
1111 1553 1196 1637 τὸ
1259 1561 1777 1663 φιλοπευστεῖν
1834 1556 2371 1659 ἀκριβέστερον,
2430 1557 2545 1634 καὶ
2609 1562 2756 1635 τῶν
2815 1559 2999 1658 δρω-

600 1677 832 1777 μένων
890 1675 1017 1760 τὸν
1073 1678 1343 1782 τρόπον
1401 1677 2016 1784 περιεργάζεσθαν
2099 1676 2140 1759 ὃ
2204 1677 2293 1780 δὴ
2354 1681 2469 1759 καὶ
2535 1675 2709 1758 αὐτὸ
2769 1685 2999 1759 ποιεῖν

601 1801 1002 1904 ἐγνώκασιν
1051 1804 1178 1882 οὐκ
1232 1805 1439 1902 ἀθεεὶ,
1490 1801 1674 1884 κατά
1724 1838 1811 1906 γε
1865 1801 1993 1882 τὸν
2047 1802 2386 1905 ἡμέτερον
2440 1809 2627 1898 νοῦν,
2673 1803 2840 1881 ἀλλ’
2880 1804 2998 1883 ἵνα
3029 1832 3107 1876 10

601 1928 721 2005 καὶ
768 1925 903 2030 οὐχ
949 1923 1223 2009 ἑκόντες
1259 1925 1686 2026 μανθάνωσι
1721 1934 1852 2006 τοῦ
1889 1929 2224 2029 Σωτῆρος
2260 1927 2461 2025 ἡμῶν
2497 1923 2631 2027 τὴν
2666 1925 2993 2028 δύναμιν,

601 2046 1142 2150 ἐκδιηγουμένου
1175 2052 1292 2129 καὶ
1327 2056 1589 2157 σαφῶς
1625 2051 1861 2134 αὐτοῖς
1897 2049 2460 2152 διαγγέλλοντος
2503 2057 2634 2129 τοῦ
2675 2057 2993 2158 τυφλοῦ,

544 2205 581 2249 ο
604 2171 782 2274 ὅπερ
818 2177 918 2256 εἰς
955 2171 1187 2253 εἰκόνα
1223 2172 1438 2280 λήψῃ
1484 2172 1719 2274 καλὴν
1756 2181 1884 2253 τοῦ
1933 2173 2271 2276 γενέσθαι
2320 2166 2802 2258 διδασκάλους
2848 2181 2998 2258 τοῖς

500 3005 570 3048 11

529 3239 575 3306 d

602 2294 693 2403 ἐξ
756 2295 1068 2400 Ἰσραὴλ
1139 2295 1305 2381 τοὺς
1377 2297 1465 2404 ἐξ
1530 2299 1754 2378 ἐθνῶν
1818 2297 2418 2402 ἐπιστρέψαντας,
2483 2300 2600 2376 καὶ
2669 2295 2803 2396 τὴν
2865 2296 2999 2397 μὲν

603 2420 913 2525 ἀρχαίαν
962 2419 1386 2524 διαδράντας
1439 2420 1886 2529 τυφλότητα,
1927 2421 2056 2501 τὸν
2103 2419 2179 2501 δὲ
2233 2420 2432 2523 παρὰ
2485 2428 2615 2500 τοῦ
2662 2424 2998 2523 Σωτῆρος
3029 2453 3105 2514 15

602 2544 808 2645 ἡμῶν
866 2549 1199 2647 Χριστοῦ
1262 2545 1381 2627 διὰ
1451 2553 1582 2628 τοῦ
1649 2546 2070 2644 Πνεύματος
2135 2541 2755 2648 ἀποκερδάναντας
2828 2552 2990 2652 φω-

600 2667 890 2769 τισμόν.
992 2668 1102 2750 ὅτι
1168 2667 1247 2750 δὲ
1309 2667 1396 2751 τὸ
1461 2668 1829 2774 εἰρημένον
1892 2669 2157 2771 ἀληθές
2213 2668 2435 2770 ἐστιν,
2496 2667 2680 2750 αὐτὰ
2737 2668 3000 2771 βοήσει

599 2791 693 2876 τὰ
745 2790 1162 2897 πράγματα.

590 2994 945 3087 Ἀπεκρίθη
995 2992 1246 3063 ἐκεῖνος
1281 2996 1669 3086 Ἀνθρωπος
1713 2997 1751 3062 ὁ
1799 2994 2433 3072 λεΓόμενοοἸήσοῦο
2477 2993 2688 3060 πηλὸν
2725 2992 2998 3062 εποίησε

701 3122 809 3188 καί
854 3122 1153 3213 ὲπὲχρισὲ
1201 3146 1324 3201 μου
1377 3123 1530 3190 τοὺς
1582 3123 1967 3211 ὀφθαλμοὺς
2023 3120 2129 3186 καὶ
2177 3114 2322 3187 εἶπέ
2372 3141 2483 3198 μοι
2513 3120 2765 3194 ’ΥπαΓε
2813 3120 2998 3200 νίψαι
3031 3141 3110 3182 20

700 3245 795 3314 εἷο
849 3248 960 3316 τὸν
1011 3249 1308 3327 Σιλωάμ.
1386 3248 1697 3315 ἀπελθὼν
1742 3243 1856 3313 οὖν
1904 3247 2011 3313 καὶ
2064 3248 2418 3326 νιψάμενος
2472 3245 2828 3325 ἀνέβλεψα.

698 3419 876 3501 Ὅτι
932 3420 1066 3523 μὲν
1111 3420 1298 3506 Θεὸς
1353 3420 1537 3501 κατὰ
1597 3418 1826 3527 φύσιν
1884 3422 2086 3501 ἐστὶν
2140 3421 2180 3498 ὃ
2238 3417 2495 3520 Σωτὴρ
2555 3422 2838 3521 ἀγνοῶν
2894 3417 3001 3499 ἔτι

598 3545 944 3651 φαίνεται·
1002 3547 1086 3625 οὐ
1122 3543 1265 3648 γὰρ
1305 3542 1394 3625 ἂν
1431 3547 1617 3624 οὕτω
1653 3550 2155 3649 μικροπρεπῶς
2191 3542 2517 3646 ἐλάλησε
2552 3546 2712 3648 περὶ
2750 3544 2995 3624 αὐτοῦ·

596 3667 775 3748 ἔοικε
825 3666 912 3748 δέ
949 3702 1105 3751 πως
1155 3671 1252 3753 ὡς
1298 3668 1467 3772 περί
1511 3702 1705 3753 τινος
1755 3675 1901 3750 τῶν
1938 3669 2163 3771 ἁγίων
2203 3665 2288 3748 τὸ
2325 3665 2433 3748 ἐπ’
2474 3667 2668 3776 αὐτῷ
2706 3674 3002 3775 φρονεῖν

593 3794 712 3871 καὶ
761 3790 1199 3894 λογίζεσθαι,
1243 3790 1333 3899 ἐξ
1380 3791 1863 3897 ἀμυδροτέρας
1917 3795 2014 3876 ὡς
2069 3790 2250 3876 εἰκὸς
2306 3794 2423 3870 καὶ
2478 3799 2695 3871 τοῦτο
2745 3788 2998 3898 φήμης
3030 3829 3112 3892 25

592 3911 782 3996 ἑλὼν
826 3914 1363 4024 περιφοιτῶσης
1421 3913 1722 3997 ἅπασαν
1771 3915 1902 4015 τὴν
1935 3912 2444 4019 Ἰερουσαλὴμ,
2482 3918 2600 3996 καὶ
2655 3917 2990 4017 ἐκτεθρυ-

660 4125 714 4180 3.
755 4107 1117 4182 [ἦνεῶχθησαν
1139 4108 1217 4181 ι]
1447 4130 1499 4179 4.
1536 4109 1873 4167 πιστεύοντες
1895 4128 1946 4166 a.
2190 4125 2242 4179 5.
2278 4109 2478 4166 τούτων
2500 4128 2548 4166 a.
2572 4119 2626 4165 et
2648 4110 2724 4166 ita
2746 4110 3002 4167 emendat

592 4178 793 4252 Heyeo.
817 4183 1002 4235 τοῦτον
1029 4181 1094 4236 Β.
1122 4180 1303 4237 Holut.
1327 4179 1515 4237 τούτου
1537 4181 1685 4237 Aub.
1709 4181 1780 4236 cf.
1807 4199 1972 4265 supra
1996 4181 2101 4251 598
2126 4198 2176 4237 a.
2453 4199 2506 4254 9.
2542 4182 2668 4236 αὐτὸ
2694 4199 2742 4236 c.
2767 4183 2913 4237 αὐτοὶ
2940 4182 2997 4237 b.

593 4249 759 4306 Cord.
785 4250 929 4305 οὗτοι
952 4251 1057 4306 Ed.
1333 4269 1416 4307 10.
1452 4252 1594 4307 ἀθεεὶ
1617 4252 1775 4308 a.b.c.
1805 4252 1888 4307 Mn
1966 4271 2013 4307 e.
2038 4249 2154 4307 ἀθεῒ
2175 4251 2280 4307 Ed.
2560 4267 2643 4308 11.
2679 4251 2822 4321 ἡμῶν
2847 4251 3001 4308 deest

588 4321 646 4376 in
672 4319 910 4376 Catenis.
1007 4321 1200 4377 Statim
1288 4345 1317 4377 ν
1339 4323 1553 4394 δύναμιν
1574 4341 1604 4378 ε
1632 4323 1753 4379 Cat.
1780 4321 1900 4378 Har
1924 4363 1937 4378 .
1963 4323 2254 4392 assumpsit
2282 4331 2346 4377 ut
2376 4321 2601 4378 adnotat
2631 4323 2748 4394 ipse
2772 4321 2918 4378 Aub.
2944 4332 3001 4378 et

587 4391 663 4447 ita
685 4409 783 4447 mc.
812 4390 976 4447 Gord.
1003 4391 1152 4448 deest
1175 4393 1232 4448 in
1310 4433 1325 4448 .
1516 4411 1599 4464 13.
1637 4395 1711 4450 εἷς
1734 4393 1927 4465 εἰκόνα]
1964 4400 2019 4458 -Ι-
2048 4395 2132 4448 mi
2155 4392 2318 4448 τύπον
2341 4411 2390 4448 a.
2490 4393 2683 4447 Statim
2707 4391 2861 4463 λήψῃ
2887 4392 3000 4448 a.b.

586 4461 757 4533 λήψει
780 4479 828 4518 ο.
854 4461 1019 4517 Cord.
1046 4463 1149 4518 Ed.
1370 4464 1451 4521 16.
1486 4464 1933 4536 ἀποκερδάναντας
1956 4481 2006 4520 a.
2030 4464 2491 4536 ἀποκερδαίνοντας
2515 4462 2621 4517 Ed.
2841 4480 2927 4536 19.
2965 4466 2998 4518 ὁ

586 4534 868 4605 λεγόμενος
888 4532 905 4553 ’
965 4538 1093 4592 σοῦς
1120 4535 1184 4591 Β.
1207 4535 1415 4605 Ἰησοῦς
1434 4536 1723 4607 λεγόμενος
1749 4534 1847 4590 Ht.
1874 4534 1978 4590 Ed.
2339 4534 2426 4591 26.
2461 4534 2920 4606 περιφοιτησᾶσης
2943 4551 2997 4590 a.

584 4604 930 4676 Ἰερουσαλὴμ
980 4607 1079 4678 γῆν
1101 4624 1148 4662 a.
