3238 5158
1016 1086 1499 1164 ΚΕΦΑΛΗ
1578 1089 1671 1165 Β.

172 1355 323 1422 Ὅτι
368 1364 634 1441 φυσικός
675 1361 743 1426 ἐν
783 1365 866 1449 τῷ
909 1362 1035 1450 ’Υἰῷ
1080 1364 1181 1429 καὶ
1223 1366 1293 1429 ἐν
1334 1365 1406 1452 τῇ
1450 1363 1627 1450 οὐσία
1669 1364 1849 1429 αὐτοῦ
1890 1363 1959 1429 τὸ
2004 1370 2252 1447 Πνεῦμα
2295 1366 2497 1445 αὐτοῦ,

394 1488 663 1565 τουτέστι
704 1489 774 1555 τὸ
808 1488 1049 1574 Ἀγιον,
1095 1495 1246 1557 καθα
1288 1491 1386 1557 καὶ
1429 1494 1497 1557 ἐν
1536 1493 1608 1580 τῇ
1654 1493 1826 1578 οὐσία
1866 1497 1972 1558 τοῦ
2019 1495 2276 1576 Πατρός.

134 1755 365 1821 Πάντα
418 1755 542 1822 ὅσα
594 1754 729 1844 ἔχει
779 1754 819 1822 ὸ
870 1755 1100 1846 Πατήρ
1148 1756 1278 1834 ἐμά
1335 1757 1492 1824 ἐστι·
1581 1757 1690 1823 καὶ
1743 1755 1850 1824 διὰ
1903 1761 2101 1824 τοῦτο
2152 1749 2339 1823 εἷπον
2394 1754 2537 1833 ὑμῖν
2572 1772 2646 1834 15

87 1898 105 1960 3
460 1898 563 1965 ὅτι
610 1898 687 1964 ἐκ
739 1901 856 1965 τοῦ
906 1899 1069 1978 ἐμοῦ
1121 1900 1439 1980 λαμβάνει
1493 1899 1600 1966 καὶ
1652 1894 1995 1976 &vars-eike?
2045 1894 2214 1978 ὑμῖν.

246 2124 898 2202 ΧΑΡΑΚΤΗΡΑ
934 2121 1162 2202 πάλιν
1196 2120 1323 2202 τὸν
1358 2127 1698 2226 εἰλικρινῆ
1739 2157 1819 2203 τε
1863 2124 1980 2203 καὶ
2016 2121 2538 2227 ἀκριβέστατον
2566 2159 2602 2201 e

132 2248 265 2344 τῆς
333 2244 806 2331 ὑποστάσεως
864 2254 993 2326 τοῦ
1055 2246 1347 2351 Πατρὸς
1406 2245 1658 2327 ἑαυτὸν
1710 2248 1880 2347 ἡμῖν
1934 2249 2070 2327 κάν
2126 2245 2403 2330 τούτοις
2464 2247 2542 2325 εὖ

131 2368 345 2468 μάλα
406 2369 713 2476 δέδειχεν
787 2371 828 2449 ὁ
894 2368 1101 2468 Υἱὸς,
1167 2371 1428 2451 δίδωσί
1493 2405 1573 2450 τε
1640 2372 1725 2451 δι’
1790 2368 1893 2451 ὧν
1949 2370 2091 2477 ἔφη
2166 2378 2372 2468 νοεῖν,
2432 2370 2543 2450 ὅτι

133 2491 414 2596 καρπὸς
469 2492 810 2599 ὑπάρχων
862 2498 990 2594 τῆς
1045 2494 1297 2579 οὐσίας
1352 2496 1590 2592 αὐτοῦ,
1646 2494 1886 2575 πάντα
1937 2491 2031 2572 τὰ
2085 2494 2304 2593 αὐτῆς
2358 2494 2542 2574 κατὰ

87 2651 108 2692 >
132 2617 369 2723 φύσιν
403 2615 761 2720 ἐπάγεται,
800 2617 946 2700 ἰ’διά
977 2652 1054 2699 τε
1092 2616 1274 2700 εἶναι’
1311 2626 1522 2726 φησι,
1561 2622 1681 2699 καὶ
1733 2618 1938 2718 μάλα
1987 2617 2296 2703 εἰκότως·
2376 2621 2532 2698 δια-

129 2741 517 2840 τέμνοντος
554 2740 718 2845 γὰρ,
755 2741 914 2842 ἤτοι
950 2741 1355 2828 διιστάντος
1389 2743 1673 2828 οὐδενὸς
1708 2749 1805 2829 εἰς
1846 2740 2374 2847 ἀλλοτριότητα
2410 2751 2542 2823 τοῦ

134 2865 433 2969 Πατρὸς
480 2863 608 2945 τὸν
643 2864 845 2964 Υἰὸν,
883 2865 1063 2946 ὅσον
1104 2866 1272 2967 ἧκεν
1317 2873 1413 2951 εἰς
1460 2866 1545 2947 τὸ
1595 2865 1780 2948 κατὰ
1829 2873 1977 2947 πᾶν
2023 2868 2262 2947 ὁτιοῦν
2293 2864 2540 2965 ὅμοιόν

128 3024 208 3071 τε
246 2992 369 3069 καὶ
402 2988 588 3087 ἴσον,
623 2990 789 3094 δίχα
839 2988 1061 3089 μόνον
1109 2998 1238 3071 τοῦ
1285 2986 1459 3070 εἶναι
1498 2991 1815 3095 Πατέρα,
1854 2991 2410 3090 διαλαμπούσης
2457 3025 2535 3069 τε
2560 3029 2598 3070 ο,
2653 3016 2775 3073 981
2791 3014 2873 3072 A.

128 3117 263 3213 τῆς
315 3113 566 3196 οὐσίας
612 3115 688 3192 ἐν
719 3115 991 3218 ἀμφοῖν
1026 3116 1160 3218 οὐχ
1209 3112 1724 3218 ἑτεροτρόπως,
1745 3120 1900 3197 πῶς
1937 3116 2064 3195 οὐκ
2098 3112 2188 3193 ἂν
2224 3111 2361 3194 εἰεν
2399 3113 2536 3213 ἤδη

89 3235 356 3334 ἱκοινὰ,
414 3243 706 3334 μᾶλλον
768 3236 845 3318 δὲ
901 3237 1126 3318 ταύτὰ
1175 3240 1251 3318 ἐν
1308 3241 1602 3344 ἀμφοῖν,
1662 3243 1759 3321 ὡς
1818 3234 1991 3318 εἰναι
2050 3237 2180 3388 μὲν
2246 3240 2320 3317 ἐν
2383 3242 2539 3346 Υἶῷ

125 3361 225 3442 τὰ
283 3369 412 3441 τοῦ
469 3360 856 3465 Πατρος,’
818 3395 896 3441 εν
932 3360 1008 3441 δὲ
1061 3369 1165 3470 τῷ
1218 3360 1490 3443 τεκόντι
1539 3361 1636 3442 τὰ
1687 3369 1817 3442 τοῦ
1871 3361 2358 3464 γεννήματος·
2337 3423 2358 3457 ,
2421 3361 2539 3440 διὰ

127 3485 280 3590 γὰρ
313 3493 549 3583 τοῦτο,
585 3484 906 3589 καθάπερ
955 3489 1242 3593 ἐγῷμαι,
1282 3484 1464 3586 μετὰ
1507 3486 1821 3590 δριμείας
1871 3483 2063 3569 τινὸς
2109 3489 2238 3586 τῆς
2283 3487 2533 3585 ἐπιτη-

126 3610 435 3711 ρήσεως,
469 3608 634 3694 τοὺς
681 3643 842 3713 περι
890 3608 1165 3690 τούτων
1199 3610 1367 3710 ἡμῖν
1401 3607 1792 3710 ἐποιήσατο
1840 3608 2131 3712 λόγους.
2210 3609 2351 3717 ἔφη
2395 3607 2540 3713 γὰρ

128 3734 269 3837 οὐχ
306 3766 417 3813 οτι
456 3729 691 3814 πάντα.
726 3732 861 3813 ’ὄσ-α,
897 3730 1104 3832 ἔχει
1077 3772 1107 3814 ο
1151 3733 1382 3838 Πατηρ
1416 3732 1558 3838 ἔχω
1593 3733 1824 3837 κάγώ·
1885 3734 2006 3814 ἵνα
2049 3732 2151 3834 μὴ
2203 3733 2395 3839 ψιλή
2433 3769 2540 3819 τις

91 3855 342 3937 »εἰκὼν
377 3857 423 3956 ἦ
460 3854 643 3937 κατὰ
676 3854 902 3956 μόνην
938 3855 1279 3957 νοουμένη
1314 3854 1448 3956 τὴν
1484 3856 1886 3956 ἰσοτυπίαν,
1925 3860 2042 3937 καὶ
2085 3865 2231 3943 τοῖς
2273 3857 2540 3966 ἔξωθεν

126 3985 530 4083 ὦραῖσμοῖς
564 3980 1088 4087 μεμορφωμένη
1124 3984 1367 4079 νοῆται
1401 4014 1583 4084 προς
1630 4014 1714 4061 το
1760 3978 2180 4086 ἀρχέτυπον,
2216 3979 2537 4085 καθάπερ
2563 3995 2607 4060 b

125 4106 260 4185 οὖν
295 4107 413 4186 καὶ
462 4105 656 4205 ἡμεῖς
707 4106 932 4185 αὐτοί·
992 4104 1389 4207 γεγόναμεν
1424 4102 1569 4207 γὰρ
1615 4105 1770 4185 κατ’
1812 4102 2049 4185 εἰκόνα
2083 4110 2301 4187 Θεοῦ·
2364 4106 2535 4186 ἀλλ’

210 4367 312 4422 1-3
336 4368 447 4406 om.
475 4351 540 4407 Ε.
721 4370 882 4419 4-,
868 4350 1032 4478 Ag),
980 4367 1128 4422 9,24
1152 4352 1318 4407 citant
1343 4369 1396 4422 q.
1426 4350 1655 4406 Vaccus.
1827 4369 1881 4418 4.
1921 4353 2005 4406 καὶ
2029 4359 2083 4406 et
2105 4352 2225 4421 ὑμῖν
2247 4349 2462 4406 exhibet
2488 4358 2543 4405 et

127 4422 390 4547 Υοωῖυἰιίαι
412 4509 522 4549 om.
518 4435 619 4584 q5.
627 4425 788 4548 htbet
812 4440 1058 4549 vocemq
1086 4420 1949 4563 Υιεικιιιιει3ολ’1μηίἶέ-ἑιιιΜΕιὲἰἕω.,τόι
1963 4424 2076 4548 εἶὲν
2084 4439 2207 4615 Εἴ
2271 4420 2542 4545 exzo-ug?

128 4562 236 4618 Ed.
389 4563 472 4619 18.
508 4563 630 4633 ἡμῖν
652 4572 992 4635 assumptum
1015 4582 1081 4618 ex
1106 4581 1158 4636 q.
1191 4562 1385 4618 Veoco.
1532 4579 1617 4619 21.
1654 4564 1828 4631 νοῆται
1854 4563 1918 4618 Ε.
1945 4565 2135 4619 νοεῖται
2208 4576 2385 4616 accus.
2413 4558 2517 4614 Ed.
