3238 5158
279 483 414 540 966
441 483 520 539 A.
553 499 588 537 a
660 545 670 550 ,

1484 1119 1969 1196 ΚΕΦΑΛΗ
2051 1121 2155 1197 Η.

610 1387 753 1454 Ὅτι
798 1391 903 1456 οὒκ
954 1392 1065 1472 ἔξω
1114 1395 1374 1460 κείσεται
1424 1399 1527 1476 τῆς
1566 1402 1829 1477 Χριστοῦ
1879 1398 2219 1477 βασιλείας,
2268 1396 2379 1462 κᾶν
2426 1399 2485 1461 εἴ
2526 1422 2583 1461 τι
2633 1396 2881 1480 λέγοιτο
2931 1399 3040 1460 τοῦ

1016 1515 1273 1596 Πατρός·
1334 1514 1457 1595 ἅμα
1501 1518 1613 1597 γὰρ
1658 1516 1851 1582 αὐτῶν
1891 1517 1929 1597 ἦ
1975 1519 2120 1581 κατὰ
2165 1516 2405 1582 πάντων
2448 1517 2624 1601 ἀρχή.

555 1777 792 1854 werd>
853 1779 1004 1871 περὶ
1070 1780 1287 1849 αὐτῶν
1347 1784 1602 1875 ἐρωτῶ·
1686 1786 1761 1851 οὐ
1824 1788 1975 1876 περὶ
2044 1790 2159 1853 τοῦ
2226 1786 2470 1864 κόσμου
2531 1785 2792 1874 ἐρωτῶ,
2857 1779 3037 1849 ἀλλὰ

520 1922 593 1961 10
721 1907 871 1996 περὶ
933 1904 1028 1973 ὧν
1084 1908 1382 1976 δέδωκάς
1441 1933 1572 1993 μοι,
1626 1913 1728 1978 ὅτι
1792 1910 1895 1978 σοί
1954 1909 2099 1995 εἰσι,
2161 1913 2267 1978 καὶ
2328 1913 2409 1979 τὰ
2471 1913 2595 1990 ἐμὰ
2659 1911 2880 1978 πάντα
2947 1905 3102 1978 σά5

518 1983 591 2129 111³
718 2031 876 2113 ἐστι,
933 2035 1039 2099 καὶ
1092 2036 1172 2101 τὰ
1227 2036 1308 2102 σὰ
1362 2036 1508 2119 ἐμὰ,
1559 2037 1672 2104 καὶ
1721 2037 2116 2116 δεδόξασμαι
2169 2039 2242 2105 ἐν
2296 2034 2539 2120 αὐτοῖς,
2593 2040 2702 2103 καὶ
2756 2039 2876 2104 οὐκ
2930 2039 3035 2103 ἔτι

720 2155 851 2235 εἰμί
911 2158 989 2224 ὲν.
1036 2165 1133 2246 τῷ
1182 2163 1418 2250 κόσμῳ,
1473 2162 1579 2228 καί
1637 2159 1820 2230 οὗτοι
1870 2164 1940 2230 ἐν
1993 2170 2092 2251 τῷ
2138 2166 2365 2251 κόσμῳ
2414 2161 2558 2244 εἰσί,
2615 2163 2799 2239 κάΓὼ
2857 2167 3032 2253 πρὸς

725 2307 797 2349 σε
848 2283 1144 2375 ἔρχομαι.

286 2507 511 2559 “sim-³³·
740 2506 1314 2585 ΜΕΣΙΤΕΥΕΙ
1370 2505 1597 2586 πάλιν
1643 2508 1741 2592 ὡς
1796 2506 2191 2609 anemos,
2245 2507 2286 2586 5
2339 2510 2532 2587 Θεοῦ
2581 2538 2661 2585 τε
2716 2506 2837 2584 καὶ
2891 2505 3026 2583 ἄν·

623 2626 934 2730 θρῶπων
987 2629 1429 2729 διαλλακτὴς
1497 2634 1612 2710 καὶ
1679 2632 1996 2733 μεσίτης,
2054 2634 2171 2711 καὶ
2231 2632 2271 2710 5
2335 2632 2560 2733 μέγας
2618 2628 2846 2714 ὅντως
2905 2631 3032 2711 καὶ
3065 2665 3142 2705 10

621 2751 973 2855 πανάγιος
1027 2753 1227 2852 ἡμῶν
1277 2753 1660 2859 ἀρχιερεὺς,
1703 2762 1859 2839 ταῖς
1910 2756 2078 2858 παρ’
2121 2756 2375 2836 ἐαυτοῦ
2428 2761 2662 2839 λιταῖς
2719 2751 2855 2852 τὴν
2895 2761 3031 2832 τοῦ

624 2875 803 2955 ἰδίου
859 2874 1281 2982 γεννήτορος
1333 2880 1869 2978 ἐκμειλίσσεται
1922 2878 2236 2982 γνώμην,
2287 2875 2537 2960 ἐαυτόν
2588 2876 2766 2982 ὑπὲρ
2821 2879 3031 2977 ἡμῶν

624 3002 1030 3103 ὶερουργῶν.
1123 3001 1335 3086 αὐτὸς
1393 3002 1538 3106 γὰρ
1592 3001 1677 3084 τὸ
1734 3012 1927 3102 θῦμα
1983 3007 2101 3084 καὶ
2150 2999 2362 3088 αὐτὸς
2418 3001 2656 3107 ἱερεὺς,
2712 3001 2931 3086 αὐτὸς
2988 3005 3030 3081 5

564 3156 601 3200 ο
621 3123 942 3223 μεσίτης,
986 3124 1200 3211 αὐτὸς
1252 3126 1339 3208 τὸ
1392 3126 1841 3228 πανάμωμον
1896 3133 2163 3232 ἱερεῖον,
2210 3130 2251 3208 5
2306 3126 2529 3226 ἀμνὸς
2584 3129 2626 3206 5
2681 3127 3031 3227 ἀληθινὸς

289 3253 454 3383 ξζῗη
473 3252 508 3303 ¹·
623 3258 669 3296 ‘⁴
705 3250 746 3329 5
799 3249 1019 3354 αἴρων
1072 3250 1205 3350 τὴν
1259 3252 1612 3356 ἁμαρτίαν
1667 3260 1796 3332 τοῦ
1851 3249 2195 3353 κόσμου.”
2281 3250 2371 3353 ἦν
2425 3253 2551 3332 οὖν
2603 3251 2747 3355 ἄρα
2801 3250 3029 3336 τύπος
3063 3286 3138 3347 15

624 3371 872 3477 ὥσπερ
944 3408 1050 3459 τις
1123 3378 1242 3455 καὶ
1315 3376 1492 3456 σκιὰ
1566 3373 1918 3484 διαφανὴς
1994 3380 2121 3477 τῆς
2195 3378 2270 3457 ἐν
2341 3373 2677 3482 ἐσχάτοις
2753 3383 3030 3478 καιροῖς

622 3499 1202 3599 ἀναδεδειγμὲνης
1249 3508 1379 3579 τοῦ
1431 3504 1763 3602 Χριστοῦ
1812 3502 2193 3599 μεσιτείας,
2242 3500 2288 3600 ἡ
2341 3499 2575 3580 πάλαι
2629 3498 2748 3579 διὰ
2794 3504 3027 3580 Μωυ-

619 3619 825 3721 σέως,
862 3625 981 3702 καὶ
1030 3624 1071 3702 5
1120 3620 1303 3704 κατὰ
1352 3621 1573 3722 νόμον
1608 3622 1974 3728 ἀρχιερεὺς
2015 3622 2144 3705 τὸν
2179 3622 2356 3728 ὑπὲρ
2394 3622 2614 3722 νόμον
2649 3624 3025 3727 ἱερουργὸν

617 3746 696 3823 ἐν
732 3746 882 3853 ἰδίῳ
932 3746 1251 3854 γέγραφε
1301 3747 1646 3853 σχήματι·
1716 3751 1919 3828 σκιαὶ
1970 3745 2114 3851 γὰρ
2165 3752 2294 3847 τῆς
2331 3748 2680 3847 ’ἀληθείας
2730 3752 2877 3828 εἶσὶ
2929 3750 3024 3829 τὰ

622 3868 899 3968 νομικά.
985 3876 1318 3972 Μωυσῆς
1354 3872 1499 3976 γὰρ
1536 3873 1577 3952 5
1613 3870 2002 3956 θεσπέσιος
2037 3874 2155 3952 καὶ
2189 3871 2335 3971 μὴν
2371 3871 2513 3952 σὺν
2546 3873 2787 3981 ἐκείνῳ
2825 3877 2944 3953 καὶ
2983 3876 3024 3954 5
3053 3910 3132 3950 ιο

619 3996 1102 4099 περίβλεπτος
1135 3996 1425 4101 Ἀαρὼν
1459 3998 1688 4097 μέσον
1727 3995 1845 4077 διὰ
1880 3994 2151 4081 παντὸς
2192 3997 2508 4102 ἐχώρουν
2545 4000 2738 4076 Θεοῦ
2781 4031 2863 4078 τε
2905 4002 3025 4077 καὶ

552 4127 598 4193 d
620 4123 748 4219 τῆς
797 4124 1250 4223 συναγωγῆς,
1294 4119 1456 4224 ἅρτι
1506 4119 1639 4219 μὲν
1688 4118 1820 4221 τὴν
1864 4122 1982 4201 ἐπὶ
2035 4126 2182 4203 τοῖς
2239 4118 2826 4221 πλημμελήμασι
2880 4129 3030 4201 τῶν

618 4245 708 4351 ἐξ
747 4244 1056 4348 Ἰσραὴλ
1111 4248 1610 4329 δυσωποῦντες
1667 4242 1911 4347 ὀργὴν,
1963 4247 2080 4323 καὶ
2133 4242 2268 4344 τὴν
2315 4243 2587 4324 ἄνωθεν
2638 4253 3029 4330 καλοῦντες

619 4370 735 4449 ἐπὶ
783 4376 930 4453 τοῖς
980 4369 1365 4449 ἄτονοῦσιν
1403 4367 1780 4469 εὐμένειαν·
1841 4367 2002 4472 ἄρτι
2056 4366 2133 4448 δέ
2178 4366 2407 4449 πάλιν
2439 4368 2908 4474 ἐπευχόμενοί
2950 4404 3026 4449 τε

1684 4614 1783 4669 1-3
1806 4614 1913 4654 om.
1938 4597 2004 4654 E.
