3238 5158
300 2328 546 2408 exuam,

298 2409 387 2445 ιιι.
414 2408 495 2458 33.

641 327 774 389 418
1251 324 1332 389 Β.
1378 322 1796 389 CYRILLI
1853 324 2431 389 ALEXANDR.
2834 326 2975 389 xiv.
3005 324 3067 386 8.

641 486 874 642 ὤφθη
890 486 1064 569 ποτὲ
1101 494 1251 573 τοῖς
1294 489 1544 591 ἁγίοις,
1579 492 1676 572 ὡς
1726 489 1772 588 ἡ
1829 488 2311 573 θεόπνευστος
2358 490 2501 593 ἔφη
2548 486 2839 593 γραφὴ,
2880 491 3049 566 ἀλλ

646 615 776 692 οὐκ
831 610 920 690 ἀν
968 608 1171 710 οἶμαί
1213 647 1320 696 τις
1371 612 1834 713 ὑποτοπήσαι
1881 613 2058 695 ποτὲ
2108 617 2393 718 ἐμφανῆ
2438 613 2574 713 τὴν
2614 613 2814 692 θείαν
2850 613 3063 713 γενέ-

589 768 628 813 ο
648 743 828 817 σθαι
902 735 1133 842 φύσιν
1198 736 1442 833 οὕτως,
1509 739 1608 820 ὡς
1681 737 1826 843 ἔχει
1890 738 2058 818 καθ’
2116 738 2395 837 εαυτὴν,
2458 734 2923 817 πλάττεσθαι
2990 736 3073 816 δὲ

645 867 940 959 μᾶλλον
974 865 1071 943 εἷς
1106 895 1191 939 το
1227 867 1331 969 τῷ
1367 868 1590 968 καιρῶ
1625 863 2223 963 πρεπωδέστερον
2260 866 2541 965 σχῆμα.
2616 862 2737 939 καὶ
2770 867 2961 961 γοῦν
3000 866 3071 940 οἱ

641 988 1013 1088 προφῆται
1067 984 1430 1089 διαφόρως
1484 983 1703 1065 αὐτον
1757 986 2144 1082 τεθέανται,
2200 990 2318 1065 καὶ
2372 985 2699 1069 ποικίλος
2750 1018 2833 1064 τε
2890 989 3070 1087 περὶ
3098 1017 3141 1076 5

643 1112 836 1188 Θεοῦ
892 1108 1061 1211 παρ’
1114 1108 1395 1192 ἐκείνοις
1451 1111 1492 1188 ὁ
1556 1108 1801 1211 λόγος.
1899 1112 1940 1190 ὃ
1998 1107 2129 1207 μὲν
2187 1109 2333 1213 γὰρ
2384 1108 2709 1193 Ἡσαΐας
2765 1108 3065 1210 ἑτέρως,

639 1231 974 1335 ’Ῑεζεκιὴλ
1039 1232 1115 1312 δὲ
1178 1232 1407 1314 πάλιν
1471 1237 1607 1338 οὐχ
1671 1235 1930 1332 ὁμοίιος
1995 1239 2100 1343 τῷ
2160 1233 2329 1336 παρ’
2396 1235 2635 1341 ἐκείνῳ
2706 1230 3060 1332 θαύματι.

640 1356 779 1438 ἔδει
826 1359 1062 1437 τοίνυν
1099 1356 1414 1437 συνιέναι
1462 1356 1591 1437 τὸν
1628 1357 2021 1460 Φίλιππον,
2059 1362 2155 1442 ὡς
2210 1356 2301 1458 ἦν
2345 1393 2416 1438 τι
2468 1366 2614 1439 τῶν
2660 1357 3069 1462 ἀμηχάνων

639 1489 1036 1579 παντελῶς,
1076 1480 1208 1582 τὴν
1243 1483 1441 1562 θείαν
1478 1481 1836 1563 δύνασθαι
1872 1487 2179 1562 κατιδεῖν
2212 1484 2492 1575 οὐσίαν,
2531 1486 2649 1561 καὶ
2683 1489 2897 1563 τοῦτο
2934 1482 3069 1561 διὰ

637 1607 933 1711 σαρκὸς,
971 1612 1088 1688 καὶ
1140 1608 1224 1687 οὐ
1274 1605 1456 1702 μετὰ
1505 1605 1804 1708 σαρκὸς,
1844 1606 1963 1688 ὅτε
2019 1612 2137 1686 καὶ
2195 1609 2280 1687 οὗ
2334 1604 2631 1715 σφόδρα
2688 1605 3059 1710 νουνεχές,
3096 1650 3179 1689 10

636 1731 1014 1835 παρούσης
1076 1732 1271 1839 αὐτῷ
1331 1734 1461 1829 τῆς
1518 1728 1787 1815 εἰκόνος
1846 1735 1965 1810 καὶ
2018 1734 2362 1834 ἀκριβοῦς
2414 1734 2867 1836 χαρακτῆρος
2922 1739 3067 1810 τοῦ

573 1860 618 1927 d
641 1860 834 1948 Θεοῦ
888 1857 1005 1933 καὶ
1064 1851 1380 1954 Πατρὸς,
1427 1855 1534 1935 ἐπ’
1587 1852 1763 1935 αὐτὸ
1818 1854 2048 1958 ζητεῖν
2104 1854 2277 1934 ἰέναι
2331 1854 2416 1936 τὸ
2470 1853 2895 1960 ἀρχέτυπον,
2952 1889 3064 1939 ως

638 1979 838 2058 οὔπω
891 1975 1148 2078 παρὸν,
1185 1981 1302 2057 καὶ
1353 1984 1522 2059 καθ’
1561 1976 1646 2057 ὃν
1697 1978 1836 2058 ἔδει
1890 1977 2116 2081 λόγον
2157 1979 2571 2085 ἐπιδειχθέν.
2647 1976 3061 2078 ἱκανωτάτη

635 2099 784 2203 γάρ
833 2101 1002 2179 λίαν
1037 2104 1135 2184 εἶς
1183 2099 1677 2203 παράστασιν
1696 2106 1826 2202 τῆς
1875 2104 2129 2187 ουσίας
2180 2112 2309 2183 τοῦ
2354 2109 2547 2184 Θεοῦ
2594 2106 2710 2182 καὶ
2750 2099 3061 2250 Πατρὸς

635 2224 681 2324 ἡ
723 2228 1056 2327 Χριστοῦ
1111 2225 1391 2327 θεωρία,
1429 2232 1671 2310 καλῶς
1727 2259 1806 2306 τε
1855 2228 1973 2306 καὶ
2026 2229 2342 2328 ἀκριβῶς
2396 2226 2906 2378 ἐξυφαίνοντος
2958 2224 3057 2306 τὸ
3088 2263 3165 2322 15

634 2348 1068 2456 ἀξιέραστον
1103 2347 1380 2433 κάλλος
1416 2354 1545 2449 τῆς
1582 2349 1750 2429 οθεν
1784 2349 2008 2457 ἐξεφυ
2042 2355 2445 2450 βασιλικῆς
2481 2351 2759 2432 οὐσίας.
2821 2359 2867 2395 “
2897 2348 3055 2428 ἀπὸ

636 2472 860 2575 “γάρ
931 2483 1059 2554 τοῦ
1131 2482 1409 2581 καρποῦ
1473 2508 1558 2553 το
1621 2473 1915 2578 δένδρον
1977 2472 2590 2577 ἐπιγινώσκεται,”
2652 2473 2834 2553 κατὰ
2910 2471 3056 2573 τὴν

634 2601 853 2680 αὐτοῦ
908 2609 1039 2680 τοῦ
1095 2603 1432 2702 Σωτῆρος
1488 2596 1766 2704 φωνήν.
1871 2598 2318 2706 ἔξαρκούσης
2372 2606 2753 2704 τοιγαροῦν
2800 2605 2905 2704 τῷ
2958 2633 3055 2700 γε

634 2720 840 2831 ἅπαξ
886 2730 1166 2832 συνετῷ
1215 2728 1343 2823 τῆς
1394 2731 1522 2803 τοῦ
1557 2728 1741 2803 Υἱοῦ
1793 2724 2090 2826 θεωρίας
2143 2729 2241 2808 εἶς
2290 2722 2767 2827 παράστασίν
2802 2755 2881 2801 τε
2926 2725 3055 2802 καὶ

634 2850 897 2949 ἀκριβῆ
933 2850 1467 2954 πληροφορίαν,
1506 2848 1612 2931 τίς
1650 2845 1743 2927 ἂν
1777 2846 1883 2948 ε’ίη
1933 2846 2118 2927 κατὰ
2161 2848 2394 2956 φύσιν
2431 2850 2551 2928 καὶ
2596 2849 2637 2928 ὃ
2680 2844 3053 2947 γεννήσας
3080 2888 3157 2929 20

574 2999 610 3041 θ
635 2970 873 3052 αὐτόν·
939 2970 1271 3075 περιττὸς
1326 2971 1457 3071 μὲν
1505 2970 1689 3056 ἴσως
1743 2973 1785 3050 ὃ
1838 2980 1967 3052 τοῦ
2016 2977 2345 3072 μαθητοῦ
2397 2973 2729 3080 φαίνεται
2778 2969 3045 3073 λᾶγος,

631 3095 835 3196 πλὴν
894 3098 1024 3179 οὐκ
1089 3096 1229 3204 ἔξω
1291 3096 1608 3176 κείσεται
1671 3100 1817 3175 τῶν
1875 3101 1973 3179 εὶς
2038 3096 2263 3198 ἄκρον
2318 3098 2627 3177 ἐπαίνων
2684 3093 3037 3197 ἡκόντων.

632 3220 852 3301 αὑτὸν
916 3221 1061 3324 γὰρ
1125 3216 1322 3319 οἶμαι
1388 3224 1535 3301 δεῖν
1601 3220 1687 3299 οὗ
1760 3220 2066 3322 μετρίως
2136 3218 2658 3320 ἀποθαυμάσαι
2732 3220 3054 3321 λέγοντα

635 3345 864 3452 Δεῖξον
919 3349 1067 3450 ἡμῖν
1121 3344 1226 3425 τὶν
1284 3341 1560 3453 Πατέρα,
1622 3354 1741 3425 καὶ
1801 3348 1998 3451 ἀρκεῖ
2044 3347 2212 3451 ἡμῖν.
2311 3343 2558 3444 ὅμοιον
2611 3343 2756 3448 γὰρ
2821 3346 2921 3427 ὡς
2984 3347 3051 3422 εἰ

632 3468 775 3576 ἔφη
823 3466 1042 3574 τυχόν
1087 3467 1352 3568 Ποῖα-ης
1403 3466 1495 3548 ἀν
1542 3467 1718 3549 ε’ίσω
1775 3469 2115 3572 γενέσθαι
2169 3473 2298 3568 τῆς
2355 3469 2704 3568 θυμηδίας
2760 3470 3043 3567 ὁμολο·
3076 3502 3160 3565 ²5

631 3592 1014 3696 γήσαιμεν,
1052 3596 1169 3673 καὶ
1204 3592 1385 3694 πρὸς
1423 3591 1508 3671 τὸ
1553 3590 1732 3673 εἶναι
1779 3592 2145 3697 μακαρίως
2199 3594 2404 3673 οὐδέν
2440 3596 2600 3673 ἐστι
2652 3590 2736 3672 τὸ
2789 3599 3051 3671 λεῖπον

631 3715 1084 3822 ζητήσωμεν,
1124 3724 1183 3797 εἰ
1218 3720 1348 3816 τῆς
1384 3724 1514 3797 τοῦ
1547 3720 1744 3797 Θεοῦ
1791 3719 1911 3797 καὶ
1952 3715 2245 3820 Πατρὸς
2289 3716 2759 3824 ἀξιωθείημεν
2793 3724 3040 3797 πολυ·

295 3871 423 3931 '775
443 3871 529 3926 A.
572 3885 608 3926 a
631 3840 882 3922 εύκτου
916 3840 1083 3928 θέας
1118 3845 1237 3921 καὶ
1272 3841 1495 3921 αὐτοί.
1574 3843 1615 3921 ὁ
1654 3839 1732 3921 δὲ
1767 3839 2041 3926 παντὸς
2076 3843 2363 3942 προθεὶς
2412 3844 2693 3943 ἀγαθοῦ
2744 3842 2863 3920 καὶ
2912 3848 3047 3921 τοῦ

630 3968 1006 4050 δοκοῦντος
1049 3971 1146 4050 εἶς
1190 3965 1530 4062 εὐθυμίαν
1566 3972 1947 4046 συντελεῖν
1984 3962 2119 4064 τὴν
2155 3973 2284 4044 τοῦ
2327 3962 2619 4066 Πατρὸς
2658 3964 2848 4063 θέαν,
2886 3971 3044 4048 πῶς

630 4090 760 4170 οὐκ
807 4088 898 4170 ἀν
935 4091 1370 4193 ὁμολογοῖ-το
1417 4088 1689 4173 παντὸς
1742 4087 2088 4201 ὑπάρχειν
2124 4088 2327 4196 ἄξιος
2380 4089 2794 4189 θαύματος,
2854 4091 3043 4169 οὕτω
3072 4125 3151 4183 30

629 4210 763 4315 μὲν
800 4215 928 4295 οὖν
963 4214 1054 4295 τὰ
1105 4219 1180 4295 ἐν
1214 4221 1317 4324 τῷ
1365 4212 1810 4323 προκειμένῳ
1860 4211 2396 4319 διαληψόμεθα,
2434 4213 2756 4319 καθάπερ
2808 4210 3037 4314 οἶμαι,

702 4467 754 4525 7.
791 4450 1036 4525 θαύματι]
1062 4450 1142 4509 ἵσ.
1166 4453 1382 4523 θεάματι
1408 4450 1510 4507 Ed.
1538 4470 1652 4523 mg.
1869 4467 1955 4506 20.
1992 4451 2046 4506 τί
2069 4451 2135 4506 Ε.
2340 4450 2428 4507 26.
2466 4448 2852 4523 legendumne
2873 4471 3038 4520 μακα-

625 4576 808 4646 ρίουςί
915 4573 1060 4647 ἐστι]
1085 4596 1175 4647 γρ.
1200 4575 1277 4629 ἔτι
1302 4572 1406 4630 Ed.
1430 4591 1545 4643 mg.
1760 4588 1849 4642 30.
1885 4535 2194 4644 ὁμολογεῖτε)
2220 4571 2285 4629 Ε.
