3238 5158
229 343 343 411 viii.
365 364 598 433 44,45.
771 348 889 412 IN
950 348 1016 414 S.
1063 348 1576 415 JOANNEM.
1668 349 1860 415 LIB.
1893 350 2015 415 VI.
2474 350 2594 412 101

227 522 397 628 λαλῇ
430 513 502 594 τὶ
539 508 818 620 ψεῦδος,
858 515 938 595 ἐκ
981 513 1106 596 ταῖν
1144 511 1323 595 ἰδίων
1357 519 1592 596 λαλεῖ·
1660 514 1757 595 ’ὅτι
1806 509 2118 623 ψεύστης
2166 515 2331 610 ἐστὶ,
2375 510 2599 597 καθεὶς

228 644 333 717 καὶ
391 648 420 718 ὁ
477 636 702 748 πατὴρ
759 642 983 721 αὐτοῦ.
1073 636 1209 741 ἔγω
1271 635 1343 719 δὲ
1396 639 1492 719 ’ὅτι
1549 636 1659 733 τῗιν
1702 638 2013 735 ἀλήθειαν
2059 638 2246 742 λέγω
2306 643 2476 745 ὑμῖν,
2529 644 2599 719 οὐ

223 759 556 842 πιστεύετέ
579 798 717 867 μοι.
791 760 1047 858 βλέπει
1083 760 1213 862 μὲν
1246 764 1287 842 5
1337 771 1467 842 τοῦ
1518 760 1749 865 λόγου
1800 760 2078 847 σκοπὸς
2125 761 2308 866 πρὸς
2358 763 2485 841 τὸν
2521 764 2598 842 ἐν

218 882 405 992 με’σῳ
442 886 935 989 παροισθε’ντα
981 889 1098 966 καὶ
1151 886 1658 991 ὑποδειχθέντα
1707 893 1853 966 τῶν
1887 887 2251 967 Ἰουδαίων
2285 885 2591 988 πατέρα,

165 1012 389 1112 ὅφημὶ
442 1009 518 1089 δὲ
576 1009 705 1090 τὸν
760 1007 966 1107 Κοίῖν,
1024 1010 1537 1089 ἐκπλατύνεται
1594 1009 1671 1090 δὲ
1723 1009 1907 1113 πρὸς
1961 1008 2047 1090 τὸ
2101 1009 2589 1112 γενικώτερον.
2621 1039 2657 1083 e

216 1132 291 1210 οὐ
324 1131 462 1236 γὰρ
497 1132 711 1238 μέχρι
742 1140 888 1214 τῶν
923 1135 1187 1214 ἐκείνου
1220 1131 1509 1236 τρόπων
1545 1132 1678 1234 τὴν
1715 1140 1861 1214 τῶν
1898 1133 2307 1235 λεγομένων
2341 1133 2598 1232 ἵστησι

216 1254 518 1355 δύναμιν,
553 1259 965 1361 περιτίθησι
1003 1254 1076 1336 δὲ
1111 1263 1216 1364 τῷ
1254 1259 1404 1338 κατ’
1445 1259 1708 1337 ἐκεῖνον
1742 1259 1960 1337 παντὶ
2008 1255 2093 1337 τὸ
2145 1260 2240 1339 ὡς
2289 1258 2402 1362 ἐφ’
2442 1254 2599 1339 ἑνὸς

215 1383 430 1464 ἲδικῶς
484 1383 603 1462 ἐπὶ
657 1380 927 1466 παντὸς
982 1382 1229 1481 ὁμοίου
1283 1381 1521 1466 τιθείς.
1602 1380 1780 1460 ὅταν
1814 1379 1983 1483 γὰρ,
2025 1385 2277 1486 φησὶν,
2317 1380 2358 1458 5
2411 1378 2600 1458 Κάῖν

212 1500 356 1601 ἤτοι
404 1507 556 1585 κατ’
599 1508 862 1585 ἐκεῖνον
911 1505 1147 1608 ἕτερος
1193 1504 1526 1611 ψεύστης
1578 1509 1779 1610 λαλῇ
1827 1500 1913 1584 τὸ
1960 1507 2230 1610 ψεῦδος
2282 1503 2369 1606 ἐξ
2419 1504 2599 1586 ἰδίας

128 1648 194 1690 ¹0
213 1622 448 1731 ὥσπερ
510 1629 941 1731 συγγενείας
1001 1634 1239 1707 λαλεῖ.
1346 1623 1396 1707 ἃ
1460 1625 1602 1730 γὰρ
1666 1627 1810 1731 ἔχει
1872 1624 2126 1726 μαθὼν
2190 1624 2388 1729 παρὰ
2454 1631 2601 1709 τῶν

211 1749 631 1850 ἡγουμένων,
679 1754 793 1831 καὶ
847 1760 976 1832 τοῦ
1031 1756 1160 1851 τῆς
1215 1752 1463 1837 κακίας
1520 1749 1911 1835 δεδωκότος
1964 1749 2097 1850 τὴν
2140 1747 2394 1854 ἀρχὴν,
2439 1748 2601 1831 τινὰ

211 1873 520 1980 καθάπερ
573 1876 893 1982 φυσικὴν
941 1875 1472 1976 ἐπιτηδειότητα
1521 1875 1607 1955 τὸ
1656 1874 2063 1981 ψεύδεσθαι
2114 1872 2600 1974 ποιησάμενος

210 1995 325 2078 τὸν
379 2003 636 2080 ἑαυτοῦ
699 2006 1009 2099 μιμεῖται
1066 2000 1363 2102 πατέρα.
1470 2007 1694 2078 λαλεῖ
1748 1997 1892 2101 γὰρ
1955 1997 2040 2078 τὸ
2106 2002 2401 2103 ψεῦδος’
2481 1997 2598 2078 διὰ
2621 2037 2659 2078 a
2703 2023 2839 2079 564
2854 2022 2933 2076 A.

208 2131 428 2221 τοῦτο,
466 2129 727 2231 φησὶν,
763 2124 1050 2225 ἐπείπερ
1087 2125 1278 2232 αὐτῷ
1314 2128 1431 2203 καὶ
1471 2122 1983 2230 φιλοψεύστης
2031 2121 2283 2225 γε’γονε
2325 2120 2594 2225 πατὴρ,

127 2254 187 2315 ¹5
210 2244 443 2346 ἄγεται
488 2247 569 2327 δὲ
614 2246 862 2350 ὥσπερ
911 2250 1064 2327 τισὶ
1115 2254 1449 2353 φυσικοῖς
1499 2245 1638 2348 ἤδη
1689 2252 1984 2345 θεσμοῖς
2033 2252 2132 2330 εἷς
2180 2246 2602 2347 δυσγένειαν

207 2369 331 2468 τὴν
375 2369 753 2479 παππῴαν
799 2406 877 2451 τε
935 2374 1050 2451 καὶ
1104 2369 1481 2472 πατρικὴν,
1535 2374 1653 2451 καὶ
1708 2368 2001 2450 δεικνύει
2055 2368 2187 2469 μὲν
2242 2372 2319 2449 ἐν
2374 2371 2602 2477 ἐαυτῷ

208 2491 329 2593 τὴν
391 2495 678 2575 ἐκείνων
743 2493 1189 2599 φαυλότητα,
1252 2493 1838 2602 διαφανεστάτην
1902 2492 1978 2573 δὲ
2053 2491 2304 2598 ὥσπερ
2368 2490 2601 2573 εἶκόνα

208 2625 343 2697 τῶν
412 2621 616 2701 ἰδίων
686 2620 883 2719 ἠθῶν
950 2654 1029 2699 τε
1106 2622 1223 2698 καὶ
1296 2619 1584 2722 τρόπων
1657 2617 1790 2719 τὴν
1857 2621 1933 2698 ε’ν
1998 2624 2147 2702 τοῖς
2220 2616 2602 2721 προγόνοις

208 2745 605 2848 μοχθηρίαν
679 2740 1170 2843 πεποιημένος,
1244 2744 1542 2847 ἐπαυχεῖ
1605 2776 1751 2822 που
1821 2739 2112 2825 πάντως
2185 2748 2332 2825 τοῖς
2405 2741 2603 2823 ἰδίοις

123 2885 188 2927 ²0
207 2876 457 2953 κακοῖς.
543 2867 664 2948 ὅτε
715 2867 952 2947 τοίνυν
986 2867 1194 2947 ταῦθ’
1237 2870 1460 2950 οὕτως
1510 2866 1941 2962 συμβαίνειν
1977 2862 2155 2962 ἔθος,
2196 2866 2311 2943 καὶ
2361 2863 2406 2962 ἦ
2457 2869 2604 2942 τῶν

208 2992 513 3095 ἀρχαίων
579 2990 950 3098 φαυλότης
1013 2990 1593 3095 ἐγχαραττομένη
1660 2995 1809 3072 τοῖς
1872 2988 2259 3088 ὁμοηθέσιν
2322 2985 2605 3065 ἐκείνων

207 3115 450 3199 αὐτοὺς
501 3117 623 3196 καὶ
664 3117 926 3199 παῖδας
961 3112 1440 3217 ὀνομάζεσθαι
1473 3120 1680 3208 ποιεῖ,
1720 3113 1797 3191 τί
1838 3111 1922 3191 τὸ
1976 3110 2260 3190 κωλύον
2292 3110 2450 3188 ἐστὶ
2495 3105 2603 3202 τὴν
2627 3130 2671 3196 b

207 3237 509 3333 ἀλήθειαν
560 3237 854 3340 λέγοντι
907 3238 1032 3318 καί
1080 3272 1198 3343 μοι
1255 3236 1597 3318 πιστεύειν
1644 3239 1847 3334 ὑμᾶς,
1886 3234 1995 3315 ὅτι
2044 3233 2133 3334 δὴ
2183 3232 2471 3316 πάντως
2520 3231 2610 3339 ἐξ

207 3362 512 3460 ἀληθοῦς
572 3364 862 3469 πέφηνα
914 3359 1225 3464 Πατρὸς,
1273 3363 1390 3440 καὶ
1446 3360 1771 3462 καθάπερ
1825 3357 1964 3459 ἤδη
2018 3365 2362 3462 προεῖπον
2399 3366 2442 3404 “
2466 3358 2604 3436 Ἐκ
2692 3369 2883 3486 ἔξω,

126 3497 184 3556 ²5
209 3492 245 3529 ‘⁶
277 3493 401 3565 τοῦ
439 3492 639 3565 Θεοῦ
686 3485 999 3592 ἐξῆλθον
1039 3487 1158 3564 καὶ
1207 3484 1355 3585 ἥκω
1380 3485 1446 3581 ;”
1507 3489 1568 3562 εἰ
1619 3483 1764 3585 γὰρ
1815 3481 2164 3588 ψεύδεταί
2206 3515 2314 3564 τις
2364 3478 2603 3581 ἐπειδὴ
2786 3455 2850 3498 ’4
2890 3472 2904 3486 ’

206 3610 532 3712 ψεύστην
589 3608 733 3712 ἔχει
789 3606 917 3688 τὸν
970 3606 1267 3710 πατέρα,
1324 3610 1441 3687 καὶ
1496 3608 1583 3713 ἐξ
1646 3608 1822 3690 ἰδίας
1881 3604 2131 3707 ὥσπερ
2186 3606 2606 3706 συγγενείας

206 3732 455 3813 ἐκεῖθεν
506 3738 744 3830 λαλεῖ,
794 3737 949 3817 πῶς
1004 3732 1133 3811 οὐκ
1187 3734 1578 3832 ἀναγκαῖον
1629 3729 1937 3833 λέγοντα
1992 3725 2172 3827 κάμὲ
2228 3726 2364 3827 τὴν
2409 3727 2597 3829 α’λή·

207 3860 390 3936 θειαν
435 3860 761 3937 νοεῖσθαι
815 3854 902 3955 δὴ
953 3853 1242 3937 πάντως
1290 3853 1378 3961 ἐξ
1422 3858 1737 3954 ἀληθοῦς
1788 3857 2269 3955 γεγεννῆσθαι
2310 3851 2606 3955 Πατρὸς

209 3980 315 4055 καὶ
360 3981 468 4079 οὐ,
508 3977 833 4080 καθάπερ
888 3980 1083 4078 ὑμεῖς
1134 3983 1661 4074 δυσσεβοῦντες
1700 3974 2220 4075 ὑπετοπήσατε,
2258 3982 2403 4054 τῶν
2440 3977 2598 4055 ἐπι-

132 4125 190 4181 30
210 4104 406 4201 γείων
441 4100 639 4187 τινὸς
677 4103 755 4181 ἐκ
791 4104 1122 4206 πορνείας
1160 4103 1275 4181 καὶ
1313 4100 1627 4182 συνόδου
1666 4105 1793 4198 τῆς
1831 4101 1915 4178 οὐ
1950 4098 2133 4178 κατὰ
2173 4097 2437 4197 νόμον;
2626 4155 2664 4199 0

308 4226 686 4309 Τοιούτοις
735 4223 865 4325 μὲν
903 4226 1029 4306 οὖν
1065 4222 1399 4330 χρήσαιτ’
1441 4221 1529 4304 ἂν
1573 4222 1853 4328 ῥήμασι
1902 4220 2085 4325 πρὸς
2119 4224 2507 4306 Ἰουδαίους
2562 4224 2604 4301 5

213 4347 496 4454 Κύριος·
558 4348 801 4430 ἰστέον
845 4348 920 4428 δὲ
976 4349 1085 4429 ὅτι
1140 4351 1257 4429 ἐπὶ
1304 4346 1434 4449 μὲν
1476 4347 1875 4449 ἀνθρώπων
1918 4345 2144 4449 ἤγουν
2179 4345 2606 4445 πνευμάτων

276 4536 356 4573 11.
394 4520 628 4591 καθάπερ
651 4520 767 4573 τινὰ
788 4519 1002 4575 inverso
1027 4519 1215 4574 ordine
1238 4536 1289 4574 a.
1404 4529 1487 4584 15.
1521 4517 1735 4588 δεσμοῖς
1761 4516 1967 4588 Migne.
2078 4517 2164 4571 28.
2197 4513 2511 4587 γεγενῆσθαι
2537 4512 2603 4568 Β.

211 4602 288 4658 29.
326 4591 691 4660 ὖπετοπήσατε
718 4588 786 4645 Β.
812 4590 1176 4646 ὖπετοπάσατε
1204 4589 1386 4644 Holst.
1412 4587 1516 4643 Ed.
1660 4605 1749 4660 31.
1785 4585 2027 4660 χρήσαιτ’
2050 4586 2116 4642 Β.
2142 4586 2402 4658 χρῆσαιτο
2427 4582 2536 4640 Ed.
