3238 5158
169 349 270 391 xv.
302 347 401 414 19.
531 328 647 392 IN
702 318 775 394 S.
823 329 1336 396 JOANNEM.
1428 329 1618 396 LIB.
1668 330 1753 397 X.
1841 330 2047 397 CAP.
2094 329 2190 397 ΙΙ.
2432 330 2564 396 589

169 492 275 576 ὅτι
328 493 407 574 δὲ
458 496 566 575 ἐπ’
604 494 882 605 ὀλέθρῳ
935 501 1063 597 τῆς
1116 485 1387 578 ἑαυτῶν
1441 500 1767 606 κεφαλῆς
1821 502 1938 579 καὶ
1992 494 2210 578 αὐτὸν
2249 493 2559 597 μεμισή-

169 651 341 699 κασι
393 616 523 699 τὸν
560 618 911 723 Χριστὸν,
967 626 1034 701 οἱ
1086 619 1180 702 τά
1234 624 1310 702 ἐν
1364 621 1621 731 κόσμῳ
1683 628 1974 730 φρονεῖν
2029 621 2384 727 ᾑρημένοι,
2439 623 2559 701 καὶ

168 748 310 823 τῶν
379 743 725 848 οὐρανίων
788 744 1464 852 ὐπερφρονήσαντες
1523 750 1842 849 ἀγαθῶν,
1901 746 2029 826 οὐκ
2093 746 2306 849 ἔργον
2363 741 2560 844 οἶμαι

168 866 518 951 δεικνύειν.
619 869 762 977 ἔφη
818 867 960 974 γὰρ
1018 868 1231 955 αὐτος
1293 906 1369 952 εν
1421 878 1568 956 τοῖς
1626 872 2067 974 εὐαγγελίοις
2122 869 2303 974 πρός
2360 903 2557 953 τινας

105 1012 142 1076 5
169 999 211 1036 “
243 992 361 1072 Οὐ
408 992 782 1073 δύναται
750 1028 791 1073 ο
839 995 1116 1094 κόσμος
1162 1003 1400 1095 μισεῖν
1443 999 1646 1098 ὑμᾶς,
1689 994 1813 1096 ε’μὲ
1867 994 1946 1076 δε
1998 1002 2215 1095 μισεῖ,
2255 993 2366 1076 ὅτι
2413 993 2557 1097 ἐγὼ
2581 1026 2618 1071 e
2644 998 2813 1130 ξιῗΡῐῖ

166 1122 581 1220 “μαρτυρῶ
644 1120 808 1222 περὶ
871 1120 1090 1199 αὐτοῦ
1153 1117 1263 1200 ὅτι
1325 1118 1418 1201 τὰ
1481 1119 1660 1224 ἔργα
1712 1120 1932 1201 αὐτοῦ
1990 1118 2271 1223 πονηρά
2327 1121 2530 1201 εστι.’

163 1238 388 1320 τύπον
430 1242 558 1321 οὖν
598 1242 742 1345 ἀρα
793 1249 943 1328 τοῖς
997 1244 1225 1347 ἁγίοις
1279 1245 1725 1330 ἀποστόλοις
1777 1244 1871 1326 τὰ
1918 1244 2085 1326 καθ’
2123 1242 2376 1326 ἑαυτὸν
2423 1246 2588 1358 κάν,

163 1365 392 1474 τούτῳ
446 1364 535 1467 δὴ
589 1364 816 1448 πάλιν
868 1370 1232 1472 παραθεὶς,
1289 1375 1699 1475 ἱχνηλατεῖν
1753 1368 2021 1451 κελεύει
2077 1373 2197 1450 καὶ
2254 1365 2386 1469 τὴν
2442 1372 2557 1451 ἐπὶ

161 1488 434 1575 τούτοις
487 1490 676 1590 ὁδὸν,
725 1489 843 1572 ὅτε
899 1495 1017 1573 καὶ
1070 1492 1453 1598 διαῤῥήδην
1505 1490 1756 1596 ἐ’λεγεν
1803 1494 2098 1598 ἑτέρωθί
2145 1528 2272 1574 ποι
2324 1490 2556 1574 πάλιν

77 1641 140 1683 10
166 1623 208 1660 ‘⁶
246 1612 621 1719 Μακάριοί
675 1619 842 1696 ἐστε
906 1614 1082 1697 ὅταν
1135 1617 1496 1725 διώξωσιν
1550 1621 1733 1718 ὑμᾶς
1794 1621 1912 1699 καὶ
1967 1619 2379 1699 όνειδίσωσι
2433 1619 2552 1697 καὶ

164 1748 206 1790 “
240 1740 497 1821 εἴπωσι
550 1746 697 1820 πᾶν
748 1739 1067 1846 πονηρόν
1120 1744 1283 1822 καθ’
1339 1744 1537 1842 ὑμῶν
1583 1738 2013 1851 ψευδόμενοι
2066 1741 2297 1822 ἕνεκεν
2351 1744 2551 1841 ἐμοῦ·

165 1873 206 1913 “
238 1866 520 1973 χαίρετε
584 1867 702 1945 καὶ
773 1868 1256 1969 ἀγαλλιᾶσθε,
1312 1864 1422 1947 ὅτι
1488 1868 1529 1947 ό
1594 1866 1860 1965 μισθὸς
1927 1868 2126 1966 ὑμῶν
2187 1867 2420 1952 πολύς
2481 1868 2560 1948 ἕν

163 1998 206 2034 “
239 1996 389 2075 τοῖς
461 1991 806 2093 οὐρανοῖς·
896 1991 1082 2070 οὕτω
1146 1989 1291 2094 γὰρ
1354 1990 1657 2099 ἐδίωξαν
1717 1989 1885 2076 τούς
1946 1988 2330 2100 προφήτας
2392 1989 2559 2076 τούς

163 2122 206 2159 “
238 2112 386 2220 πρὸ
442 2112 710 2214 ὐμῶν.”

2646 1612 2898 1664 SMntth.

2647 1694 2698 1729 v.
2719 1692 2792 1741 11,
2815 1692 2895 1729 12.

2582 2244 2621 2285 a
2663 2228 2901 2290 897ss

77 2332 135 2394 15
167 2328 237 2397 Εἰ
289 2332 364 2399 ὲκ
416 2335 534 2400 τοῦ
584 2333 829 2412 κόσμου
879 2329 1015 2417 ἦτε,
1055 2334 1092 2403 ό
1142 2334 1380 2412 κόσμος
1435 2332 1515 2401 ἂν
1561 2335 1638 2402 τό
1691 2329 1858 2402 ἴδιον
1899 2334 2139 2422 ἐφίλει·
2200 2335 2300 2403 ὅτι
2355 2334 2429 2403 δὲ
2480 2335 2558 2403 ὲκ
2590 2351 2663 2411 19

258 2464 375 2525 τοῦ
451 2461 692 2538 κόσμου
762 2460 880 2526 οὐκ
949 2461 1119 2543 ἐστὲ,
1175 2461 1315 2527 ἀλλ’
1384 2461 1519 2539 ἐγὼ
1587 2461 1993 2539 ἐξελεξάμην
2064 2463 2231 2539 ὑμᾶς
2298 2463 2373 2528 ὲκ
2442 2466 2556 2530 τοῦ

260 2588 527 2668 κόσμου,
581 2587 687 2655 διὰ
741 2596 937 2656 τοῦτο
986 2587 1159 2668 μισεῖ
1212 2592 1379 2669 ὑμᾶς
1433 2592 1470 2660 ό
1524 2591 1785 2669 κόσμος.

268 2759 655 2870 Ἐλαφρὸν
689 2764 768 2843 ἐκ
804 2762 1060 2868 τέχνης
1096 2765 1214 2843 καὶ
1248 2759 1334 2842 τὸ
1369 2761 1663 2844 πάντων
1697 2760 1809 2841 ὅτι
1843 2758 2174 2862 μάλιστα
2207 2760 2565 2866 δυσαχθέ-

159 2919 461 2985 στατον,
515 2890 636 2967 καὶ
691 2890 802 2994 ἐφ’
862 2885 1057 2996 ᾧπερ
1120 2887 1211 2989 ἦν
1276 2885 1461 2972 εἰκός
1524 2888 1609 2967 οὐ
1675 2887 1975 2988 μετρίως
2042 2886 2559 2990 δυσχεραίνειν,

81 3032 135 3072 ²0
156 3006 590 3119 παραδόξως
662 3013 961 3114 ἥδεσθαι
1030 3019 1238 3093 ποιεῖ.
1348 3010 1694 3119 φορτικόν
1765 3009 1896 3110 μὲν
1960 3008 2106 3113 γὰρ
2181 3009 2404 3093 ὅντως
2477 3006 2564 3090 τὸ

156 3141 536 3232 μισεῖσθαι
578 3134 761 3241 πρός
794 3171 1030 3236 τινων,
1067 3134 1183 3218 διὰ
1217 3134 1310 3216 τὰ
1344 3138 1662 3216 ἐντεῦθεν
1699 3135 1860 3216 ἔσθ’
1900 3134 2021 3215 ὅτε
2057 3134 2566 3216 διεκκύπτοντα
2585 3155 2630 3220 b

155 3259 417 3362 βλάβη
481 3264 599 3340 καὶ
662 3259 1050 3362 ἀδοκήτους
1113 3258 1529 3361 ἐπιβουλὰς,
1578 3261 1750 3340 ἀλλ’
1803 3256 1937 3360 ἡδύ
1994 3261 2113 3340 καὶ
2173 3267 2387 3340 τοῦτο
2447 3258 2567 3339 διὰ

157 3382 376 3484 Θεὸν,
433 3388 553 3466 καὶ
606 3383 782 3468 ὅταν
834 3385 1205 3492 συμβαίνῃ
1267 3384 1354 3465 δι’
1388 3382 1803 3484 εὐσέβειαν,
1859 3382 2226 3492 ἀπόδειξιν
2278 3386 2566 3489 ἐναργε-

155 3509 445 3611 στάτην
498 3508 812 3618 εἰσφέρει
866 3517 995 3591 τοῦ
1046 3508 1149 3611 μὴ
1204 3506 1379 3590 εἶναι
1438 3506 1810 3610 κοσμικόν,
1869 3507 1997 3590 τὸν
2050 3510 2165 3615 ἐφ’
2225 3505 2420 3618 ᾧπερ
2476 3506 2569 3590 ἂν

95 3657 130 3718 5
154 3632 549 3737 πράττοιτο
601 3632 803 3739 παρά
853 3669 1087 3716 τινων.
1164 3630 1412 3738 ὥσπερ
1464 3631 1612 3738 γὰρ
1667 3633 2052 3734 σωμάτων,
2090 3636 2316 3719 οὕτως
2369 3632 2568 3735 οἶμαι

155 3761 274 3840 καὶ
312 3754 607 3862 τρόπων
641 3760 1061 3864 συγγενείας
1096 3756 1519 3864 εὑρήσομεν,
1556 3763 1673 3839 καὶ
1709 3764 1855 3840 τῶν
1889 3760 2076 3839 ε’θῶν
2111 3758 2158 3860 ἦ
2196 3756 2567 3860 ταυτότης,

157 3887 275 3963 καὶ
320 3884 368 3983 ἡ
420 3882 607 3965 κατὰ
651 3889 799 3965 πᾶν
835 3885 1069 3964 ὁτιοῦν
1109 3881 1457 3985 ὁμοιότης,
1495 3881 1632 3984 τὴν
1668 3882 1759 3990 ἐξ
1803 3883 2099 3984 αἵματος
2143 3883 2568 3988 ἀγχιστείαν

156 4008 600 4112 ὑποδραμεῖν
631 4005 861 4109 ἱκανή·
904 4018 946 4056 “
969 4012 1137 4089 Πᾶν
1172 4006 1317 4113 γὰρ
1351 4007 1608 4116 ζῷον’
1564 4014 1871 4111 αγαπῶν
1906 4041 1993 4088 το
1952 4041 2279 4107 οομοιον
2307 4008 2562 4116 αὐτῷ,”
2651 4009 2876 4140 ἓξὲξ·

153 4130 345 4212 κατὰ
390 4131 476 4213 τὸ
520 4131 1034 4236 γεγραμμένον,
1071 4141 1117 4180 “
1142 4167 1258 4213 και
1307 4138 1412 4241 τῷ
1463 4133 1684 4241 ὁμοίῳ
1732 4133 1951 4212 αὐτοῦ
1999 4129 2566 4237 προσκολληθή-

90 4265 200 4334 0“
235 4290 459 4338 σεται
524 4255 755 4361 ἀνήρ·’
873 4260 1002 4357 τῆς
1074 4256 1150 4338 δε
1224 4257 1599 4359 όμοηθείας
1672 4254 2010 4357 δηλονότι
2084 4290 2213 4337 τον
2277 4260 2404 4356 τῆς
2468 4261 2566 4341 εἷς
2588 4301 2625 4345 ο

152 4379 539 4483 ἀλλήλους
593 4379 879 4484 ἀγάπης
932 4380 1371 4482 ἀνανεούσης
1427 4378 1669 4483 νόμον,
1713 4377 1917 4483 ἅγιος
1969 4379 2099 4481 μὲν
2149 4381 2334 4489 ἀγίῳ
2386 4413 2567 4460 συν-

912 4603 996 4658 19.
1029 4582 1171 4659 ᾇπερ
1196 4586 1262 4643 Ε.
1289 4585 1392 4643 Ed.
1421 4603 1533 4659 mg.
1557 4585 1689 4659 ὅπερ
1715 4584 1818 4642 Ed.
