3238 5158
575 286 706 352 376
1183 286 1260 352 Β.
1310 285 1730 352 OYRILLI
1790 286 2373 353 ALEXANDR.
2578 287 2714 354 xiii.
2740 307 2854 374 31,
2878 304 3010 373 32.

580 450 715 552 τὴν
768 453 992 535 οὕτως
1045 448 1345 533 ἀνόσιον
1398 452 1576 532 ἱέναι
1627 451 1918 559 πρᾶξιν,
1977 450 2223 537 δεδιὼς
2277 449 2465 533 κατά
2518 485 2603 555 γε
2658 449 2746 531 τὸ
2802 446 3013 558 εξκός

584 573 766 675 ὁμοῦ
818 580 910 682 τῇ
966 576 1414 680 μεταγνώσει
1467 580 1584 656 καὶ
1638 575 1773 677 τὴν
1817 579 1897 656 ἐκ
1947 580 2075 676 τῆς
2125 577 2461 677 εὐλογίας
2516 574 2841 674 δύναμιν,
2884 572 3010 674 μὴ

586 698 729 801 ἄρα
782 733 939 783 πως
994 701 1071 778 ἐν
1106 706 1198 805 τῇ
1248 708 1378 781 τοῦ
1429 699 1818 802 ἀνθρώπου
1866 699 2124 807 καρδίᾳ
2179 698 2422 805 φωτὸς
2470 698 3011 804 ἀναλάμψασα

584 822 810 921 δίκην,
875 823 1354 927 ἀγαθουργεῖν
1425 823 1780 929 ἀναπείσῃ
1850 824 2295 925 προελέσθαι
2366 829 2661 923 μᾶλλον
2733 818 3003 920 αὐτὸν,

586 943 813 1045 ἤγουν
871 945 957 1026 τὸ
1017 946 1359 1054 φρόνημα
1422 944 1509 1028 τὸ
1569 943 1881 1050 γνήσιον
1937 946 2203 1052 ἐντέκῃ,
2260 953 2364 1054 τῷ
2426 948 2547 1027 καὶ
2597 948 3011 1050 προδοῦναι
3040 960 3086 1023 5

589 1068 850 1149 λοιπὸν
894 1071 1514 1180 ἀναπεπεισμένῳ.

691 1191 870 1273 ‘'O‘n
918 1192 1063 1297 γὰρ
1115 1195 1275 1279 ἔθος
1327 1203 1541 1275 τοῦτο
1587 1192 1929 1299 πράττειν
1964 1197 2070 1276 ἀεὶ
2108 1193 2273 1275 καθ’
2313 1193 2516 1295 ἡμῶν
2549 1198 2652 1301 τῷ
2688 1193 3009 1292 δαίμονι,

536 1352 571 1397 e
593 1320 711 1396 καὶ
747 1313 865 1397 διὰ
902 1324 1048 1397 τῶν
1081 1321 1156 1399 ἐν
1191 1317 1397 1427 τύπω
1438 1316 1845 1421 γεγονότων
1881 1315 2336 1421 γνωσόμεθα.
2416 1316 2810 1416 ἐποιήσατο
2858 1312 3010 1416 μὲν

592 1438 736 1544 γὰρ
775 1438 914 1521 ὑπὸ
951 1448 1156 1546 χεῖρα
1189 1441 1354 1527 τοὺς
1379 1441 1768 1525 Ἰουδαίους
1802 1442 1843 1521 ὃ
1881 1440 2152 1546 Φαραὼ
2189 1441 2340 1521 κατ’
2371 1439 2746 1543 Αἶγύπτον
2780 1437 3009 1523 ὄντας

591 1565 721 1663 ἔτι,
781 1573 998 1673 πηλῷ
1057 1565 1134 1646 δὲ
1196 1569 1313 1647 καὶ
1373 1565 1714 1672 πλινθείᾳ
1776 1567 1894 1646 καὶ
1952 1574 2109 1651 ταῖς
2165 1571 2312 1646 τῶν
2366 1566 2598 1668 ἔργων
2651 1561 3008 1665 ἀνάγκαις
3042 1588 3131 1629 ¹0

594 1690 1256 1794 ἐγκατατρύχεσθαι
1316 1696 1588 1793 πικρῶς
1650 1687 1993 1796 ἐπιτάξας
2056 1688 2332 1788 αὐτοὺς,
2387 1685 2638 1769 οὐδένα
2699 1720 2778 1767 τε
2838 1693 3009 1771 ταῖς

594 1810 777 1916 πρὸς
813 1812 1006 1893 Θεὸν
1043 1812 1359 1898 ἱκετείαις
1400 1813 1632 1893 ἐδίδου
1675 1811 1944 1916 καιρόν.
2025 1815 2141 1894 καὶ
2191 1821 2369 1916 γοῦν
2405 1809 2588 1915 πρὸς
2636 1809 2804 1895 τοὺς
2849 1816 3009 1891 τῶν

261 1939 426 1990 3¹⁰⁶·
441 1954 492 1991 v.
595 1936 828 2040 ἔργων
864 1934 1253 2021 ἐπιστάτας
1282 1947 1326 1985 “
1350 1935 1814 2041 Βαρυνέσθω,
1839 1937 2050 2042 φησὶ,
2076 1934 2169 2016 τὰ
2203 1935 2382 2038 ἔργα
2415 1940 2563 2015 τῶν
2598 1932 3008 2038 ἀνθρώπων

599 2071 644 2110 “
679 2057 977 2158 τούτων,
1035 2063 1155 2140 καὶ
1225 2058 1328 2161 μὴ
1400 2058 1958 2164 μεριμνάτωσαν
2029 2056 2277 2162 λόγοις
2349 2055 2633 2142 κενοῖς·”
2731 2055 3010 2160 λόγους

597 2181 842 2268 κενοὺς
894 2183 1260 2287 ὀνομάζων
1309 2182 1442 2285 τὴν
1485 2189 1582 2269 εἷς
1634 2182 2011 2288 ἐλευθέραν
2052 2181 2202 2289 ἕξιν
2245 2179 2656 2285 ἀναδρομὴν
2699 2184 2817 2261 καὶ
2864 2179 3008 2281 τὴν
3043 2210 3122 2272 15

267 2327 403 2385 744
420 2325 500 2382 Δ.
541 2340 578 2380 ιι
601 2307 719 2387 ἐπὶ
789 2306 1021 2415 τούτῳ
1094 2305 1441 2412 διάπυρον
1512 2307 1912 2405 ἐπιθυμίαν,
1972 2308 2091 2387 καὶ
2161 2305 2288 2387 τὸν
2360 2308 2475 2386 ἐπὶ
2546 2309 2638 2411 τῇ
2710 2307 3009 2413 δουλείᾳ

597 2434 887 2534 θρῆνον,
926 2433 1043 2512 καὶ
1087 2430 1222 2533 τὴν
1256 2434 1370 2514 ἐπὶ
1420 2438 1567 2513 τῶν
1602 2431 2029 2511 καλλίστων
2064 2427 2504 2536 προσευχήν.
2585 2429 2714 2510 οὐκ
2759 2428 3009 2530 ἠγνόει

600 2554 743 2661 γὰρ
818 2553 937 2637 διὰ
1008 2559 1137 2657 τῆς
1209 2557 1286 2637 ἐν
1359 2554 1638 2640 τούτοις
1710 2558 1997 2660 σχολῆς
2072 2555 2157 2635 οὐ
2228 2550 2493 2658 μικρὰν
2562 2552 3009 2658 εὖρήσοντας

601 2679 875 2780 ὄνησιν.
974 2681 1120 2761 ἀπο
1194 2679 1283 2782 δὴ
1355 2686 1501 2760 τῶν
1575 2677 1825 2760 τύπων
1894 2680 2011 2760 ἐπὶ
2083 2675 2215 2778 τὴν
2274 2683 2421 2757 τῶν
2491 2676 3009 2781 ἀληθεστέρων

605 2803 1084 2907 θεωρημάτων
1156 2802 1380 2887 ἰόντες
1451 2803 1861 2905 ἐπίγνωσιν,
1926 2801 2438 2904 κατεπείγοντα
2506 2800 2805 2907 σφόδρα
2873 2835 3008 2883 τον
3036 2835 3115 2877 20

603 2933 933 3008 σατανᾶν
994 2925 1394 3030 εὑρήσομεν
1456 2925 1640 3029 πρὸς
1701 2925 1787 3005 τὸ
1850 2929 2114 3030 χρῆναι
2174 2923 2514 3028 πράττειν
2569 2922 2662 3005 τὰ
2722 2923 3010 3028 πονηρὲ

603 3052 771 3138 τοὺς
803 3052 976 3133 ε’ίσω
1010 3048 1372 3134 πεσόντας
1406 3055 1553 3130 τῶν
1585 3049 1755 3152 παρ’
1797 3050 2015 3130 αὐτοῦ
2054 3049 2377 3146 δικτύων,
2416 3051 2533 3129 καὶ
2583 3050 3008 3152 ὁλοκλήρως

603 3174 743 3278 ἤδη
780 3172 1340 3280 κεκρατημένους
1377 3176 1477 3259 εἷς
1513 3170 1910 3275 ὑπουργίαν
1945 3177 2092 3252 τῶν
2127 3170 2586 3275 ἀρεσκόντων
2619 3173 2835 3280 αὐτῷ.

504 3455 573 3513 3¹
594 3442 758 3511 Ὀτε
826 3439 940 3510 οὖν
1007 3444 1263 3524 ἐξῆλθε,
1324 3444 1495 3519 λέπει
1566 3443 1603 3511 ὁ
1665 3443 1916 3510 Ἰησοῦς
1989 3442 2111 3529 Νῦν
2180 3441 2509 3513 ἐδοξάσθη
2579 3443 2617 3513 ὃ
2688 3439 2828 3509 uide
2895 3447 3010 3509 τοῦ

505 3515 583 3680 3ξ
710 3566 1085 3657 ἀνθρώπου,
1130 3565 1232 3633 καὶ
1276 3568 1314 3637 ὁ
1359 3567 1529 3634 Θεὸς
1578 3567 1904 3638 ἐδοξάσθη
1949 3567 2021 3633 ἐν
2068 3567 2265 3651 αὐτῷ.
2344 3568 2453 3634 καί
2494 3568 2693 3635 αὐτὸς
2744 3567 3005 3638 δοξάσει
3039 3590 3108 3651 25

710 3693 908 3760 αὐτὸν
958 3693 1030 3760 ἐν
1083 3693 1320 3778 ἑαυτῷ,
1371 3691 1472 3759 καὶ
1526 3693 1718 3761 εὐθὺς
1770 3693 2034 3763 δοξάσει
2088 3693 2310 3760 αὐτόν.

701 3861 997 3971 Ἔξεισι
1033 3865 1165 3964 μὲν
1200 3866 1240 3946 ὁ
1277 3863 1636 3969 προδότης
1668 3872 1818 3951 τοῖς
1852 3873 1981 3947 τοῦ
2017 3863 2369 3961 διαβόλου
2402 3864 3007 3969 στρατηγήμασιν

605 3985 1107 4090 ὑπηρετήσων·
1186 3988 1482 4095 ἄρχεται
1537 3990 1612 4070 δὲ
1669 3998 1797 4070 τοῦ
1852 3988 2083 4093 λόγου
2137 3987 2487 4093 Χριστὸς,
2541 3988 2673 4069 οὐκ
2730 3993 2828 4073 εἶς
2884 3987 3008 4074 τὰς

602 4107 897 4191 πάντων
934 4110 1154 4198 ἀκοὰς
1204 4110 1297 4193 τὰ
1345 4110 1589 4213 μόνοις
1640 4110 2010 4214 πρέποντα
2059 4119 2209 4196 τοῖς
2256 4113 2583 4215 γνησίοις
2620 4117 3007 4192 λαλεῖσθαι

270 4241 517 4359 §iffiffgfssh-
607 4237 754 4313 δεῖν
788 4236 884 4318 ὡς
938 4236 1015 4315 ἐν
1058 4235 1263 4343 τύπῳ
1312 4239 1432 4317 καὶ
1481 4234 1601 4315 διὰ
1650 4234 1908 4317 τούτου
1955 4236 2341 4317 διδάσκων.
2423 4235 2508 4315 οὐ
2554 4233 2702 4338 γὰρ
2744 4235 3005 4317 διδόναι
3030 4264 3104 4325 3ο

609 4443 1006 4588 2514ἇυζιέ]οῗ.
1020 4444 1121 4571 §.a
1147 4443 2062 4588 etbelgmlwmafflva
2084 4444 2357 4517 ἐπιθυμίαν
2380 4445 2464 4502 καὶ
2487 4453 2830 4518 assumptum
2855 4462 2922 4501 ex
2945 4444 3005 4502 Ε.
