3238 5158
586 350 715 412 150
1187 351 1269 416 B.
1316 347 1742 415 CYRILLI
1801 346 2379 414 ALEXANDR.
2813 341 2900 405 1¹·
2929 357 2992 424 3·

586 517 776 593 θεῖον
812 513 1137 595 ἀνάττειν
1182 522 1606 615 τολμῶντας
1657 512 2202 617 θυσιαστήριον,
2241 515 2358 593 καὶ
2401 509 2703 617 βεβήλῳ
2747 543 2824 588 τε
2876 508 2996 586 καὶ

587 638 848 745 ἀνοσίᾳ
886 641 1067 744 χειρὶ
1101 643 1231 739 τῆς
1269 643 1625 738 μυστικῆς
1661 639 1994 742 εὐλογίας
2032 633 2516 740 ἐπιθιγγάνειν
2539 631 2748 714 “Διὰ
2782 641 2997 712 τοῦτο

589 773 633 812 “
669 764 745 843 ἐν
813 766 977 862 ὑμῖν
1038 767 1310 845 πολλοὶ
1384 769 1710 850 ἀσθενεῖς
1784 765 1901 844 καὶ
1975 763 2359 868 ἅρῥωστοι,
2426 764 2542 841 καὶ
2615 764 2999 856 κοιμῶνται

522 893 566 958 d
589 897 636 934 ‘⁶
672 888 924 967 ἱκανοί.
1036 893 1095 968 εἶ
1168 887 1312 992 γὰρ
1377 887 1668 972 ἑαυτοὺς
1738 889 2127 991 ἐκρίνομεν,
2195 888 2323 966 οὐκ
2397 884 2487 965 ἂν
2548 880 2992 988 ἐκρινόμεθα·

591 1021 635 1060 “
672 1009 1072 1114 κρινόμενοι
1133 1011 1208 1093 δὲ
1270 1012 1409 1094 ὑπὸ
1471 1013 1744 1115 Κυρίου
1806 1011 2304 1112 παιδευόμεθα,
2361 1011 2477 1090 ἵνα
2533 1008 2634 1108 μὴ
2697 1006 2838 1087 σὺν
2890 1010 2996 1114 τῷ
3025 1026 3062 1087 5

589 1144 636 1185 “
671 1133 928 1244 κόσμῳ
975 1140 1577 1242 κατακριθῶμεν.”
1636 1135 1830 1217 ὥστε
1878 1145 2027 1222 τοῖς
2076 1134 2605 1240 ἀῤῥωστήσασι
2656 1136 2769 1212 καὶ
2822 1138 2989 1212 τεθ-

591 1266 851 1340 νεῶσιν
907 1259 1071 1341 ἔσθ’
1131 1261 1248 1342 ὅτε
1316 1260 1434 1341 διὰ
1499 1263 1693 1345 θείας
1759 1262 1981 1409 ὀργῆς
2042 1256 2494 1359 ἐπενήνεκται
2558 1259 2642 1339 τὸ
2711 1265 2989 1339 παθεῖν.

591 1383 795 1464 ἀλλὰ
843 1418 960 1465 και
1009 1385 1223 1471 αὐτος
1273 1388 1313 1466 ὃ
1358 1384 1624 1490 Κύριος
1678 1386 1881 1485 ἡμῶν
1914 1386 2279 1485 Ἰησοῦς
2248 1419 2288 1462 ο
2328 1383 2749 1484 Χριστὸς,”
2709 1416 2826 1462 οτε
2868 1416 3000 1462 τον

589 1507 903 1611 πάρετον
938 1514 1065 1609 τῆς
1100 1517 1378 1615 μακρᾶς
1429 1509 1755 1590 ἀπέλυσε
1807 1507 2053 1606 νόσου,
2091 1514 2208 1588 καὶ
2259 1507 2690 1615 παραδόξως
2737 1507 3000 1614 ἔδειξεν

254 1618 484 1745 ffnffrav
596 1636 762 1737 ὑγιᾶ
798 1644 842 1682 “
866 1631 1041 1733 Ἴδε,
1082 1637 1404 1741 φησιν,“
1368 1633 1574 1737 υγιὴς
1622 1633 1951 1736 γέγονας·
2012 1632 2263 1733 μηκέτι
2312 1632 2703 1736 αμάρτανε,
2745 1633 2862 1712 ἵνα
2896 1630 2998 1732 μὴ
3031 1662 3111 1705 10

593 1769 638 1807 ‘⁶
676 1759 915 1862 χεῖρόν
941 1792 1065 1838 σοι
1101 1759 1432 1861 γε’νηταιῖ
1504 1762 1600 1843 ὡς
1638 1758 2101 1863 ἐνδεχομένου
2137 1755 2282 1859 γὰρ
2318 1761 2436 1858 καὶ
2471 1758 3001 1856 συμβαίνοντος

534 1915 570 1958 e
595 1890 724 1961 τοῦ
790 1883 907 1961 καὶ
971 1885 1046 1961 ἐν
1112 1882 1432 1986 χείροσιν
1494 1880 1713 1962 αὐτον
1776 1880 2114 1984 γενέσθω
2180 1880 2267 1961 δι’
2336 1882 2707 1984 ἁμαρτίας,
2773 1888 2832 1962 εἰ
2896 1877 2999 1981 μὴ

598 2005 1033 2114 φυλάξαιτο,
1092 2003 1466 2112 διαφυγων
1522 2005 1729 2114 ἅπαξ
1782 2040 1899 2086 και
1954 2006 2564 2105 ἀνασεσωσμένος
2616 2003 2856 2111 χάριτι
2907 2010 3000 2110 τῇ

594 2130 762 2234 παρ’
805 2130 1045 2229 αὐτοῦ,
1080 2131 1171 2210 τὰ
1225 2129 1520 2210 τοιαῦτά
1569 2135 1827 2236 φησιν.
1910 2132 2079 2209 ἀλλ’
2120 2129 2299 2214 ἴσως
2347 2129 2574 2237 ταύτῃ
2622 2131 2753 2230 μὲν
2801 2134 2994 2234 εἰρῆ-

597 2260 775 2335 σθαι
831 2261 1075 2338 καλῶς
1128 2253 1734 2359 συγχωρήσομεν·
1812 2261 1958 2339 τοῖς
2007 2251 2085 2334 δὲ
2135 2257 2213 2335 ἐκ
2261 2253 2711 2358 σπαργάνων
2754 2257 2871 2334 καὶ
2920 2255 3000 2333 ἐκ
3033 2279 3109 2341 15

595 2379 904 2483 πρώτων
946 2383 1074 2474 τῆς
1124 2377 1472 2483 γενέσεως
1521 2375 1804 2484 χρόνων
1851 2376 2256 2460 πεπονθόσι
2303 2413 2373 2458 τι
2420 2385 2566 2458 τῶν
2601 2381 2996 2480 ἀπευκτῶν,

596 2505 714 2584 καὶ
764 2509 911 2589 τοῖς
961 2501 1332 2604 νοσήμασι
1384 2510 2032 2609 συναποτεχθεῖσιν
2069 2505 2146 2583 ἐκ
2193 2502 2487 2605 μήτρας,
2526 2511 2733 2584 ποῖον
2770 2503 2861 2584 ἄν
2896 2538 3005 2591 τις

596 2626 1011 2734 ἐφαρμόσαι
1055 2626 1306 2732 λόγον,
1343 2630 1426 2709 οὐ
1469 2628 1722 2736 ῥᾴδιον
1758 2633 2094 2710 συνιδεῖν.
2170 2635 2490 2732 προεῖναι
2525 2626 2659 2726 μὲν
2694 2626 2838 2732 γὰρ
2872 2626 3007 2728 τὴν

599 2751 850 2858 ψυχὴν
910 2753 992 2832 οὐ
1058 2754 1514 2852 πιστεύομεν,
1580 2755 1751 2832 ἀλλ’
1823 2751 1984 2832 οὐδὲ
2049 2750 2194 2855 πρὸ
2260 2751 2601 2850 σώματος
2665 2753 3007 2855 ἁμαρτεῖν

602 2876 1021 2979 οἰησόμεθα·
1101 2883 1256 2961 πῶς
1310 2877 1454 2981 γὰρ
1507 2874 1597 2957 ἂν
1648 2879 1766 2956 καὶ
1820 2873 2128 2978 ἁμάρτοι
2183 2874 2268 2956 τὸ
2324 2876 2758 2975 κεκλημένον
2806 2878 3007 2956 οὔπω
3035 2913 3116 2953 20

269 3029 406 3085 598
429 3027 508 3082 A.
544 3040 580 3080 a
600 3001 782 3107 πρὸς
818 3003 1150 3105 γένεσινς
1209 3001 1557 3105 ἁμαρτίας
1597 3001 1672 3081 δὲ
1711 3002 1839 3080 οὐκ
1875 3002 2123 3100 οὔσης,
2160 3002 2331 3081 ἀλλ’
2372 3000 2533 3080 οὐδὲ
2568 3009 2697 3081 τοῦ
2731 3000 3011 3086 πάθους

599 3125 1204 3231 προηγησαμένου
1239 3127 1719 3226 πταίσματος,
1758 3126 1919 3204 τίνα
1962 3124 2223 3206 λοιπὸν
2258 3128 2553 3228 ἐροῦμεν
2588 3132 2718 3205 τοῦ
2754 3132 3011 3206 παθεῖν

256 647 278 682 1
298 634 411 683 Gor.
426 632 496 682 xi.

253 712 430 763 30-32.

599 3250 734 3351 τὴν
771 3249 1199 3355 πρόφασιν;
1261 3252 1430 3330 ἀλλ’
1472 3248 1674 3329 ἔστιν
1710 3248 1978 3329 ἀθέατα
2012 3256 2387 3334 παντελῶς
2435 3255 2591 3334 ταῖς
2644 3247 3012 3352 ἡμετέραις

603 3374 945 3456 διανοίαις
980 3373 1072 3452 τὰ
1105 3372 1302 3454 πολὺ
1339 3376 1506 3453 λίαν
1544 3373 1721 3476 ὑπὲρ
1759 3375 1962 3471 ἡμᾶς,
1999 3376 2116 3453 καὶ
2165 3371 2250 3453 τὸ
2300 3376 2463 3476 περὶ
2506 3373 2783 3453 τούτων
2819 3371 3013 3457 ὅλως

604 3498 947 3595 ἐθελῆσαι
984 3496 1213 3599 ζητεῖν
1248 3497 1873 3597 συμβουλεύσαιμ’
1916 3494 2007 3577 ἂν
2044 3497 2274 3601 ἔγωγε
2313 3502 2818 3600 παραιτεῖσθαι
2863 3503 3012 3581 τοῖς
3038 3534 3118 3594 25

266 3635 459 3685 Sir-¹11·
606 3620 977 3727 σώφροσι,
1017 3623 1133 3701 καὶ
1169 3621 1315 3725 πρό
1353 3657 1435 3723 γε
1471 3620 1767 3703 πάντων
1802 3623 2107 3729 ἐμαυτῷ.
2188 3620 2329 3726 χρὴ
2380 3620 2525 3726 γὰρ
2576 3626 3013 3702 διανοεῖσθαι

441 3737 454 3751 ’
603 3751 898 3844 μᾶλλον
943 3741 992 3824 ἃ
1045 3744 1670 3849 προστετάγμεθα,
1718 3749 1833 3826 καὶ
1887 3745 2251 3849 βαθύτερα
2299 3743 2432 3843 μὲν
2474 3743 2576 3846 μὴ
2629 3743 3006 3852 ἐξετάζειν,

608 3870 1081 3973 χαλεπώτερα
1132 3869 1207 3950 δὲ
1254 3869 1356 3971 μὴ
1409 3870 1659 3974 ζητεῖν,
1696 3870 1876 3972 μηδὲ
1914 3871 2322 3974 ἀνορύττειν
2358 3876 2746 3973 πειρᾶσθαι
2780 3873 3009 3977 ῥιψο-

608 3991 946 4078 κινδύνως
1017 3991 1109 4075 τὰ
1181 3994 1709 4099 ἐγκεκρυμμένα
1781 3992 1965 4101 μόνῃ
2045 3999 2134 4099 τῇ
2213 3993 2371 4101 θείᾳ
2449 3996 2567 4074 καὶ
2650 3990 3015 4102 ἀφράστῳ

604 4124 865 4224 βουλῇ,
928 4118 1324 4223 ἐπιτρέπειν
1388 4117 1465 4199 δὲ
1528 4126 1824 4221 μᾶλλον
1889 4121 2210 4216 εὐσεβῶς
2272 4118 2524 4198 εἰδέναι
2587 4117 2786 4225 μόνῳ
2850 4121 3018 4225 Θεῷ
3046 4156 3128 4213 30

685 4404 732 4443 1.
756 4389 992 4444 ἆνάττειν
1022 4388 1089 4444 Β.
1119 4389 1293 4445 ἄνατα
1331 4390 1512 4446 Holst.
1545 4391 1753 4446 ἀναθεῖν
1786 4389 2093 4446 emendavit
2130 4400 2190 4445 ut
2224 4389 2449 4445 adnotat
2482 4389 2600 4460 ipse
2636 4388 2783 4444 Aah.
2821 4386 3022 4443 desunt

606 4459 776 4514 haec
762 4477 819 4514 111
843 4478 893 4517 a.
1087 4478 1141 4532 9.
1175 4462 1401 4532 πάρετον
1429 4463 1494 4517 Β.
1525 4463 1624 4517 Ht.
1649 4463 1949 4533 παράλυτον
1976 4462 2123 4518 Aub.
2322 4477 2404 4517 10.
2440 4460 2592 4532 υγίαν
2619 4460 2683 4514 Β.
2709 4458 3021 4514 emendavit

612 4530 713 4586 Ht.
1026 4548 1111 4588 11.
1146 4531 1351 4605 χεῖρόν]
1386 4539 1444 4596 -Ι-·
1473 4555 1525 4588 τι
1550 4533 1698 4588 Aub.
2014 4550 2101 4588 22.
2136 4533 2465 4601 πταίσματος
2488 4539 2831 4602 assumptum
2858 4548 2925 4585 ex
2952 4529 3021 4586 B.

609 4618 698 4669 24.
734 4601 931 4660 τούτων
954 4601 1241 4658 emendant
1269 4604 1366 4659 Ht.
1397 4603 1596 4675 Heyse.
1624 4607 1811 4659 τοῦτον
1837 4604 1902 4660 Β.
1928 4626 2115 4659 τουτου
2138 4603 2286 4659 Aub.
