3238 5158
316 677 403 727 Pa.

314 741 565 792 cxviii-11.

320 1435 399 1484 Ib.
423 1447 532 1498 140.

651 269 783 333 564
1258 266 1338 331 B.
1384 264 1814 331 CYRILLI
1873 263 2463 332 ALEXANDR.
2747 359 2768 369 ,
2906 282 3027 323 xv.
3057 277 3107 340 7.

655 430 1010 535 καύχημα.
1107 432 1149 510 ὁ
1205 432 1351 535 γὰρ
1404 440 1723 516 τοιοῦτος
1777 435 1895 512 καὶ
1949 434 2025 512 ε’ν
2073 436 2379 538 Χριστῷ
2431 430 2659 528 μένει,
2719 431 2850 506 καὶ
2913 427 3107 531 ἔχων

653 554 1061 661 ὀφθήσεται
1113 589 1278 641 τους
1333 555 1598 659 λόγους
1655 559 1894 654 αὑτοῦ,
1943 555 2128 635 κατὰ
2177 554 2262 634 τὸ
2307 559 2386 635 ἐν
2427 555 2688 660 βίβλῳ
2751 557 3103 657 ψαλμῶν

655 680 1017 783 ειρημένον
1072 684 1168 765 ὡς
1225 714 1410 782 προς
1467 679 1656 761 Θεόν
1713 694 1755 728 “
1784 683 1916 761 Ἐν
1970 687 2061 784 τῇ
2116 682 2371 787 καρδία
2423 714 2570 779 μου
2628 678 2946 782 ἔκρυψα
3011 673 3099 753 τὰ

586 805 631 870 d
656 816 701 852 ‘⁶
738 802 954 907 λόγια
990 838 1152 901 σου,
1192 803 1386 888 ὅπως
1423 802 1514 884 ἂν
1548 803 1652 905 μὴ
1704 803 2000 907 ἁμάρτω
2038 805 2200 885 σοι.’
2276 801 2529 904 ὥσπερ
2561 800 2719 904 γὰρ
2760 802 2832 879 εἴ
2859 835 2990 881 τις
3025 801 3097 877 ἐν

653 928 863 1031 ἄγγει
900 935 1156 1034 χαλκῷ
1192 928 1414 1029 πυρὸς
1451 928 1795 1010 ἀπόθοιτο
1832 928 2147 1032 σπέρμα,
2184 928 2470 1011 πάντως
2507 926 2754 1024 δήπου
2791 960 2924 1004 και
2963 927 3091 1022 τῆς
3111 949 3139 1004 5

653 1053 823 1156 παρ’
885 1055 1102 1132 αὑτοῦ
1175 1049 1606 1155 θερμότητος
1683 1050 2109 1161 ἀποτελέσει
2177 1053 2507 1157 μέτοχον,
2566 1054 2806 1133 οὕτως
2891 1051 2940 1128 ὁ
3015 1052 3088 1127 ἐν

656 1182 865 1283 ψυχῇ
920 1210 998 1256 τε
1054 1180 1171 1256 καὶ
1227 1178 1482 1282 καρδίᾳ
1534 1173 1665 1256 τὸν
1720 1176 1909 1257 θεῖόν
1954 1211 2031 1255 τε
2087 1179 2203 1256 καὶ
2257 1174 2586 1277 οὐράνιον
2637 1174 2882 1274 λόγον
2932 1180 3082 1252 δια-

657 1299 975 1405 κατέχων
1013 1310 1196 1400 νοῦς,
1234 1298 1323 1380 δι’
1360 1302 1676 1406 ἐφέσεως·
1731 1305 1859 1399 τῆς
1906 1306 2003 1386 εἷς
2055 1299 2350 1381 ἅπασαν
2395 1297 2680 1402 ἀρετὴν,
2721 1302 2834 1378 ἀεὶ
2893 1297 3074 1399 πρὸς

656 1433 869 1506 τοῦτο
906 1424 992 1505 δι’
1032 1427 1250 1505 αὐτοῦ
1285 1426 1753 1527 θερμαίνεται.
1829 1425 2232 1526 γέγραπται
2275 1425 2417 1526 γάρ
2453 1433 2499 1469 “
2527 1424 3073 1522 Πεπυρωμένον

658 1560 700 1598 “
738 1546 822 1631 τὸ
899 1548 1150 1651 λόγιόν
1215 1584 1359 1630 σου
1433 1547 1758 1655 σφόδρα,
1828 1553 1944 1629 καὶ
2016 1552 2057 1629 ὁ
2129 1549 2386 1632 δοῦλός
2456 1582 2602 1628 σου
2678 1547 3067 1648 ἠγάπησεν
3093 1578 3140 1617 1⁶

656 1687 701 1723 ‘⁶
735 1673 976 1757 αὖτό.”
3171 1685 3172 1688 “

769 1800 868 1879 O
905 1801 1164 1897 τοίνυν,
1205 1799 1414 1902 φησὶ,
1462 1798 1934 1900 καταστήσας
1985 1803 2062 1880 ἐν
2106 1800 2378 1908 τούτοις
2429 1835 2522 1879 τα
2569 1800 2742 1879 καθ’
2782 1798 3058 1894 ἑαιπον,

599 1954 637 1997 e
660 1928 777 2004 καὶ
820 1929 918 2008 εἷς
965 1932 1177 2004 τοῦτο
1221 1923 1481 2004 λοιπον
1519 1923 1973 2075 καυχήματος
2025 1923 2510 2025 ἀναβεβηκὼς,
2550 1927 2649 2007 ὡς
2693 1926 2758 2004 ἐν
2801 1928 2958 2029 ἐμοι
2997 1958 3061 2002 τε

657 2046 888 2146 μένειν
926 2045 1163 2146 αὑτὸν,
1197 2047 1383 2155 ἔχειν
1416 2082 1492 2128 τε
1529 2050 1697 2152 παρ’
1738 2050 1965 2157 ἑαυτῷ
1999 2046 2163 2132 τοὺς
2193 2047 2403 2147 ἐμοὺς
2457 2047 2751 2149 λόγους,
2791 2052 3058 2128 ἀνυπο·

658 2167 946 2256 στόλως
1000 2173 1353 2275 προσίτω,
1408 2175 1526 2252 καὶ
1581 2207 1759 2276 οπερ
1814 2172 1903 2252 ἂν
1957 2172 2088 2277 ἔχῃ
2140 2171 2323 2276 πρὸς
2384 2171 2647 2272 ἡδονὴν
2702 2174 3060 2279 ἐξαιτείτω
3085 2203 3130 2258 ¹3

655 2294 820 2376 τότε
875 2293 1018 2375 σὺν
1064 2298 1439 2403 παῤῥησίᾳ
1486 2302 1762 2402 πολλῇ,
1802 2300 1916 2376 καὶ
1970 2305 2406 2397 μελλησμοῦ
2453 2298 2622 2401 δίχα
2673 2295 3059 2397 δοθήσεται

656 2420 871 2527 αὐτῷ·
953 2420 1369 2500 κατανεύσω
1425 2419 1571 2521 γάρ
1626 2427 1884 2524 φησιν.
1983 2417 2093 2523 ἆρ’
2147 2421 2275 2500 οὖν
2329 2421 2395 2500 εἴ
2440 2455 2548 2504 τις
2601 2417 2744 2499 κᾶν
2799 2456 2872 2500 τι
2927 2427 3060 2500 τῶν

658 2542 966 2650 φαύλων
1035 2549 1222 2648 αἰτῇ,
1281 2542 1825 2648 προαλέστερον
1894 2543 2238 2652 λήψεται,
2316 2547 2432 2626 καὶ
2502 2544 2784 2625 τούτων
2863 2545 3058 2625 ἔσται

658 2667 1025 2766 διανομεὺς
1081 2669 1121 2747 ὁ
1178 2666 1619 2775 φιλάρετος;
1705 2669 1941 2770 ἄπαγε
2005 2674 2133 2769 τῆς
2193 2671 2636 2765 δυσβουλίας
2698 2668 3052 2771 ἄνθρωπε.
3171 2772 3172 2789 ¹

658 2792 929 2898 ἀπηχὲς
981 2791 1123 2895 γὰρ
1173 2790 1375 2872 οὐδὲν
1413 2790 1458 2894 ἢ
1510 2800 1657 2872 τῶν
1695 2791 1884 2878 ὅλως
1935 2794 2567 2898 κατηγορουμένων
2601 2793 2711 2874 ἐπ’
2755 2794 3053 2898 αἰσχρό-
3075 2831 3122 2870 se
3171 2794 3172 2829 ³

327 2937 459 2996 8¹79
484 2935 562 2991 Δ.
600 2949 818 3016 οτητι
863 2915 1261 3021 χορηγήσει
1307 2917 1520 3000 Gedr-
1582 2920 1804 2997 ἐκεῖνο
1855 2916 1930 2997 δὲ
1976 2924 2270 3016 μᾶλλον
2307 2921 2638 3017 ἐννοῆσαι
2685 2919 3054 3019 πρεπωδέ-

658 3069 946 3141 στερον·
1013 3038 1057 3140 ἢ
1107 3039 1253 3143 γὰρ
1306 3042 1434 3120 οὐκ
1487 3040 1693 3120 ἔσται
1745 3040 2015 3120 δίκαιόν
2051 3077 2127 3122 τε
2177 3046 2294 3122 καὶ
2331 3045 2561 3145 ὀρθῶς
2597 3042 2822 3147 ἕχον,
2887 3047 2982 3127 ὥς
3022 3044 3054 3121 ὁ

656 3163 886 3263 μένων
941 3168 1017 3245 ἐν
1062 3170 1388 3274 Χριστῷ,
1436 3169 1553 3244 καὶ
1611 3164 1797 3270 ἔχων
1852 3169 1927 3246 ἐν
1983 3170 2209 3275 ἑαυτῷ
2265 3165 2429 3251 τοὺς
2484 3167 2752 3268 λόγους
2812 3170 3048 3265 αὐτοῦ,

656 3287 1028 3391 πρόδηλον
1085 3287 1195 3370 ὅτι
1245 3287 1368 3368 ἅτε
1421 3292 1537 3369 καὶ
1602 3287 1877 3388 ἀγαθὸς
1936 3289 2035 3370 ὧν
2091 3294 2206 3371 καὶ
2263 3290 2564 3391 ἐπιεικὴς
2624 3289 2819 3388 μόνα
2883 3302 3051 3400 φρο-

659 3419 802 3493 νεῖν
838 3412 1103 3514 ἔγνωκε
1151 3410 1243 3494 τὰ
1290 3417 1457 3519 Θεῷ
1509 3412 2042 3516 θυμηρέστατα.
2120 3422 2269 3498 τοῖς
2316 3413 2459 3518 γὰρ
2509 3416 2585 3494 ἐν
2621 3417 2884 3521 καρδίᾳ
2937 3415 3053 3496 τὸν
3071 3448 3120 3507 25

658 3543 848 3616 θεῖον
908 3534 1157 3640 ἔχουσι
1222 3535 1472 3637 λόγον,
1527 3535 1712 3638 ἅπερ
1778 3537 1866 3617 ἂν
1929 3538 2315 3635 βούλοιντο
2377 3538 2830 3639 καθηκόντως
2895 3541 3042 3621 ἐπέ-

659 3664 928 3765 τρεψεν
1002 3665 1242 3758 αἰτεῖν,
1316 3662 1445 3740 οὐκ
1527 3662 1898 3764 ἀγνοήσας
1972 3669 2465 3761 πνευματικῶν
2541 3664 2879 3762 δηλονότι
2947 3668 3052 3743 καὶ

659 3785 868 3864 θείων
924 3782 1216 3887 ἀγαθῶν
1272 3786 1596 3887 ὀρεκτιᾶν
1652 3792 1781 3886 τῆς
1843 3788 2218 3894 μεθέξεως·
2307 3789 2738 3890 ὁρισαμένου
2803 3788 2882 3868 δὲ
2947 3787 3050 3868 διὰ

592 3920 635 3987 b
658 3907 931 3987 τούτων
967 3909 1044 3988 εὖ
1076 3907 1281 4007 μάλα
1330 3918 1458 3989 τοῦ
1499 3915 1835 4015 Σωτῆρος
1883 3913 2082 4012 ἡμῶν
2119 3918 2471 4015 Χριστοῦ,
2508 3912 2614 3998 τίς
2661 3946 2739 3991 τε
2791 3914 2898 4014 εἴη
2945 3916 3050 3993 καὶ

728 4176 834 4230 4-9
857 4159 1024 4214 citant
1049 4159 1275 4214 Niketas
1301 4168 1591 4233 catenaque
1615 4162 1757 4216 alia'
1744 4181 1798 4216 m
1831 4162 1920 4219 Pe.
1939 4163 2117 4218 cxviii.
2601 4177 2655 4233 5.
2656 4163 2888 4250 adwn'q»
2911 4165 3042 4221 Catt.

747 4251 805 4284 τε
831 4229 1007 4303 prius]
1034 4254 1096 4302 γε
1123 4231 1241 4285 Cat.
1267 4231 1446 4285 altera.
1522 4232 1794 4287 Neutrum
1819 4234 1981 4288 habet
2008 4234 2138 4288 Nik.
2343 4254 2395 4307 9.
2433 4232 2496 4288 δι’
2521 4234 2681 4287 αὐτοῦ
2704 4234 3041 4307 θερμαίνεται]

657 4243 1068 4369 Ζιαθερμαίνεται
1096 4301 1226 4356 Nik.
1254 4300 1319 4356 δι’
1346 4302 1504 4357 αυτοῦ
1529 4304 1622 4372 θερ
1698 4304 1791 4358 ι’νει
1819 4304 1940 4360 Cat.
1963 4306 2057 4361 alt.
2477 4305 2563 4359 28.
2600 4304 2630 4357 ὀ
2630 4308 2839 4374 pem-162·
2865 4307 2921 4360 F.
2947 4308 3042 4363 Ed.

656 4388 768 4455 mg.
794 4371 1028 4442 ὀρεκτιὰν
1063 4390 1111 4427 c.
1147 4371 1382 4442 ὄρεκτῖαν
1417 4374 1481 4428 Ε.
1518 4326 1936 4445 untssucspeaen'av
1972 4374 2076 4431 Ed.
2194 4374 2386 4430 Statim
2423 4375 2516 4444 τὴν
2552 4327 2766 4445 μέθεξιν
2799 4394 2848 4431 c.
2886 4377 3037 4433 Cord-

655 4440 689 4483 ὦ
789 4457 818 4482 C

656 4493 935 4587 ὁρωμένου
960 4488 1085 4563 (litt.
1112 4510 1380 4566 suprascr.
1406 4512 1569 4551 manu
1604 4495 1747 4565 ead.)
1777 4496 1844 4550 E.
2062 4513 2148 4569 29.
2183 4495 2378 4553 τούτων
2401 4496 2466 4552 Ε.
2490 4494 2676 4551 τούτου
2704 4494 2812 4550 Ed.
