3238 5158
598 261 730 328 492
1205 262 1285 328 B.
1330 262 1751 328 CYRILLI
1810 260 2395 328 ALEXANDR.
2749 253 2892 318 xiv.
2923 269 3047 316 21.

601 428 736 533 οὐχ
789 427 1049 530 ἑτέροις
1102 429 1293 507 ἑλεῖν
1346 427 1481 528 τὴν
1535 429 1761 512 οὕτως
1816 427 2258 532 ἀσύγκριτον
2306 423 2599 532 ἐξέσται
2652 418 2904 526 χάριν,
2979 419 3051 496 εἶ

601 551 703 652 μὴ
777 557 925 635 τοῖς
1000 551 1268 654 ἀριστα
1334 551 1587 655 διαζῆν
1649 552 2034 651 ἑλομένοις·
2116 552 2311 632 οὗτοι
2373 545 2517 652 γὰρ
2579 544 2674 625 ἂν
2740 540 2890 622 εἷεν
2969 545 3051 620 οἱ

603 679 1020 779 ἀγαπῶντες
1075 674 1313 756 αὐτόν.
1413 682 1474 755 εἶ
1536 673 1682 779 γὰρ
1745 679 1862 756 καὶ
1925 675 2018 756 τὰ
2075 674 2370 757 πάντων
2423 670 2645 777 τυχὸν
2701 666 3050 770 διεγεῖρῃ

273 824 402 880 827
419 822 499 879 A.
545 837 579 875 a
604 801 914 896 σώματα
970 797 1321 903 Χριστὸς,
1378 799 1922 901 ἀναστήσονται
1978 799 2126 905 γὰρ
2182 801 2478 902 πονηροὶ
2538 797 2657 877 καὶ
2713 797 3043 895 ἀγαθοὶ,

604 924 775 1003 ἀλλ’
839 925 973 1028 οὐχ
1048 921 1326 1004 ἅπασιν
1400 923 1822 1028 ἀδιακρίτως
1893 923 2076 1028 πρὸς
2147 921 2372 1031 δόξαν
2444 921 2491 1023 ἢ
2566 917 2860 1024 τρυφὴν
2945 914 3046 995 τὸ
3071 930 3112 991 5

607 1049 1000 1141 ἀναβιῶναι
1062 1045 1471 1147 δοθήσεται.
1570 1046 1947 1151 πρόδηλον
2003 1046 2149 1152 γὰρ
2220 1046 2331 1127 ὅτι
2404 1051 2470 1126 οὶ
2529 1042 2662 1144 μὲν
2723 1044 2852 1122 ἐπὶ
2923 1045 3050 1147 τῷ

606 1170 1040 1274 κολάζεσθαι
1083 1168 1305 1268 μόνον
1344 1169 1697 1268 λαβόντες
1747 1170 1880 1274 τὴν
1914 1172 2346 1270 ἀνάστασιν,
2383 1165 2694 1251 θανάτου
2738 1161 3045 1247 παντὸς

607 1295 1103 1398 ἀπηνεστέραν
1139 1295 1390 1403 ἕξουσι
1425 1293 1559 1394 τὴν
1597 1295 1805 1400 ζωὴν,
1842 1300 1910 1375 οὶ
1956 1294 2030 1376 δὲ
2078 1292 2393 1399 μακροὺς
2428 1295 2503 1373 ἐν
2539 1286 3043 1392 μακαριότητι

606 1421 974 1525 τρίβοντες
1033 1419 1356 1526 χρόνους,
1409 1418 1760 1522 ζήσουσιν
1816 1419 2038 1506 ὅντως
2097 1419 2229 1523 τὴν
2281 1422 2358 1499 ἐν
2399 1420 2707 1522 Χριστῷ
2769 1413 3033 1494 πολύ-

609 1544 858 1626 ευκτόν
906 1579 985 1625 τε
1044 1547 1161 1625 καὶ
1215 1542 1431 1646 ἁγίαν
1485 1541 1698 1646 ζωήν.
1786 1543 1896 1624 ὅτι
1948 1543 2093 1649 γὰρ
2149 1549 2216 1625 οἱ
2269 1540 2403 1645 τὴν
2449 1542 2566 1621 ἐπὶ
2619 1544 2726 1645 τῷ
2783 1534 3030 1617 κολά-
3065 1570 3128 1611 10

611 1666 863 1770 ζεσθαι
943 1672 1205 1775 ψῆφον
1279 1668 1836 1772 ἀποκομίζεσθαι
1920 1669 2317 1769 μέλλοντες
2395 1662 2597 1770 παρὰ
2675 1667 3038 1765 Χριστοῦ

613 1790 796 1872 κατὰ
851 1789 978 1873 τᾶν
1026 1791 1273 1897 καιρὸν
1318 1795 1447 1892 τῆς
1503 1794 1829 1896 κρίσεως,
1866 1795 2205 1895 ἄγευστοι
2253 1798 2550 1893 μενοῦσι
2596 1790 2726 1887 τῆς
2776 1820 3031 1885 μακα-

544 1936 587 2000 b
614 1916 771 2018 ρίας
808 1914 1009 2018 ζωῆς,
1048 1918 1275 1995 καίτοι
1321 1916 1559 1997 κοινὸν
1595 1925 1745 2002 τοῖς
1800 1918 2029 2020 ἁγίοις
2080 1914 2164 1997 τὸ
2201 1921 2592 2012 ἀναβιῶναι
2626 1908 3027 2014 λαχόντες,

274 2024 453 2153 ἓξΡζέ
613 2043 1033 2141 παραδηλοῖ
1088 2041 1329 2142 λέγων
1388 2050 1433 2087 “
1467 2041 1566 2120 Ο
1624 2040 1988 2121 πιστεύων
2043 2047 2141 2127 εἷς
2203 2074 2331 2121 τον
2383 2037 2565 2119 Υἱὸν
2624 2034 2773 2140 ἔχει
2838 2032 3032 2139 ζωὴν

615 2162 1005 2244 “αἶῶνιον·
1067 2199 1107 2243 ο
1147 2163 1223 2244 δὲ
1260 2167 1575 2244 ἀπειθῶν
1608 2169 1712 2274 τῷ
1745 2171 1903 2274 Υἱῷ
1947 2167 2073 2246 οὐκ
2123 2164 2385 2272 ὄψεται
2432 2160 2564 2263 τὴν
2600 2157 2811 2263 ζωὴν,
2851 2160 3027 2238 ἀλλ’
3054 2184 3112 2245 ¹5

615 2287 740 2386 “ἦ
779 2285 961 2389 ὀργὴ
998 2296 1127 2368 τοῦ
1165 2292 1358 2368 Θεοῦ
1394 2295 1592 2386 μενεῖ
1624 2286 1733 2370 ἐπ’
1772 2289 2034 2371 αὐτόν.’
2109 2289 2324 2373 σύνες
2358 2285 2502 2391 γὰρ
2540 2320 2756 2382 οπως,
2795 2286 3028 2363 καίτοι

610 2409 906 2494 πάντων
949 2418 1285 2515 πονηρῶν
1331 2447 1409 2492 τε
1464 2415 1582 2493 καὶ
1639 2414 1936 2516 ἀγαθῶν
1985 2411 2536 2514 ἀναστήσεσθαι
2580 2412 3024 2513 προσδοκω-

610 2537 864 2638 με’νων,
921 2534 1085 2620 τοὺς
1147 2534 1436 2643 ἐνόχους
1498 2544 1647 2623 τοῖς
1714 2542 1843 2639 τῆς
1917 2538 2274 2625 ἀπειθείας
2346 2535 2807 2640 ἐγκλήμασιν
2868 2529 3028 2614 οὐδὲ

616 2696 797 2742 οσον
855 2662 1277 2765 ἀπαθρῆσαι
1330 2660 1555 2762 μόνον
1610 2667 1801 2770 φησὶ
1859 2660 1993 2764 τὴν
2046 2662 2253 2767 ζωὴν,
2306 2660 2493 2767 ζωὴν
2547 2657 2727 2741 εἶναι
2784 2659 3030 2761 λεγων

615 2786 775 2891 οὐχὶ
837 2785 1124 2870 πάντως
1186 2785 1271 2866 τὸ
1335 2789 1736 2888 ἀναστῆναι
1788 2787 2031 2886 μόνον,
2088 2788 2262 2868 ἀλλ’
2319 2787 2588 2886 ἐκείνην
2642 2780 2847 2884 οἶμαι
2911 2784 3030 2863 καὶ
3052 2815 3111 2856 20

616 2911 823 3010 μάλα
895 2910 1180 2994 εἰκότως
1252 2908 1385 3011 τὴν
1449 2914 1525 2992 ἐν
1588 2912 1995 2993 ἀναπαύσει
2071 2914 2189 2993 καὶ
2254 2911 2434 3018 δόξῃ
2497 2913 2616 2991 καὶ
2682 2914 3024 3012 τρυφαῖς,

561 3075 598 3120 ο
617 3042 1124 3134 πνευματικαῖς
1209 3034 1314 3116 δὲ·
1366 3034 1704 3136 δηλονότι
1782 3040 1901 3118 καὶ
1974 3039 2110 3143 οὐχ
2183 3035 2475 3141 ἑτέραις.
2589 3039 2877 3142 τρυφῆς
2953 3031 3030 3116 δὲ

619 3158 886 3262 τρόπος
942 3158 1438 3260 πνευματικὸς,
1494 3161 1539 3261 ἡ
1598 3162 1839 3241 τελεία
1894 3167 2055 3264 περὶ
2112 3166 2305 3242 Θεοῦ
2364 3167 2637 3264 γνῶσις
2703 3163 2824 3239 καὶ
2887 3166 3032 3240 τῶν

619 3285 734 3364 ἐπὶ
809 3287 1114 3392 Χριστῷ
1186 3286 1606 3389 μυστηρίων
1680 3286 1726 3386 ἦ
1802 3284 2102 3389 ἀκριβὴς
2182 3284 2669 3392 ἀποκάλυψις,
2747 3284 2883 3364 οὐκ
2956 3287 3032 3364 ἐν

620 3405 956 3515 ἐσόπτρῳ
991 3408 1218 3489 πάλιν
1256 3413 1374 3490 καὶ
1411 3412 1485 3491 ἐν
1522 3408 1922 3512 αἰνίγμασι,
1961 3410 2287 3514 καθάπερ
2337 3415 2456 3490 καὶ
2507 3418 2634 3489 νῦν
2670 3407 3032 3510 ἀμυδροὺς
3053 3432 3116 3493 ³5

622 3531 790 3630 ἡμῖν
856 3537 1003 3610 τῶν
1063 3529 1504 3633 ζητουμένων
1564 3532 1730 3618 τοὺς
1793 3538 2251 3638 χαρακτῆρας
2322 3533 2802 3641 ἐμφαίνουσα,
2858 3531 3028 3613 ἀλλ’

626 3653 767 3754 ὅλη
824 3660 1154 3757 καθαρῶς
1208 3658 1284 3735 ἐν
1338 3656 1506 3754 ἡμῖν
1562 3658 2074 3764 διαφαινομένη
2128 3693 2205 3738 τε
2262 3662 2381 3740 καὶ
2435 3656 2862 3756 λάμπουσα,
2919 3660 3030 3737 καὶ

626 3777 1080 3880 τελειοτάτην
1148 3781 1548 3876 ἐμποιοῦσα
1619 3779 1754 3881 τὴν
1820 3782 2116 3874 εἴδησιν·
2183 3793 2228 3831 “
2257 3782 2342 3863 τὸ
2415 3780 2564 3885 γὰρ
2625 3783 2705 3861 ἐκ
2774 3780 3031 3885 μέρους

629 3913 673 3950 “
709 3899 1395 4006 καταργηθήσεται,”
1421 3902 1602 3984 κατὰ
1639 3905 1772 4005 τὴν
1808 3914 1936 3987 τοῦ
1977 3905 2282 3989 Παύλου
2317 3904 2590 4013 φωνήν.

558 4041 604 4107 d
706 4025 1097 4109 Διδάσκων
1118 4036 1499 4132 τοιγαροῦν
1521 4029 1708 4128 ἡμᾶς
1737 4031 1776 4109 ὁ
1804 4032 2070 4135 Κύριος
2093 4030 2592 4131 ἡμῶνἸησ-οῦς
2619 4030 2660 4107 ὁ
2682 4026 3030 4133 Χριστὸς,
3051 4057 3108 4118 30

628 4150 739 4231 ὅτι
787 4159 935 4236 τοῖς
984 4153 1275 4255 ἀγαπᾶν
1324 4153 1686 4253 ἑλομένοις
1742 4153 1960 4235 αὑτὸν
1997 4158 2116 4235 καὶ
2169 4162 2318 4241 τοῖς
2372 4160 2517 4234 τῶν
2555 4154 2768 4235 θείων
2817 4155 3031 4235 αὐτοῦ

624 4276 1105 4377 κηρυγμάτων
1140 4274 1472 4381 ἐργάταις
1527 4278 1570 4378 ἡ
1618 4282 1748 4377 τῆς
1799 4279 2334 4388 ἀποκαλύψεως
2385 4277 2815 4381 ὑπόσχεσις,
2853 4311 3023 4381 πρε-

698 4445 751 4500 3.
789 4430 1028 4501 διεγείρει
1053 4430 1119 4485 Ε.
1615 4429 1668 4486 6.
1704 4434 1778 4504 τῷ
1804 4430 1870 4486 Ε.
1895 4433 1955 4486 τὸ
1980 4431 2085 4486 Ed.
2596 4446 2683 4499 14.
2717 4431 2750 4484 ὁ
2774 4428 2945 4503 λέγων
2965 4429 3028 4486 E.

631 4500 1023 4572 25.α1νι’γμασι
1055 4501 1120 4559 Ε.
1144 4501 1404 4573 αἷνίγματι
1431 4500 1537 4560 Ed.
1751 4519 1840 4573 30.
1878 4503 2109 4559 διδάσκω
2136 4503 2203 4560 Ε.

295 3787 316 3822 1
337 3773 451 3824 Cor.

288 3841 394 3891 xiii.
414 3852 490 3890 10.
