3238 5158
623 329 712 393 84
1230 328 1310 392 Β.
1359 327 1776 393 CYRILLI
1835 327 2410 394 ALEXANDR.
2762 328 2896 392 viii.
2920 346 3026 410 42.

622 496 891 573 ἑαυτῶν
948 491 1475 599 ἐξοπλίζεσθαι,
1531 493 1904 599 μάχεσθαί
1961 529 2037 574 τε
2102 502 2208 602 τῷ
2275 495 2427 601 ἰδίῳ
2494 490 2844 592 θελήματι
2911 495 3024 569 καὶ

626 615 1049 721 καυχήματι,
1094 621 1221 715 τῆς
1276 623 1421 696 τῶν
1474 616 1802 719 πατέρων
1858 618 2205 719 εὐγενείας
2261 617 2388 698 τὸν
2430 614 2741 720 Ἰσραὴλ
2797 617 3026 693 ἀλλο-

628 750 1006 845 τριοῦντες,
1043 739 1456 844 συντρέχειν
1490 775 1564 820 τε
1615 738 1735 820 διὰ
1783 740 2039 822 τούτου
2092 739 2352 822 λοιπὸν
2387 748 2544 823 ταῖς
2585 748 2714 819 τοῦ
2759 738 3025 841 Κυρίου

629 873 923 972 φωναῖς.
1003 863 1289 960 βλάβος
1346 873 1726 969 τοιγαροῦν
1779 867 2223 971 ἐκτρέχοντες
2277 863 2364 946 τὸ
2419 867 2737 944 ἐντεῦθεν
2788 863 3024 945 αὐτοῖς

627 989 1080 1096 ἀναφύεσθαι
1119 994 1391 1086 δοκοῦν,
1431 990 1661 1068 οὐκέτι
1697 991 1829 1089 μὲν
1863 992 2209 1091 λέγουσιν
2234 990 2424 1071 Ἕνα
2459 989 2735 1092 πατέρα
2770 987 3025 1093 ἔχομεν
3052 1014 3087 1076 5

626 1112 755 1193 τὸν
788 1111 1152 1216 Ἀβραὰμ,
1190 1112 1678 1218 ἐπιγράφουσι
1717 1114 1792 1193 δὲ
1828 1121 2121 1212 μᾶλλον
2155 1117 2426 1199 ἑαυτοῖς
2466 1114 2579 1195 ἕνα,
2617 1111 2889 1216 πατέρα.
2923 1113 3026 1192 τὶν

571 1254 605 1296 ⁰
630 1242 813 1337 Θεὶν,
850 1246 1004 1323 ταῖς
1040 1243 1137 1323 εἰς
1175 1238 1538 1340 λοιδορίας
1586 1237 2189 1343 σφαλερωτάταις
2235 1239 2519 1338 ἡδοναῖς
2570 1233 3020 1337 καταθελγό-

627 1396 827 1461 μενοι
899 1363 1166 1461 μόναις,
1233 1363 1349 1441 ἵνα
1422 1365 1541 1441 καὶ
1609 1362 1885 1465 μείζοσι
1959 1362 2435 1464 περιπταίωσι
2507 1368 2664 1445 ταῖς
2736 1361 3019 1456 αἰτίαις,

624 1487 1055 1583 δυσσεβείας
1109 1485 1240 1584 μὲν
1287 1483 1580 1586 ἀπάσης
1636 1485 1833 1570 ὄντες
1888 1487 2205 1588 ἐργάται,
2253 1490 2329 1566 ἐν
2376 1485 2650 1588 πατρὸς
2698 1484 2776 1565 δὲ
2824 1483 3027 1592 τάξει

623 1619 880 1709 λαβεῖν
916 1608 1422 1714 θαρσήσαντες
1460 1609 1588 1690 τὸν
1627 1607 1924 1711 ἀπάσης
1959 1613 2389 1705 δυσσεβείας
2427 1610 2706 1717 ἐχθρόν.
3057 1639 3130 1680 10

527 1847 601 1901 4²
659 1830 855 1902 Εἶπεν
909 1831 1131 1902 αὐτοῖς
1184 1836 1221 1900 ὃ
1265 1834 1515 1900 Ἰησοῦς
1573 1831 1645 1900 Εἰ
1700 1835 1735 1900 ὀ
1793 1834 1961 1902 Θεὸς
2014 1835 2232 1926 πατὴρ
2287 1823 2467 1912 ὑμῶν
2522 1830 2649 1915 εἴη,
2705 1835 3002 1910 strand-re

880 1961 959 2027 ἂν
1013 1961 1150 2038 ἐμὲ·
1225 1961 1358 2034 {rob
1411 1960 1533 2049 Γάρ
1587 1960 1661 2025 ἐκ
1716 1965 1828 2026 τοῦ
1879 1961 2048 2027 Θεοῦ
2097 1962 2377 2030 ἐξῆλθον
2434 1962 2538 2025 καί
2596 1963 2758 2024 ἥκω.

738 2128 899 2206 Οὐκ
951 2129 1226 2228 ἀναιρεῖ
1268 2122 1342 2204 δὲ
1396 2124 1512 2204 διὰ
1560 2124 1836 2204 τούτων
1874 2128 1913 2204 ὁ
1957 2126 2222 2228 Κύριος
2272 2124 2356 2204 τὸ
2407 2126 2676 2231 ἐξεῖναί
2714 2159 2866 2204 τισι
2910 2128 3028 2204 καὶ

559 2267 603 2331 d
625 2253 700 2331 ἐν
756 2255 926 2333 υἱοῖς
983 2248 1554 2329 κατατάττεσθαι
1611 2254 1824 2345 Θεοῦ,
1879 2249 2168 2329 δεικνύει
2226 2248 2301 2329 δὲ
2354 2256 2648 2348 μᾶλλον
2702 2250 2897 2328 τίσιν
2937 2247 3029 2328 ἂν

623 2374 883 2476 πρέποι
933 2371 1017 2452 τὸ
1068 2372 1422 2477 καύχημα,
1463 2374 1577 2451 καὶ
1631 2371 1742 2452 ὅτι
1793 2380 2085 2469 μᾶλλον
2124 2374 2348 2475 ἁγίοις
2385 2372 2787 2479 ἐνυπάρχον
2823 2376 3018 2475 εὑρε-
3059 2411 3132 2471 15

624 2497 949 2598 θήσεται.
1053 2494 1399 2602 διελέγχει
1469 2495 1544 2575 δὲ
1609 2502 1903 2595 μᾶλλον
1969 2497 2413 2604 ἀφραίνοντα
2477 2498 2607 2576 τὸν
2672 2496 3031 2602 ὑβριστὴν

622 2624 990 2702 Ἰουδαῖον.
1073 2620 1170 2706 εἷς
1207 2622 1335 2718 μὲν
1371 2619 1536 2725 γὰρ,
1575 2625 1785 2726 φησὶ,
1826 2625 1942 2700 καὶ
1986 2621 2262 2724 ἀληθὴς
2312 2621 2454 2724 ἐγὼ
2503 2623 2794 2728 πέφυκα
2844 2621 3030 2702 κατὰ

622 2746 854 2852 φύσιν
913 2745 1112 2844 Υἱὸς,
1175 2748 1253 2826 ἐκ
1318 2751 1508 2826 Θεοῦ
1584 2746 1660 2825 δὲ
1728 2744 2064 2844 δηλονότι
2130 2747 2449 2849 Πατρός·
2543 2749 2886 2826 τέθεινται
2952 2748 3030 2827 δὲ

619 2868 878 2954 πάντες
929 2874 1029 2954 ὡς
1072 2869 1254 2975 πρὸς
1303 2867 1425 2970 ἐμὲ
1474 2869 1984 2973 μορφούμενοι,
2024 2873 2141 2949 καὶ
2191 2876 2288 2955 εἰς
2332 2870 2467 2969 τὴν
2501 2870 2678 2970 ἐμὴν
2712 2873 3026 2967 ἀναβαί·

620 3030 860 3080 νοντες
905 2995 1152 3102 δόξαν·
1215 2999 1288 3075 αἶ
1345 2993 1489 3096 γὰρ
1545 2991 1807 3076 εἰκόνες
1863 2996 1969 3073 ἀεὶ
2024 2993 2207 3098 πρὸς
2261 2994 2354 3074 τὰ
2409 2995 2796 3100 ἀρχέτυπα.
2872 3003 3033 3081 πῶς
3059 3033 3146 3074 20

619 3122 746 3201 οὖν
783 3120 972 3203 ὅλως
1022 3116 1343 3199 δύνασθέ
1384 3125 1617 3225 φησιν
1656 3120 2192 3220 ἐναριθμεῖσθαι
2229 3122 2304 3199 ἐν
2338 3120 2609 3204 τέκνοις
2644 3125 2858 3218 Θεοῦ,
2897 3119 3031 3200 τὸν

620 3245 698 3323 ἐκ
773 3249 965 3322 Θεοῦ
1045 3241 1420 3347 πεφηνότα
1504 3244 1622 3320 καὶ
1694 3241 1878 3345 πρὸς
1961 3241 2095 3342 τὴν
2168 3245 2354 3323 ἰδίαν
2424 3244 3034 3343 μεταπλάττοντα

562 3406 598 3449 e
624 3363 1010 3471 μόρφωσιν
1047 3363 1210 3449 τοὺς
1248 3371 1344 3450 εἰς
1381 3366 1598 3445 αὐτὸν
1625 3364 2120 3466 πιστεύοντας,
2149 3369 2284 3473 οὐχ
2319 3367 2513 3450 ὅπως
2551 3370 2679 3448 οὐκ
2715 3374 3034 3470 ἀγαπᾶν

622 3488 1027 3592 ἐγνωκότες,
1080 3488 1246 3569 ἀλλ’
1289 3489 1424 3589 ἤδη
1480 3492 1598 3569 καὶ
1654 3488 2133 3592 ἀτιμάζοντες,
2190 3493 2273 3571 οὐ
2330 3494 2497 3572 καθ’
2538 3493 2662 3572 ἕνα
2717 3490 3026 3594 τρόπον,

620 3611 820 3693 ἀλλὰ
877 3612 1059 3693 κατὰ
1113 3610 1483 3709 πολλούς-3
1545 3616 1662 3692 καὶ
1721 3619 1786 3692 οἶ
1839 3613 1969 3694 τὸν
2015 3619 2435 3719 χαρακτῆρα
2489 3614 2593 3715 μὴ
2651 3613 3033 3722 δεξάμενοι
3067 3645 3155 3705 ²5

619 3746 749 3817 τοῦ
808 3743 1000 3818 Θεοῦ
1056 3739 1174 3816 καὶ
1229 3733 1541 3839 Πατρὸς,
1587 3743 1744 3820 πῶς
1799 3738 1888 3817 ἂν
1945 3738 2137 3823 ὅλως
2189 3746 2635 3846 μορφωθεῖεν
2692 3744 2787 3823 ὡς
2840 3740 3036 3843 πρὸς

621 3861 885 3955 αὐτόν;
942 3862 1192 3946 ἄλλως
1228 3895 1302 3941 τε
1342 3861 1459 3941 καὶ
1511 3863 1594 3939 οὐ
1639 3869 1785 3945 τοῖς
1822 3872 2169 3966 τυχοῦσιν
2207 3863 2665 3965 ἀνεγκλήτως
2703 3863 3028 3970 ἐξέσται,

622 3989 834 4092 φησὶ,
874 3986 1153 4089 πατέρα
1190 3992 1569 4065 καλεῖσθαι
1605 3984 1733 4066 τὸν
1772 3986 1983 4086 Θεὸν,
2020 3989 2190 4067 ἀλλ’
2234 3987 2338 4072 οἷς
2382 3987 2472 4068 ἂν
2506 3993 2634 4088 τῆς
2670 3995 2769 4072 εἶς
2805 3986 3038 4069 αὑτὸν

619 4111 984 4205 εὐσεβείας
1048 4108 1526 4213 ἐναστράπτοι
1593 4108 1680 4191 τὸ
1740 4110 2038 4210 κάλλος,
2093 4114 2378 4197 ἐκείνοις
2439 4109 2654 4211 οἶμαι,
2708 4115 2828 4192 καὶ
2889 4115 3039 4219 οὐχ

689 4316 743 4365 4.
780 4295 1080 4368 τοιγαροῦν]
1108 4297 1279 4351 τοίνυν
1301 4319 1381 4351 τοι
1417 4301 1576 4368 αροῦν
1604 4297 1670 4352 Β.
2182 4316 2264 4353 11.
2301 4295 2467 4370 εἶπεν]
2502 4307 2559 4363 -Ι-
2590 4297 2681 4353 οὖν
2708 4297 2891 4354 Holst.
2919 4298 3036 4356 Ed.

625 4380 707 4439 17.
743 4370 883 4438 φησὶ
907 4378 1245 4437 assumptum
1272 4387 1336 4421 ex
1416 4387 1480 4423 .a.
1612 4368 1803 4437 ἀληθὲς
1831 4367 1894 4422 Β.
2153 4387 2235 4441 19.
2273 4371 2632 4434 ἀναβαίνοντες
2659 4370 2777 4424 ΒΑ.
2807 4369 3038 4441 [ἀναβέ-

616 4461 791 4495 νοντες
813 4439 876 4493 Β.
927 4437 1259 4505 ἀναμένοντες
1288 4438 1384 4492 Ht.
1405 4439 1787 4504 ἀναβλέποντες
1810 4440 2042 4493 correxit
2065 4449 2127 4495 ut
2150 4440 2371 4495 adnotat
2394 4442 2508 4512 ipse
2528 4441 2674 4496 Aub.
2818 4459 2910 4497 21.
2937 4441 3039 4497 δῦ·

618 4509 782 4565 νασθέ
804 4528 852 4564 a.
940 4520 978 4563 t.
1005 4509 1261 4565 δύνασθαί
1286 4508 1352 4563 Β.
1382 4508 1482 4564 Ed.
1679 4526 1765 4580 23.
1803 4509 2169 4583 πιστεύοντας]
2202 4519 2259 4577 -Ι-
2289 4514 2461 4582 φασιν
2484 4530 2513 4565 e
2540 4510 2586 4565 B
2612 4530 2724 4584 mg.
2750 4513 2892 4568 male
2915 4512 3041 4569 huc

617 4581 842 4636 verbum
868 4580 1084 4636 trahens
1112 4580 1214 4636 Ht.
1239 4580 1386 4635 unde
1410 4580 1555 4635 Aah.
