3238 5158
2627 527 2664 565 a
2698 512 2834 568 952
2853 511 2931 567 A.

1073 1275 1554 1352 ΚΕΦΑΛΗ
1641 1275 1732 1352 Ε.

232 1565 398 1631 Ὀτι
441 1570 546 1630 τοῦ
590 1566 742 1631 εἶναι
787 1566 949 1635 Θεὸς
991 1565 1274 1648 ἀληθινὸς
1315 1566 1349 1632 ὅ
1392 1565 1535 1636 Υἱὸς
1577 1563 1683 1631 οὗκ
1727 1559 1843 1646 ἔξω
1888 1565 2167 1642 κείσεται,
2213 1561 2323 1630 κᾶν
2361 1566 2551 1645 μόνον

710 1687 807 1751 καὶ
843 1686 1127 1767 ἀληθινὸν
1169 1685 1425 1773 ὀνομάζῃ
1470 1685 1640 1752 Θεὸν
1680 1685 1788 1751 τὸν
1830 1685 2095 1767 Πατέρα.

241 1965 431 2032 Αὕτη
485 1964 559 2030 δὲ
610 1964 785 2033 ἐστιν
838 1967 877 2031 ι-ἰ
935 1963 1202 2031 αἰώνιος
1256 1965 1409 2057 ζωή,
1461 1965 1567 2032 ἵνα
1623 1963 1991 2040 Γινώσκωσί
2044 1988 2116 2030 σε
2168 1964 2282 2031 τὸν
2336 1964 2535 2040 μόνον
2624 1986 2661 2044 3

104 2104 147 2165 5
438 2090 749 2160 ἀληθινὸν
802 2092 990 2174 Θεὸν,
1045 2092 1153 2157 καὶ
1204 2092 1280 2159 ὃν
1333 2091 2013 2159 ἀπὲστειλαοἸΗσοῦν
2068 2090 2362 2179 Χριστόν.

2620 2258 2668 2325 b

315 2352 762 2429 MHTEPA
796 2352 927 2449 τῆς
961 2350 1246 2429 αἰωνίου
1276 2347 1457 2451 ζωῆς
1492 2346 1627 2449 τὴν
1658 2351 1909 2430 πίστιν
1945 2350 2284 2452 ὡρίσατο,
2321 2354 2439 2431 καὶ
2473 2354 2600 2448 τῆς

180 2475 520 2570 ἀληθοῦς
575 2474 1018 2577 θεογνωσίας
1073 2472 1207 2573 τὴν
1262 2471 1561 2573 δύναμιν
1614 2475 1989 2576 παραίτιον
2040 2474 2352 2554 ἔσεσθαί
2410 2481 2604 2582 φησι

176 2601 335 2696 τῆς
366 2602 465 2681 εἷς
498 2603 721 2678 αἰῶνα
756 2602 1092 2698 διαμονῆς
1127 2602 1257 2699 τῆς
1288 2599 1365 2678 ἐν
1401 2597 1784 2704 ἀφθαρσίᾳ
1832 2597 2168 2697 δηλονότι
2212 2599 2328 2678 καὶ
2376 2632 2605 2695 μακα-

178 2719 472 2826 ριότητι
527 2725 645 2802 καὶ
695 2723 1061 2830 ἁγιασμῷ.
1137 2724 1377 2822 ἀληθῆ
1430 2719 1506 2801 δὲ
1556 2721 1999 2827 θεογνωσίαν
2042 2718 2224 2801 εἶναί
2254 2727 2512 2827 φαμεν,
2555 2720 2605 2821 ἢ

68 2895 96 2934 1
109 2894 154 2933 0
179 2851 349 2926 τῶν
381 2845 851 2947 ἐγκλημάτων
885 2845 1351 2947 ἀπήλλακται
1386 2849 1514 2945 τῆς
1546 2843 1730 2948 πρὸς
1767 2842 2005 2947 ἕτερόν
2032 2880 2103 2926 τι
2138 2849 2606 2948 παρατροπῆς

188 2971 324 3051 καὶ
371 2968 485 3075 ἐφ’
524 2966 572 3048 ἃ
604 2966 706 3069 μὴ
742 2973 1110 3073 προσῆκεν
1160 2971 1595 3071 ἀποδρομῆς.
1679 2967 2203 3073 λελατρεύκασι
2238 2968 2382 3072 γάρ
2419 3002 2603 3053 τινες
2692 3008 2836 3060 Rom.
2855 3010 2888 3060 ί.

192 3103 248 3142 “
283 3097 376 3197 τῇ
410 3093 642 3173 κτίσει
676 3090 878 3197 παρὰ
913 3090 1040 3173 τὸν
1077 3091 1487 3191 κτίσαντα,”
1529 3095 1647 3172 καὶ
1681 3095 1785 3201 τῷ
1818 3091 2022 3201 ξύλῳ
2076 3091 2603 3193 τετολμήκασιν
2695 3087 2773 3137 ²⁵·

193 3221 425 3298 εἰπεῖν
473 3226 518 3263 “
548 3214 807 3321 Πατήρ
853 3251 994 3318 μου
1040 3213 1108 3298 εἷ
1150 3215 1272 3315 σὺ,
1309 3219 1430 3296 καὶ
1477 3221 1579 3323 τῷ
1627 3217 1810 3325 λίθῳ
1850 3215 1957 3297 Σύ
1999 3251 2088 3316 με
2137 3214 2598 3319 ἐγέννησας.”
2624 3255 2660 3300 ο
2687 3211 2850 3341 {¹2¹5-

192 3338 388 3444 πρὸς
455 3338 599 3443 γὰρ
669 3339 758 3440 δὴ
831 3349 1185 3421 τοσοῦτον
1258 3345 1326 3421 οἱ
1399 3340 1696 3421 δείλαιοι
1767 3340 2228 3420 κατῶλισθον
2296 3342 2604 3438 ἀμαθίας

70 3511 101 3552 1
114 3505 159 3568 5
193 3463 483 3568 μέτρον,
521 3467 620 3546 ὡς
673 3467 792 3544 καὶ
825 3471 981 3549 ταῖς
1015 3462 1429 3565 αἰσθήσεως
1479 3463 1942 3566 ἀμοιρούσαις
1978 3465 2203 3562 ὕλαις,
2238 3464 2373 3564 τὴν
2408 3464 2606 3545 θείαν

195 3590 459 3670 ἁπλῶς
513 3587 919 3687 ἐπωνυμίαν
961 3589 1432 3693 χαρίσασθαι,
1482 3590 1600 3667 καὶ
1654 3590 1783 3687 τῆς
1835 3585 1928 3666 τὰ
1981 3587 2220 3669 πάντα
2279 3589 2601 3690 ὑπερκει-

194 3709 417 3811 μένης
472 3712 723 3795 οὐσίας
776 3707 909 3810 τὴν
952 3712 1261 3816 ἅῤῥητον
1308 3716 1692 3815 περιθεῖναι
1738 3706 1984 3819 δόξαν.
2066 3712 2251 3817 μὸνον
2306 3713 2432 3792 οὖν
2486 3715 2605 3793 καὶ

196 3833 500 3930 ἀληθινὶν
548 3832 870 3938 ὀνομάζει
914 3834 1079 3918 Θεόν
1121 3834 1250 3916 τὸν
1299 3835 1622 3938 Πατέρα,
1661 3841 1810 3920 τοῖς
1861 3834 2357 3941 ψευδωνύμως
2412 3838 2605 3917 ἀντι-

195 3961 437 4058 τιθεὶς,
502 3963 621 4040 καὶ
684 3965 832 4044 τοῖς
905 3950 1470 4061 πεπλανημένως
1540 3958 2075 4059 ὠνομασμένοις
2140 3965 2322 4044 θεοῖς
2397 3963 2596 4042 ἀντι-

71 4134 167 4175 20
195 4081 638 4191 παρεξάγων
685 4081 937 4188 ὥσπερ
983 4082 1110 4163 τὸν
1147 4086 1404 4184 ἀληθῆ·
1480 4082 1757 4168 σκοπὸς
1805 4081 1948 4186 γὰρ
1984 4084 2190 4168 οὗτος
2224 4089 2329 4193 τῷ
2369 4082 2595 4192 λόγῳ.

196 4208 581 4314 χρησίμως
629 4204 704 4287 δὲ
753 4206 921 4287 λίαν
955 4206 1079 4288 ἕνα
1125 4208 1242 4288 καὶ
1294 4208 1482 4314 μὸνον
1529 4207 1750 4288 εἰπὼν
1798 4206 1926 4288 τὸν
1962 4207 2279 4312 Πατέρα,
2315 4211 2434 4288 καὶ
2475 4213 2604 4307 τῆς
2625 4220 2668 4283 d

196 4336 456 4412 ἑαυτοῦ
510 4331 973 4431 διαμέμνηται
1028 4330 1247 4439 δόξης
1300 4328 1536 4432 λέγων
1592 4338 1726 4411 Καὶ
1777 4333 1843 4413 ὃν
1897 4327 2324 4417 ἀπέστειλας
2369 4334 2605 4425 Ἰησοῦν

1227 4612 1326 4666 1-3
1364 4614 1472 4652 om.
1498 4596 1564 4651 E.

1313 4697 1505 4759 4Q2
