3238 5158
590 330 720 393 366
1198 330 1275 396 Β.
1324 329 1749 395 CYRILLI
1809 330 2388 396 ALEXANDR.
2584 324 3008 415 111123-26.

251 501 496 553 Pul-¹0·
588 494 707 571 καὶ
741 493 973 572 πάλαι
1010 492 1685 595 προκεκηρυγμένον
1719 503 1763 543 “
1787 495 1888 574 Ὁ
1924 497 2192 575 ἐσθίων
2228 494 2488 597 ἄρτους
2522 526 2684 592 μου,
2719 488 3000 593 ἐμεγά-

589 625 633 663 “
672 624 886 696 λυνεν
950 617 1060 696 ἐπ’
1129 614 1250 715 ἐμὲ
1321 617 1838 720 πτερνισμόν.”
1924 614 2207 725 βάψας
2263 611 2417 721 Φγὰρ
2479 617 2854 697 ἐπιδίδωσι
2915 613 3006 694 τὶ

587 734 889 845 ψωμίον,
928 736 1201 823 δεικνὺς
1254 739 1371 820 διὰ
1426 738 1684 821 τούτου
1732 739 1862 821 τὸν
1906 743 2245 822 ἐσθίοντα
2296 740 2426 821 τὸν
2471 740 2692 844 ἄρτον
2736 740 3004 818 αὐτοῦ·

527 891 565 936 ο
589 864 705 942 καὶ
760 862 889 943 τὸν
940 862 1070 961 μὲν
1122 869 1269 942 τῶν
1325 864 1551 966 ἁγίων
1604 869 1951 965 μαθητῶν
1990 865 2330 973 ἐξίστησι
2386 863 2647 973 φόβον,
2694 862 2854 964 ἄγει
2908 863 3022 942 δέ

587 1020 742 1071 πως
778 983 1037 1071 αὐτοὺς
1071 992 1167 1071 εἷς
1204 986 1612 1088 ἀνάμνησιν
1648 990 2098 1094 προφητείας
2140 990 2384 1091 ἐτέρας
2430 986 3004 1090 διαγορευοῦσης
3037 1007 3088 1070 5

589 1112 724 1190 ὡδί
754 1120 798 1156 “
827 1106 935 1190 Σὺ
989 1109 1065 1190 δὲ
1124 1106 1182 1188 ὦ
1233 1109 1567 1211 ἄνθρωπε
1616 1111 1959 1218 ἱσόψυχε,
2005 1110 2295 1213 ἡγεμών
2336 1145 2478 1211 μου
2533 1112 2651 1190 καὶ
2701 1112 3024 1212 γνωστὲ

589 1243 634 1282 “
666 1267 828 1333 μου,
868 1231 947 1318 ὃς
992 1235 1110 1314 ἐπὶ
1161 1230 1244 1314 rb
1294 1232 1471 1314 αὐτὸ
1521 1234 1927 1337 ἐγλύκανάς
1977 1269 2103 1333 μοι
2149 1234 2530 1334 ἐδέσματα,
2566 1235 2644 1313 ἐν
2677 1239 2781 1341 τῷ
2814 1233 3003 1342 οἴκῳ

585 1367 632 1405 “
666 1365 795 1438 τοῦ
852 1363 1046 1439 Θεοῦ
1110 1356 1591 1461 ἐπορεύθημεν
1647 1361 1723 1437 ἐν
1778 1359 2142 1465 ὁμονοίᾳ.”
2232 1355 2597 1464 ὶσόψυχος
2656 1356 2789 1453 μὲν
2839 1355 3002 1460 γὰρ

581 1479 919 1584 γνωστός
953 1515 1030 1561 τε
1069 1483 1187 1562 καὶ
1223 1479 1726 1585 ὁμοτράπεζος,
1766 1484 1885 1562 καὶ
1921 1484 1998 1562 τί
2027 1480 2172 1585 γὰρ
2208 1483 2367 1587 οὐχὶ
2404 1488 2551 1560 τῶν
2584 1479 3000 1561 τελούντων

582 1611 681 1690 εἷς
734 1604 1184 1707 γνησιότητα
1238 1603 1498 1708 γε’γονέ
1543 1639 1721 1686 ποτε
1775 1611 1880 1713 τῷ
1928 1610 2211 1709 Σωτῆρι
2261 1640 2377 1685 και
2426 1606 2642 1689 αὐτὸς
2696 1606 2737 1685 ὅ
2790 1637 2990 1706 προ-
3035 1635 3130 1677 10

583 1728 902 1829 δότης,“’
854 1763 980 1809 ατε
1026 1727 1115 1828 δὴ
1163 1736 1312 1813 τοῖς
1360 1729 1623 1832 ἑτέροις
1669 1730 2295 1832 ἐγκατειλεγμένος
2331 1728 2561 1831 ἁγίοις
2596 1733 2990 1828 μαθηταῖς,

583 1886 651 1931 οι
695 1886 824 1932 τον
858 1847 1078 1932 αὐτὸν
1114 1851 1396 1957 ἔχοντες
1447 1858 1552 1961 τῷ
1602 1857 1888 2003 Σωτῆρι
1935 1887 2240 1950 σκοπον,
2276 1856 2394 1932 καὶ
2441 1850 2574 1952 τὴν
2609 1858 2756 1931 τῶν
2789 1853 2989 1932 Ἰου-

513 1984 557 2049 d
583 1976 803 2055 δαίων
828 1975 1430 2079 συμπεριθέοντα·
1464 2010 1736 2081 χωραν,
1760 1978 2101 2081 ὑπηρέται
2137 1979 2392 2081 γοργοὶ
2429 1982 2574 2056 τῶν
2601 1972 2998 2073 θαυμάτων

581 2100 922 2202 ἐγίνοντο,
979 2102 1097 2180 καὶ
1148 2095 1390 2180 πάντα
1442 2099 1785 2203 πράττειν
1838 2102 2220 2204 ἠπείγοντο
2283 2098 2377 2180 τὰ
2438 2105 2537 2184 εἷς
2599 2095 2812 2198 τιμὴν
2868 2102 2995 2179 καὶ

580 2220 809 2328 δόξαν
845 2223 1089 2302 αὐτοῦ·
1151 2220 1326 2301 ἀλλ’
1367 2224 1407 2302 ὁ
1448 2221 1784 2325 γνωστὸς
1829 2226 1946 2303 καὶ
1998 2221 2385 2330 ὶσόψυχος,
2421 2228 2746 2328 αἰσχρῶν
2782 2233 2986 2322 λημ-
3035 2253 3116 2310 ¹5

579 2342 830 2445 μάτων
863 2345 1249 2452 ἠλλάξατο
1283 2345 1417 2447 τὴν
1453 2355 1584 2426 τοῦ
1621 2346 2065 2447 τιμήσαντος
2101 2346 2334 2452 χάριν.

706 2467 1080 2573 Ἐπιτήρει
1153 2468 1228 2549 δὲ
1297 2468 1545 2568 πάλιν,
1623 2470 1819 2554 ὅπως
1894 2470 2081 2570 ἡμᾶς
2150 2469 2556 2573 παραθήγει
2629 2474 2872 2552 καλῶς
2943 2471 2990 2550 ὁ

580 2595 1017 2703 σοφώτατος
1054 2593 1610 2698 Εὐαγγελιστὴς
1661 2601 1757 2681 εἰς
1807 2594 1892 2676 τὸ
1939 2603 2148 2692 βιοῦν
2183 2595 2456 2677 ἐθέλειν
2500 2596 2611 2675 ὅτι
2656 2592 2994 2696 μάλιστα

583 2719 1063 2822 λογικώτατα,
1096 2722 1214 2799 καὶ
1262 2722 1392 2818 τῆς
1437 2718 1750 2804 διανοίας
1784 2721 2129 2800 ἐπασκεῖν
2164 2717 2298 2821 τὴν
2333 2718 2649 2826 ὀξύτητα
2684 2716 2868 2821 πρὸς
2897 2715 2991 2798 τὸ

583 2844 938 2923 δύνασθαι
993 2845 1109 2923 καὶ
1165 2843 1335 2922 λίαν
1383 2843 1694 2925 εὐπετῶς
1743 2849 1890 2923 τῶν
1936 2841 2145 2925 θείων
2180 2848 2670 2924 καθικνεῖσθαι
2719 2845 2992 2945 θεωρη-
3021 2879 3108 2922 20

524 3002 560 3044 e
583 2965 850 3067 μάτων,
889 2967 1006 3047 καὶ
1062 2970 1190 3066 τῆς
1245 2966 1580 3051 θεοπτίας
1635 2964 2065 3072 ἐξακριβοῦν
2116 2965 2298 3047 ὅσον
2343 2965 2445 3046 ἔνι
2497 2963 2662 3052 τοῦς
2717 2964 2992 3068 λόγους

582 3093 1019 3194 ἐπείγεσθαι.
1099 3087 1192 3171 τὰ
1229 3093 1587 3192 διαπρεπῆ
1633 3094 2061 3189 τετιμῆσθαι
2109 3093 2227 3170 καὶ
2278 3088 2713 3192 ἠγαπῆσθαί
2754 3095 2990 3196 φησιν

583 3213 835 3296 ἑαυτὸν
869 3212 1071 3319 παρὰ
1107 3223 1237 3294 τοῦ
1277 3216 1615 3318 Σωτῆρος
1652 3213 1856 3314 ἡμῶν
1869 3220 2247 3359 Χριστοῦ,
2280 3217 2376 3298 ὡς
2412 3219 2530 3294 καὶ
2566 3215 2988 3294 ἀνακεῖσθαι

583 3338 936 3437 πλησίον,
978 3373 1093 3419 και
1133 3340 1329 3445 αὐτῷ
1369 3343 1472 3445 τῷ
1509 3337 1766 3445 κόλπῳ
1799 3343 1904 3445 τῷ
1939 3341 2369 3446 δεσποτικῷ,
2407 3343 2666 3440 δεῖγμα
2712 3341 2839 3437 τῆς
2886 3343 2989 3424 εἷς

584 3459 804 3539 αὐτὸν
840 3462 1247 3567 ὑπερφυοῦς
1286 3459 1728 3563 ἀγαπήσεως
1775 3459 1862 3540 τὸ
1910 3467 2217 3565 πρᾶγμα
2256 3459 2701 3557 ποιούμενος.
2778 3470 2977 3562 πλη·
3016 3492 3100 3554 25

585 3582 752 3662 σίον
796 3584 923 3663 οὖν
977 3583 1119 3685 ἄρα
1174 3587 1367 3663 Θεοῦ
1422 3587 1540 3663 καὶ
1595 3585 1675 3665 ἐν
1722 3585 2034 3687 πρώτοις
2089 3619 2340 3688 ωσπερ
2394 3584 2687 3666 ἔσονται
2739 3583 2987 3670 τόποις

584 3712 734 3790 τοῖς
780 3705 949 3809 παρ’
991 3708 1182 3813 αὐτῷ
1230 3703 1566 3807 μάλιστα
1613 3706 1703 3808 δὴ
1757 3706 2052 3789 πάντων
2090 3713 2157 3790 οἱ
2201 3706 2335 3810 τὴν
2372 3709 2753 3812 καρδίαν
2706 3743 2738 3788 ε
2738 3742 2986 3813 χοντες

584 3829 930 3935 καθαρὰν,
1000 3865 1104 3916 οις
1168 3833 1290 3911 καὶ
1351 3828 1717 3937 ἐξαίρετον
1781 3831 2118 3932 ἀπονέμει
2191 3867 2404 3936 γερας
2466 3834 2585 3913 καὶ
2656 3831 2871 3917 αὐτὸς
2943 3834 2985 3913 ὃ

244 3960 494 4100 gast-h
522 3975 559 4017 ὃ
584 3951 871 4058 Σωτὴρ,
948 3954 1338 4059 μακαρίους
1422 3953 1731 4035 ἔσεσθαι
1808 3955 2046 4058 λέγων
2126 3953 2293 4040 τοὺς
2383 3953 2738 4060 καθαροὺς
2813 3966 2859 4004 “
2893 3958 2986 4060 τῇ

241 4117 294 4152 v.
319 4103 368 4156 8.
584 4090 628 4128 ‘⁶
664 4079 1016 4187 καρδία,”
976 4114 1087 4160 οτι
1135 4080 1338 4160 αὐτοὶ
1385 4112 1513 4159 τον
1551 4075 1744 4159 Θεὸν
1780 4076 2163 4186 ?spovracf
2245 4081 2363 4160 καὶ
2407 4080 2857 4183 παροίσομεν
2889 4085 2986 4164 εἷς
3014 4107 3092 4166 30

583 4201 951 4311 ἀπόδειξιν
988 4209 1117 4284 τοῦ
1164 4205 1456 4303 ἀληθῶς
1498 4206 1831 4307 εἶρῆσθαι
1879 4202 2006 4284 τὸν
2041 4199 2291 4304 λόγον,
2329 4202 2545 4283 αὐτὸν
2581 4199 2671 4304 δὴ
2703 4207 2989 4284 τουτονὶ

582 4326 709 4407 τὸν
774 4327 1215 4435 σοφώτατον
1276 4324 1864 4431 Εὖαγγελιστήν.
1965 4327 2292 4408 τεθεάται
2356 4325 2500 4430 γὰρ
2564 4325 2699 4427 τὴν
2760 4325 2988 4438 δόξαν

250 1096 335 1146 Pe.
350 1096 436 1146 liv.

254 1176 329 1226 14„
351 1174 429 1224 15.

863 4555 913 4611 6.
949 4555 1162 4627 γνωστά
1185 4554 1310 4626 (tio)
1337 4552 1403 4611 Ε.
2184 4555 2268 4615 16.
2307 4554 2603 4625 ἦλλόξαντο
2629 4555 2698 4613 Ε.
