3238 5158
318 2338 457 2390 Eeb.
481 2338 550 2390 iv.

323 2416 402 2456 12.

656 327 787 390 554
1258 322 1337 387 B.
1384 320 1808 387 CYRILLI
1869 319 2445 386 ALEXANDR.
2897 340 3005 382 xv.
3027 336 3080 402 3.

597 567 632 624 3
727 568 899 635 Ἠδιι
954 564 1133 645 ὑμεῖς
1190 568 1464 658 καθαροί
1517 571 1667 635 ἐστε
1721 567 1827 634 διὰ
1881 569 1995 637 τὸν
2048 569 2241 643 λόΓον
2294 569 2370 635 ὃν
2424 569 2782 632 λελάληκα
2841 561 3021 642 ὑμῖν.

599 762 636 806 ⁰
770 740 1185 848 Ἀπόδειξιν
1227 738 1504 891 ὥσπερ
1528 745 1842 893 διαφανῆ
1897 776 1976 823 τε
2028 747 2144 822 καὶ
2198 742 2721 845 ἀναμφίλογον
2765 742 2909 838 τῆς
2966 746 3084 818 τοῦ

658 867 1238 968 διακαθαίροντος
1294 862 1551 950 αὐτοὺς
1606 864 1861 970 τέχνης
1914 873 2217 946 ποιεῖται
2279 863 2445 950 τοὺς
2501 862 2876 964 μαθητάς.
2977 856 3081 956 ηδε

657 989 802 1094 γὰρ
839 987 1096 1074 αὐτοὺς
1132 987 1680 1092 διακεκαθάρθαι
1717 992 1971 1096 φησιν,
2011 990 2145 1095 οὐχ
2193 988 2433 1092 ἑτέρου
2479 985 2677 1070 τινὸς
2728 985 3072 1068 ἀπολαύ·

655 1147 955 1211 σαντας,
1017 1110 1243 1214 μόνον
1301 1110 1378 1193 δὲ
1438 1109 1558 1194 διὰ.
1619 1150 1727 1193 τον
1787 1147 1971 1216 προς
2035 1109 2289 1197 αὐτοῦς
2346 1110 2763 1207 λαληθέντα
2835 1114 3118 1213 >uf-7055

654 1236 1006 1336 τουτέστι,
1061 1234 1197 1337 τὴν
1250 1236 1448 1317 θείαν
1503 1271 1581 1319 τε
1644 1239 1764 1316 καὶ
1817 1235 2288 1340 εὐαγγελικὴν
2341 1236 2743 1342 ὑφήγησιν.
2855 1233 3072 1338 λόγος

656 1358 737 1442 δὲ
796 1359 1002 1446 οὗτός
1064 1363 1227 1442 ἐστι
1281 1359 1482 1465 παρὰ
1537 1366 1895 1465 Χριστοῦ.
1993 1357 2147 1441 εἶτα
2203 1361 2312 1444 τίς
2369 1359 2510 1464 ἄρα
2563 1362 2732 1440 ἐστὶ
2789 1366 2952 1440 τῶν
3001 1359 3071 1439 εὖ

658 1482 1211 1594 φρονούντων,
1178 1520 1260 1569 ος
1294 1482 1650 1565 ἐνδοιάσει
1686 1482 2048 1582 λοιπον,
2008 1519 2120 1565 οτι
2156 1482 2469 1587 δρεπάνη
2503 1518 2612 1568 τις
2647 1481 2923 1586 ὥσπερ
2963 1484 3065 1562 καὶ

656 1609 814 1715 χεὶρ
851 1617 980 1691 τοῦ
1019 1608 1404 1713 Πατρὸς,
1373 1645 1414 1689 ο
1463 1610 1549 1690 δι’
1588 1608 1674 1689 ου
1720 1606 1813 1688 τὰ
1860 1608 2099 1690 πάντα
2148 1611 2328 1708 ἐστὶ,
2365 1609 2744 1689 τουτέστιν
2779 1610 2829 1689 5
2865 1606 3060 1705 Υἱὸς,

624 1714 792 1833 ’τὴν
827 1737 958 1834 τῆς
1006 1768 1104 1820 εις
1153 1734 1337 1833 ἡμᾶς
1379 1732 1734 1838 γεωργίας
1778 1732 2134 1836 ἐνέργειαν
2170 1736 2636 1835 ἀποπληρῶν,
2675 1729 2770 1832 ἣν
2808 1737 2922 1840 τῷ
2953 1738 3062 1813 τοῦ
3082 1759 3127 1801 1⁰

588 1863 633 1928 d
660 1856 952 1961 Πατρὸς
987 1858 1395 1962 προσάπτει
1429 1855 1828 1966 προσώπῳ,
1865 1854 2302 1937 διδάσκων”
2262 1890 2374 1936 οτι
2414 1854 2656 1936 πάντα
2702 1855 2846 1952 μὲν
2884 1890 3064 1958 παρα

657 1980 972 2083 Πατρος,
1010 1979 1210 2082 πλὴν
1253 1985 1353 2066 ὡς
1407 1981 1525 2062 διά
1583 1979 1948 2080 δυνάμεως
2002 1987 2134 2060 τοῦ
2167 1984 2403 2060 Υιοῦ·
2382 2042 2405 2079 ,
2469 2014 2586 2060 και
2635 1977 2795 2082 γὰρ
2858 1983 2903 2061 5
2953 1987 3064 2062 τοῦ

658 2108 997 2209 Σωτῆρος
1067 2106 1253 2206 ἡμᾶς
1325 2106 1760 2208 διακαθαίρει
1834 2103 2079 2207 λόγος,
2143 2105 2370 2184 καίτοι
2443 2107 2570 2202 τῆς
2639 2107 2826 2184 καθ’
2900 2106 3064 2204 ἡμᾶς

658 2227 1008 2330 γεωργίας
1043 2230 1577 2331 ἀνατεθειμένης
1612 2233 1717 2336 τῷ
1742 2233 1912 2337 Θεῷ
1953 2229 2071 2308 καὶ
2100 2228 2364 2332 Πατρί.
2433 2225 2646 2310 αὐτὸς
2682 2226 2844 2330 γάρ
2883 2231 3066 2309 ἐστιν

660 2353 702 2435 ὁ
767 2350 907 2455 ζῶν
972 2356 1090 2433 καὶ
1152 2353 1564 2453 τομῶτατος
1626 2354 1846 2433 αὐτοῦ
1909 2349 2154 2455 λόγος,
2198 2353 2239 2430 5
2293 2361 2338 2400 ‘⁶
2366 2348 2859 2450 διικνούμενος
2914 2353 3064 2458 ἄχρι
3085 2380 3128 2439 15

661 2486 704 2528 ‘⁴
738 2486 1094 2582 μερισμοῦ
1131 2481 1377 2585 ψυχῆς
1413 2478 1532 2557 καὶ
1567 2475 1971 2575 πνεύματος
2008 2476 2257 2581 ἁρμῶν
2292 2509 2371 2556 τε
2423 2477 2540 2555 καὶ
2589 2484 3066 2574 μυελῶν,και

655 2613 700 2652 “
736 2601 1044 2704 κριτικὸς
1093 2602 1556 2703 ἐνθυμήσεων
1589 2604 1710 2683 καὶ
1758 2605 2047 2682 ἐννοιῶν
2091 2601 2456 2703 καρδίας.”
2515 2605 3068 2702 καθικνούμενος

655 2725 800 2830 γὰρ
864 2733 959 2813 εἷς
1015 2725 1110 2807 τὰ
1170 2726 1368 2827 βάθη
1422 2730 1551 2827 τῆς
1606 2725 1921 2806 ἑκάστου
1973 2729 2242 2833 ψυχῆς,
2295 2760 2411 2806 και
2465 2722 2594 2804 τὸν
2647 2728 2730 2806 ἐν
2786 2727 3070 2834 ἑκάστῳ

595 2885 633 2930 e
657 2851 1135 2956 κεκρυμμένον
1170 2847 1453 2932 σκοπὸν
1490 2848 2095 2930 ἀκατακάλυπτον
2133 2849 2319 2954 ἔχων
2353 2853 2450 2934 ὡς
2487 2847 2705 2947 Θεος,
2747 2857 2915 2935 τοῖς
2955 2853 3070 2950 μὲν
3189 2907 3190 2974 1

656 2977 940 3061 εἰκαίοις
971 2976 1176 3076 ἡμῶν
1210 2974 1743 3074 σπουδάσμασι
1777 2971 1911 3073 τὴν
1948 2972 2190 3080 ὀξεῖαν
2226 2971 2469 3075 ἐπάγει
2507 2968 2742 3072 τομὴν
2779 2975 2912 3055 διὰ
2959 2979 3125 3075 riis-2³

652 3111 783 3182 τοῦ
840 3100 1261 3200 Πνεύματος
1314 3098 1692 3201 ἐνεργείας·
1785 3105 1996 3176 τοῦτο
2053 3095 2197 3199 γὰρ
2251 3092 2447 3196 οἶμαι
2503 3106 2900 3197 νομιοῦμεν
2951 3099 3069 3200 τὴν

655 3222 1176 3329 ἀποκάθαρσιν·
1231 3220 1326 3303 τὰ
1362 3221 1451 3328 ,δὲ
1499 3220 1648 3302 ὅσα
1700 3218 2018 3327 πέφυκεν
2062 3224 2370 3327 ὠφελεῖν
2423 3221 2607 3322 ἡμᾶς
2661 3227 2764 3307 εἰς
2827 3224 3072 3332 ἔφεσιν

654 3352 928 3453 ἀρετῆς,
964 3356 1192 3429 ταῦτα
1226 3343 1956 3449 πολυπλασιάζεσθαι
1989 3352 2184 3426 ποιεῖ
2223 3343 2408 3450 πρὸς
2448 3352 3000 3452 καρποφορίαν,
3033 3346 3072 3446 ἣ

654 3479 914 3552 νοεῖται
950 3473 1102 3551 κατ’
1138 3470 1534 3566 εὐσέβειαν.

755 3592 941 3674 “Ore
989 3594 1228 3674 τοίνυν
1264 3597 1349 3673 δι’
1389 3598 1574 3675 Υὶοῦ
1626 3590 1826 3697 παρὰ
1874 3590 2170 3697 Πατρὸς
2218 3594 2601 3696 ἐνεργεῖται
2647 3603 2910 3682 καλῶς
2957 3600 3072 3696 τῆς
3087 3619 3128 3675 ¹5

654 3721 752 3803 εἶς
788 3717 974 3818 ἡμᾶς
1009 3716 1360 3819 γεωργίας
1398 3718 1439 3795 5
1474 3715 1764 3820 τρόπος,
1791 3719 2293 3817 μεματαίωται·
2353 3723 2507 3802 πῶς
2544 3714 2689 3820 γὰρ
2727 3720 2910 3825 οὐχί
2931 3754 2955 3819 ;
2999 3718 3070 3801 τὸ

655 3839 991 3946 περιττὸν
1051 3842 1169 3920 καὶ
1242 3839 1822 3944 κακουργότατον
1886 3849 2032 3923 τῶν
2085 3843 2171 3922 δι’
2228 3842 2548 3925 ἐναντίας
2612 3842 3067 3949 ἐπιχείρημα,

657 3966 1009 4074 ἐτεροφυᾶ
1061 3961 1189 4045 τὸν
1223 3960 1405 4044 Υἱὸν
1455 3964 1574 4045 διὰ
1627 3974 1842 4046 τοῦτο
1899 3962 2268 4067 λεγόντων
2317 3964 2681 4070 ὑπάρχειν,
2737 3969 2844 4053 ὡς
2899 3969 3070 4069 πρὸς

327 4102 413 4157 87
416 4101 459 4160 3
476 4099 553 4157 Δ·
602 4116 638 4156 a
662 4090 960 4194 Πατέρα
1012 4091 1130 4169 καὶ
1184 4086 1400 4184 Θεὸν,
1456 4087 1834 4193 ἐπειδήπερ
1890 4089 2216 4189 αμπελος
2271 4088 2403 4187 μὲν
2457 4086 2692 4187 αὐτος,
2750 4089 3067 4173 κατωνό-

656 4246 937 4312 μασται
989 4211 1066 4295 δὲ
1117 4246 1433 4315 γεωργος
1484 4214 1525 4292 ὁ
1572 4210 1860 4316 Πατήρ.
1944 4212 2495 4314 διασκεπτέσθω
2541 4210 2619 4293 δὲ
2663 4213 2926 4314 πάλιν,
2967 4216 3114 4296 scd?

656 4339 1122 4442 περιαθρείτω
1158 4335 1522 4444 σαφῶς,”
1483 4370 1591 4417 οτι
1630 4334 1987 4440 καθαρους
2021 4333 2198 4417 εἶναι
2235 4336 2604 4441 διορίζεται
2634 4370 2807 4423 τους
2855 4342 3070 4421 αὑτοῦ

732 4576 784 4627 9.
820 4554 908 4629 ου]
936 4558 1048 4613 υἱοῦ
1074 4557 1198 4628 (sic)
1228 4556 1293 4610 E.
1545 4571 1633 4612 21.
1670 4552 1838 4627 οἶμαι]
1866 4553 1994 4612 εἶναι
2019 4555 2085 4612 Ε.
2329 4556 2415 4612 26.
2450 4555 2747 4626 μεμάτοται
2774 4557 2906 4629 (sie)
2935 4558 3007 4614 B.
