3238 5158
151 302 323 370 xiii.
351 322 458 392 35.
774 307 889 371 IN
947 306 1016 372 S.
1063 304 1577 371 JOANNEM.
1670 307 1860 374 LIB.
1910 307 2031 374 IX.
2467 308 2598 373 387

152 470 316 566 τῆς
390 469 646 553 οἰκείας
717 469 899 574 ζωῆς
971 468 1057 550 τὸ
1131 471 1410 575 ἑτέρους
1482 469 1851 573 σώζεσθαι
1926 470 2421 572 λογισάμενοι,
2480 471 2599 549 καὶ

149 588 426 703 πάντα
461 591 595 690 μὲν
630 593 1070 677 ἀνατλάντες
1112 593 1358 693 πόνον,
1396 597 1474 674 ἐν
1510 594 1588 674 δὲ
1639 602 1788 679 τοῖς
1840 593 2177 701 ἐσχάτοις
2225 590 2600 697 γεγονότες·

152 722 451 813 κακοῖς,
486 717 604 796 ἵνα
653 717 784 803 τὰς
831 725 980 798 τῶν
1023 720 1554 818 ἀπολλυμένων
1597 719 2088 821 περισώσειαν
2134 717 2404 824 ψυχάς.
2481 719 2599 797 καὶ
2627 756 2662 799 e

1590 842 1627 873 U

150 846 366 941 γοῦν
420 842 462 919 ὃ
524 840 826 927 Παῦλός
882 848 1095 948 φησι,
1151 842 1328 923 ποτὲ
1383 841 1535 941 μὲν,
1586 876 1699 922 οτι
1748 852 1794 890 “
1826 844 2017 923 Καθ’
2077 839 2351 945 ἡμέραν
2403 844 2587 921 ἀπο,
2698 863 2717 896 ι
2744 849 2859 897 eor.

2690 930 2776 962 xv.
2802 926 2883 975 3¹·

70 980 120 1040 5
155 970 215 1009 “
264 960 630 1063 θνήσκω,”
669 966 847 1047 ποτὲ
895 965 975 1046 δὲ
1023 965 1254 1046 πάλιν
1290 976 1337 1015 “
1365 969 1501 1051 Τίς
1552 969 1863 1061 ἀσθενεῖ,
1907 969 2026 1047 καὶ
2079 966 2207 1046 οὐκ
2256 968 2592 1061 ἀσθενῶς
2694 979 2858 1093 ζὶῦζτ-

159 1096 215 1133 “
261 1086 379 1170 τίς
414 1088 990 1193 σκανδαλίζεται,
1029 1093 1148 1170 καὶ
1185 1092 1316 1170 οὐκ
1368 1090 1512 1192 ἐγω
1559 1099 1922 1193 πυροῦμαι
1954 1087 2023 1187 ;”
2061 1086 2260 1194 ῥίζαν
2296 1088 2425 1169 οὖν
2460 1086 2603 1190 ἀρα
2750 1082 2761 1093 ’
2825 1058 2872 1108 9’

155 1214 316 1310 τῆς
375 1210 830 1314 τελειοτάτης
888 1219 989 1298 εἷς
1044 1211 1237 1295 Θεὸν
1291 1214 1664 1309 εὐσεβείας
1721 1212 1856 1313 τὴν
1912 1212 2089 1317 ὑπὲρ
2144 1211 2366 1311 νόμον
2420 1215 2604 1313 ἀγα-

156 1369 420 1435 πησιν
462 1336 897 1437 ἐπιτηδεύειν
943 1338 1130 1437 ἡμᾶς
1188 1339 1229 1417 ὃ
1276 1335 1536 1441 Σωτὴρ
1587 1335 2119 1418 διεκελεύσατο·
2180 1337 2409 1440 ταύτῃ
2459 1369 2600 1432 τοι,

164 1462 308 1538 καὶ
343 1461 478 1565 οὐχ
520 1461 775 1564 ἑτέρως
824 1461 1025 1546 εἰδὼς
1075 1459 1604 1562 δοκιμωτάτους
1654 1460 1958 1541 ἔσεσθαι
2007 1459 2208 1564 παρὰ
2256 1465 2361 1565 τῷ
2399 1463 2598 1564 Θεῷ,

40 1611 134 1650 10
166 1585 310 1661 καὶ
383 1587 514 1682 τῆς
586 1586 758 1688 παρ’
827 1586 1050 1665 αὐτοῦ
1124 1583 1661 1691 πεφυτευμένης
1736 1590 1835 1667 εἷς
1907 1585 2093 1683 ἡμᾶς
2166 1580 2605 1685 ἀγαπήσεως

170 1713 758 1811 ἱχνηλατοῦντας
799 1708 886 1789 τὸ
935 1707 1235 1806 κάλλος,
1273 1712 1352 1790 ἐν
1387 1707 1733 1811 μεγάλοις
1782 1708 2090 1789 ἔσεσθαι
2137 1710 2257 1787 καὶ
2305 1705 2604 1789 τελείοις

172 1833 512 1934 ἀγαθοῖς.

2627 1958 2666 1998 a
2712 1945 2844 2002 ’152
2863 1944 2944 2000 Δ.

300 2013 420 2081 Ἐν
474 2018 690 2103 τούτῳ
739 2017 1100 2092 Γνώσονται
1155 2020 1401 2086 πάντες
1453 2020 1555 2086 ὅτι
1607 2019 1754 2097 ἐμοὶ
1806 2017 2091 2097 μαθηταί
2143 2019 2313 2100 ἐστε,
2366 2016 2484 2083 ἐὰν
2632 2036 2711 2098 35

1051 2145 1351 2220 &transire
1406 2144 1764 2210 ἀλλήλους.

60 2306 142 2363 15
305 2287 723 2390 Γνώρισμα,
800 2293 1054 2397 φησὶν,
1128 2272 1417 2397 ἄμαχόν
1497 2326 1577 2371 τε
1659 2294 1778 2371 καὶ
1859 2292 2374 2398 ἀναμφίλογον
2449 2297 2607 2374 ταῖς

175 2415 463 2492 ἑαυτῶν
517 2413 960 2520 ἐπιγράψετε
1016 2420 1371 2523 κεφαλαῖς
1425 2414 1512 2495 τὸ
1566 2421 2154 2516 μεμαθητεῦσθαι
2206 2414 2375 2517 παρ’
2415 2416 2601 2514 ἐμοὶ,

178 2540 246 2616 εἲ
317 2537 472 2614 κατ’
530 2536 728 2642 ἴχνος
781 2540 1059 2634 βαίνειν
1113 2542 1242 2638 τῆς
1304 2541 1480 2638 ἐμῆς
1540 2539 1914 2641 ἐπείγεσθε
1976 2538 2367 2637 πολιτείας,
2424 2537 2610 2619 κατά

181 2693 278 2760 γε
334 2656 419 2738 τὸ
472 2662 840 2765 ἐγχωροῦν
883 2668 976 2767 τῇ
1024 2663 1328 2770 ὑμετέρᾳ
1384 2663 1607 2769 φύσει
1662 2666 1780 2743 καὶ
1830 2669 1979 2746 τοῖς
2032 2668 2160 2762 τῆς
2214 2661 2604 2765 ἀνθρωπό-

183 2814 411 2881 τητος
477 2783 780 2885 μέτροις,
855 2788 950 2871 ὡς
1022 2787 1536 2866 ἀδιάσπαστον
1610 2787 1797 2892 ἔχειν
1860 2790 1989 2886 τῆς
2063 2792 2162 2871 εἷς
2232 2784 2609 2886 ἀλλήλους

71 2947 158 2988 20
187 2903 485 3006 ἀγάπης
562 2905 692 2985 τὸν
778 2906 1214 3008 σύνδεσμον,
1290 2914 1408 2990 καὶ
1491 2913 1570 2989 ἐν
1652 2910 2014 3010 ἀλλήλοις
2097 2907 2608 3012 συνηρμόσθαι

187 3035 461 3128 καλῶς,
500 3029 686 3110 κατά
734 3066 819 3135 γε
864 3031 992 3112 τὸν
1027 3037 1157 3133 τῆς
1208 3034 1718 3140 φιλαλληλίας
1771 3032 2001 3136 λόγον
2044 3036 2164 3114 καὶ
2214 3031 2300 3113 τὸ
2349 3035 2429 3113 ἐκ
2476 3037 2605 3133 τῆς
2630 3049 2673 3113 b

187 3156 731 3259 φιλοστοργίας
766 3156 1208 3259 ἀσύγκριτον
1243 3155 1601 3262 καύχημα·
1653 3166 1870 3238 τοῦτο
1905 3155 2053 3261 γὰρ
2088 3157 2257 3257 ἡμῖν
2294 3158 2610 3259 ἀκριβῶς

185 3286 663 3384 χαρακτηριεῖ
688 3288 818 3360 τοῦ
854 3278 1306 3361 διδασκάλου
1341 3279 1478 3380 τὴν
1514 3280 1762 3389 δόξαν.
1839 3284 2010 3361 ἀλλ’
2051 3277 2255 3380 οἶμαί
2281 3315 2389 3365 τις
2424 3277 2608 3384 πρὸς

188 3413 411 3484 τοῦτο
464 3406 623 3507 ἐρεῖ,
671 3410 791 3486 καὶ
844 3406 1184 3514 ἀφίξεται
1238 3405 1483 3512 τυχὸν,
1539 3411 1760 3489 ἐκεῖνο
1817 3413 2171 3511 διερωτῶν
2209 3407 2435 3488 Διατί
2480 3411 2607 3507 τῆς

84 3562 162 3623 25
192 3528 338 3610 ὑπὸ
375 3534 684 3635 Χριστῷ
718 3532 1109 3630 μαθητείας
1144 3529 1190 3628 ἡ
1227 3527 1478 3631 ἀγάπη
1510 3529 1597 3610 τὸ
1636 3531 2038 3636 γνώρισμα,
2068 3534 2185 3611 καὶ
2221 3529 2307 3611 τὸ
2343 3538 2609 3612 πασῶν

192 3651 382 3737 εἶδος
440 3655 714 3757 ἀρετῶν
767 3656 844 3733 ἐν
898 3654 1094 3761 αὐτῷ
1154 3653 1576 3759 διεφαίνετο,
1635 3656 1764 3736 οὐκ
1824 3657 1911 3763 ἐξ
1960 3655 2327 3739 ἐπιεικείας
2382 3689 2608 3735 πεπο-

78 3845 81 3848 .
192 3775 560 3879 ρισμένον,
586 3778 760 3856 ἀλλ’
800 3775 960 3857 οὐδὲ
996 3776 1199 3884 πόνῳ
1235 3779 1355 3855 καὶ
1388 3783 1750 3882 προσοχῇ,
1779 3778 2105 3883 καθάπερ
2139 3781 2215 3858 ἐν
2251 3776 2608 3886 ἀνθρώπῳ

193 3900 787 3999 συνειλημμένον,
814 3899 988 3979 ἀλλ’
1019 3904 1116 3985 ὡς
1150 3906 1243 4005 τῇ
1279 3901 1499 3981 αὐτοῦ
1532 3898 2058 4008 προσπεφυκὸς
2095 3902 2364 4008 φύσει,
2415 3901 2606 3984 θείας

198 4022 346 4126 γὰρ
380 4022 710 4121 μάλιστα
747 4024 1039 4131 φύσεως
1072 4021 1238 4120 ἴδια,
1277 4027 1393 4102 καὶ
1432 4025 1613 4128 αὐτῇ
1646 4021 2022 4128 προσόντα
2064 4025 2320 4127 κυρίως
2363 4056 2441 4104 τε
2484 4024 2602 4103 καὶ
2625 4055 2662 4100 ο

94 4187 173 4244 3ο
199 4149 493 4247 ἀληθῶς
527 4143 621 4225 τά
655 4144 925 4230 παντὸς
962 4144 1280 4226 ἐπείτεινα
1317 4146 1702 4247 θαύματος.

272 4331 327 4386 3.
360 4312 734 4383 ἀπολλυμένων
753 4316 1098 4386 περισώσειεν
1120 4314 1185 4370 Ε.
1461 4327 1513 4386 7.
1548 4316 1819 4382 ebo-‹Belus-
1844 4315 1911 4372 E.
1937 4315 2042 4372 Ed.
2069 4334 2182 4387 mg.
2207 4314 2478 4380 εὐσέβειαν
2501 4313 2607 4369 Ed.

207 4400 292 4451 14.
326 4385 559 4456 ἀγαπᾶτε
592 4382 886 4457 munaus]
915 4390 953 4415 “
967 4384 1171 4456 ἀγάπην
1203 4385 1360 4457 ἔχητε
1394 4385 1451 4440 ἓν
1485 4386 1742 4455 ἀλλήλοις
1776 4388 1834 4441 in
1864 4388 1935 4442 al.
1961 4386 2190 4443 codice”
2214 4385 2436 4440 adnotat
2459 4385 2606 4438 Aub.

209 4455 293 4510 16.
328 4455 457 4525 ἐμοῦ
482 4454 549 4509 Ε.
929 4467 1013 4526 17.
1047 4456 1247 4519 βαίνειν
1268 4468 1611 4525 assumptum
1636 4474 1703 4510 ex
1729 4458 1794 4511 E.
2174 4457 2255 4511 18.
2293 4454 2515 4524 ἡμετέρα
2540 4454 2607 4508 Ε.

208 4539 293 4595 ²3·
327 4527 460 4598 πρὸς
484 4527 641 4580 τοῦτο
666 4523 772 4595 ἐρεῖ
794 4523 899 4581 hoc
922 4519 1109 4580 ordine
1133 4526 1199 4581 Ε.
1417 4541 1503 4591 24.
1540 4525 1704 4599 διότι]
1732 4528 1817 4582 διό
1840 4549 1895 4582 τε
1922 4528 1990 4583 Ε.

1321 4626 1508 4693 31³2
