3238 5158
206 370 331 415 vm
358 371 459 439 29.
588 356 702 421 IN
764 357 832 422 S.
880 357 1391 423 JOANNEM.
1484 358 1675 424 LIB.
1709 358 1791 422 V.
1883 357 2090 423 CAP.
2121 358 2205 422 V.
2511 355 2598 420 4⁷

205 518 277 594 ἐν
308 525 453 601 τοῖς
490 519 690 605 ἰδίοις
725 524 1024 622 ἀγαθοῖς
1060 522 1475 622 ἀκλονήτως
1506 523 1993 626 ἐρηρεισμένη,
2030 522 2244 602 ποίαν
2278 521 2427 624 ἕχοι
2463 515 2597 618 τὴν

204 639 314 744 ἐφ’
357 642 596 743 ἕτερόν
649 678 721 724 τι
772 646 1268 749 παρατροπήν·
1359 644 1406 745 ἢ
1461 653 1617 731 πῶς
1672 647 1829 752 οὐχὶ
1883 644 2174 729 πάντως
2227 649 2595 747 δραμεῖται
2617 671 2654 714 a
2701 659 2832 717 627
2849 657 2929 713 A-

204 764 353 843 κατ’
407 766 578 846 εὐθῦ
642 777 771 848 τοῦ
832 771 1011 849 ἰδίου
1070 778 1375 869 σκοποῦ,
1430 774 1548 850 καὶ
1609 770 1702 851 τὰ
1766 773 1980 875 ἑαυτῇ
2044 769 2415 872 πρέποντα
2478 770 2595 848 καὶ

203 887 515 988 λαλήσει
561 894 680 971 καὶ
728 892 1239 999 ἐξεργάσεται,
1300 898 1428 994 τῆς
1473 895 1691 994 αὐτῆς
1727 894 1854 974 οὖν
1890 892 2141 977 οὐσίας
2177 894 2519 997 ὑπάρχων
2554 892 2597 970 ὁ

143 1038 177 1099 5
206 1015 626 1115 Μονογενὴς
674 1016 858 1119 πρὸς
911 1015 1040 1098 τὸν
1094 1021 1345 1098 ἑαυτοῦ
1399 1017 1812 1121 γεννήτορα,
1868 1021 1984 1097 καὶ
2038 1023 2186 1100 τοῖς
2244 1020 2371 1115 τῆς
2431 1021 2598 1108 μιᾶς

202 1137 536 1238 θεότητος
570 1141 939 1247 ἀξιώμασι
974 1143 1406 1246 διαπρέπων,
1439 1140 1728 1226 πάντως
1771 1140 2004 1242 δήπου
2040 1143 2158 1220 καὶ
2193 1139 2598 1240 ἀναγκαίως

201 1260 580 1365 ἐργάσεται
615 1264 747 1364 μὲν
781 1263 966 1369 ἅπερ
1004 1266 1094 1345 ἂν
1124 1265 1513 1368 ἐργάσαιτο
1550 1268 1669 1345 καὶ
1705 1264 1917 1350 αὐτὸς
1955 1267 1995 1344 ὁ
2037 1261 2324 1366 Πατήρ·
2384 1270 2598 1342 τοῦτο

200 1385 340 1490 γάρ
389 1388 549 1467 ἐστι
595 1388 680 1469 τὸ
730 1397 949 1469 ποιεῖν
984 1392 1112 1495 ἀφ’
1148 1390 1385 1470 ἑαυτοῦ
1438 1383 1625 1470 οὐδέν·
1690 1386 2010 1489 λαλήσει
2047 1386 2123 1467 δὲ
2165 1386 2453 1469 πάντως
2508 1382 2598 1464 τὰ

199 1519 324 1591 τοῦ
373 1510 882 1613 γεννήσαντος,
926 1515 1059 1619 οὐχ
1115 1517 1211 1599 ὡς
1269 1513 1628 1615 ὑπουργὸς
1684 1512 1731 1613 ἢ
1787 1511 2336 1612 κεκελευσμένος
2395 1509 2442 1612 ἢ
2498 1513 2597 1595 ὡς

108 1665 179 1707 ιο
199 1633 553 1734 μαθητὴς,
597 1638 766 1715 ἀλλ’
816 1639 914 1720 ὡς
970 1637 1261 1742 φύσεως
1317 1637 1496 1720 ἰδίας
1551 1636 1737 1739 ἔχων
1792 1632 2090 1737 καρπὸν,
2136 1633 2222 1715 τὸ
2278 1637 2395 1714 καὶ
2449 1640 2597 1718 τοῖς

197 1765 322 1837 τοῦ
367 1763 564 1839 Θεοῦ
611 1762 727 1840 καὶ
776 1765 846 1839 Π
853 1760 1066 1863 ατρὸς
1119 1764 1439 1864 χρῆσθαι
1493 1757 1765 1860 λόγοις.
1838 1762 1913 1838 ἐν
1948 1757 2180 1866 τούτῳ
2231 1757 2376 1861 γὰρ
2434 1763 2587 1837 δια·
2620 1771 2663 1835 b

199 1881 527 1986 φαίνεται
598 1890 865 1988 σαφῶς
930 1888 1046 1964 καὶ
1120 1886 1481 1989 λοιδορίας
1554 1881 1847 1984 ἁπάσης
1920 1885 2262 1986 ἀμοιροῦν
2338 1880 2421 1962 τὸ
2495 1879 2597 1981 μὴ

197 2003 555 2107 λε’γεσθαί
601 2040 673 2087 τι
725 2005 895 2111 παρ’
942 2008 1184 2087 αὐτοῦ.

236 2292 350 2359 Καὶ
401 2295 442 2361 ὃ
496 2293 764 2372 πέμψας
816 2315 898 2370 με
951 2290 1083 2369 μετ’
1146 2291 1306 2369 ἐμοῦ
1359 2292 1515 2360 ἐστι·
1599 2295 1705 2358 καί
1760 2292 1879 2359 οὐκ
1933 2293 2149 2381 ἀφῆκέ
2201 2315 2281 2368 με
2334 2292 2560 2369 μόνον.
2623 2306 2701 2365 29

104 2495 173 2556 Ι5
304 2491 438 2569 Ἐν
512 2489 744 2599 τούτῷ
817 2489 1175 2570 δείκνυσιν
1237 2491 1553 2592 ἐναργῶς
1626 2491 1735 2570 ὅτι
1809 2489 1943 2592 τὴν
2008 2499 2136 2571 τοῦ
2211 2496 2405 2571 Θεοῦ
2480 2494 2599 2570 καὶ

201 2614 497 2719 Πατρὸς
562 2614 992 2719 διερμηνεύει
1056 2612 1362 2714 βουλὴν,
1418 2616 1544 2694 οὐκ
1599 2613 1812 2699 αὐτὸς
1867 2616 2051 2720 ἔχων
2104 2614 2347 2718 ἑτέραν
2399 2615 2600 2720 παρὰ

196 2738 327 2840 τὴν
360 2745 439 2820 ἐν
474 2741 733 2848 ἐκείνῷ·
790 2738 1061 2834 πόθεν;
1121 2737 1336 2822 αὐτὸς
1389 2736 1531 2842 γάρ
1581 2741 1784 2818 ἐστιν
1827 2740 1872 2838 ἡ
1923 2738 2126 2841 ζῶσα
2171 2744 2288 2819 καὶ
2338 2738 2593 2820 ε’νυπό-

196 2896 469 2950 στατος
512 2864 750 2963 βουλή
800 2898 878 2945 τε
928 2866 1045 2943 καὶ
1098 2861 1398 2962 θέλησις
1447 2870 1573 2941 τοῦ
1623 2861 2106 2962 γεννήσαντος
2141 2862 2378 2961 αὐτὸν,
2414 2862 2596 2942 κατὰ
2622 2895 2659 2939 ο

195 2985 280 3067 τὸ
329 2990 406 3067 ἐν
439 2990 693 3095 βίβλῳ
743 2993 1072 3091 ψαλμῶν
1106 2986 1471 3090 εἷρημένον
1509 2983 1650 3065 ὑπό
1699 3018 1889 3068 τινος
1942 2992 2089 3064 τῶν
2132 2986 2357 3087 ἁγίων
2393 2997 2436 3033 “
2463 2985 2597 3065 Ἐν
2687 2977 2933 3105 {³:2¹¹m·

97 3136 173 3178 20
197 3121 240 3159 ‘⁶
272 3117 366 3216 τῇ
420 3116 663 3217 βουλῇ
719 3145 860 3191 σου
915 3107 1306 3211 ὡδήγησάς
1358 3109 1510 3208 με,”
1551 3112 1669 3188 καὶ
1722 3110 1950 3189 πάλιν
1995 3120 2039 3156 “
2071 3108 2309 3213 Κύριε,
2362 3111 2440 3188 ἐν
2493 3116 2597 3217 τῷ
2687 3126 2932 3242 {mxxix-

196 3243 240 3281 “
274 3236 637 3336 θελήματί
678 3268 821 3313 σου
867 3234 1260 3338 παράσχου
1312 3237 1416 3340 τῷ
1465 3231 1727 3313 κάλλει
1774 3267 1916 3331 μου
1952 3233 2321 3332 δύναμιν,”
2357 3232 2599 3314 πάντα
2722 3228 2738 3244 ’

196 3356 337 3462 γὰρ
372 3361 451 3438 ἐν
489 3363 799 3464 Χριστῷ
831 3355 924 3437 τὰ
958 3355 1203 3458 ἀγαθὰ
1238 3363 1387 3440 τοῖς
1422 3357 1813 3457 ἀγαπῶσιν
1850 3355 2089 3436 αὐτόν·
2149 3355 2321 3436 ἀλλ’
2361 3362 2459 3442 ὡς
2501 3363 2597 3443 εἰς

195 3489 475 3582 γνῶσιν
529 3482 852 3588 ἐκφέρων
905 3479 1037 3578 τὴν
1090 3477 1436 3580 ἡμετέραν
1489 3478 1581 3559 τὰ
1637 3481 1714 3559 ἐν
1768 3486 1872 3588 τῷ
1928 3486 2096 3589 Θεῷ
2151 3484 2268 3560 καὶ
2329 3483 2589 3586 Πατρί.

196 3601 412 3710 ὅνπερ
455 3604 605 3709 γὰρ
648 3603 920 3709 τρόπον
955 3602 1049 3684 τὰ
1099 3604 1175 3683 ἐν
1210 3608 1315 3711 τῷ
1363 3601 1577 3698 βάθει
1628 3607 1757 3703 τῆς
1804 3604 2147 3707 ἡμετέρας
2195 3605 2505 3689 διανοίας
2555 3609 2596 3687 ὃ

99 3742 169 3803 25
194 3728 638 3835 προφορικὸς
673 3728 875 3828 ἡμῶν
913 3726 1116 3811 οὗτος
1168 3731 1284 3807 καὶ
1337 3725 1453 3805 διὰ
1499 3726 1865 3829 γλώσσης
1913 3726 2394 3831 προχεόμενος
2444 3763 2593 3808 σα-

195 3852 468 3958 φηνίζει
533 3853 788 3955 λόγος,
851 3857 969 3931 καὶ
1030 3848 1163 3950 τὴν
1222 3852 1300 3930 ἐν
1357 3853 1461 3957 τῷ
1527 3854 1630 3957 νῷ
1693 3849 1998 3949 θέλησιν
2063 3851 2198 3951 τὴν
2264 3854 2389 3933 ἐπί
2444 3888 2597 3934 τισι

194 3975 537 4078 δηλονότι
590 3980 801 4083 φημὶ,
853 3973 1178 4077 καθάπερ
1232 4008 1301 4054 τι
1358 3970 1657 4073 μάθημα
1714 3971 1993 4073 λαβὼν,
2057 3979 2175 4055 καὶ
2238 3975 2328 4083 ἐξ
2379 3978 2596 4077 αὐτῆς
2622 3997 2668 4062 d

269 4256 316 4295 1.
352 4238 498 4313 ἔχοι]
526 4238 631 4309 ἔξει
656 4256 705 4293 a.
733 4236 853 4293 Cat.
879 4237 1035 4292 Harl.
1309 4248 1362 4308 5.
1400 4234 1558 4291 αὐτοῦ
1581 4252 1630 4290 a.
1894 4236 1946 4291 6.
1982 4236 2279 4308 διαπρέπων
2299 4238 2503 4294 πάντως
2526 4237 2594 4292 Β.

195 4309 495 4380 διαπρέπων
517 4327 564 4364 a.
590 4310 974 4379 διαπρεπόντως
1000 4307 1183 4363 Holst.
1209 4306 1314 4362 Ed.
1562 4307 1615 4361 8.
1652 4303 1880 4377 πάντως]
1907 4307 2074 4361 πάντα
2098 4326 2146 4362 a.
2407 4324 2489 4363 12.
2523 4310 2595 4379 μὴ

193 4391 538 4452 assumptum
561 4398 625 4435 ex
651 4398 701 4434 a.
1052 4395 1134 4449 19.
1173 4379 1229 4433 ἐν
1249 4378 1428 4450 βῖβλφ
1449 4378 1683 4458 ψαλμῶν
1712 4376 1775 4431 B.
1800 4378 1856 4430 ἐν
1879 4381 1951 4431 τῶ
1977 4376 2066 4449 [τῇ
2092 4376 2266 4449 Aub.]
2291 4379 2469 4451 βίβλῳ
2494 4382 2598 4432 τῶν

245 4455 427 4521 ολμῶν
455 4451 555 4506 Ht.
581 4450 729 4505 Aub.
903 4465 1098 4520 24—p.
1118 4449 1207 4515 48,
1231 4448 1284 4503 8.
1327 4447 1474 4503 Haec
1499 4457 1629 4502 cltat
1652 4447 1893 4501 collectio
1921 4430 2139 4503 Pau-um
2165 4449 2599 4504 testimoniorum

195 4523 429 4649 ἱοῖτὶἒὲε,
464 4521 759 4663 ἰιιὲιὶὸιίὸαιᾶιί
795 4519 1108 4663 Ῑέἑίὶιῖιιὶοο
1144 4519 1422 4575 adservata
1455 4517 1661 4590 [codd.
1686 4517 1832 4572 Add.
1864 4533 2056 4591 14532‚
2092 4519 2186 4575 fol.
2216 4533 2350 4591 1253
2404 4533 2598 4590 14533,
