3238 5158
185 330 335 373 xm
363 330 469 396 34.
780 312 895 377 IN
955 314 1021 378 S.
1070 312 1584 380 JOANNEM.
1679 312 1867 378 LIB.
1917 306 2038 377 IX.
2475 309 2600 372 385

190 471 348 577 γάρ
383 509 498 555 τοι
532 483 746 557 τοῦτο
784 481 902 557 καὶ
945 478 1267 586 ἔφασκεν
1304 477 1517 563 αὐτός
1552 489 1597 528 “
1617 477 1831 580 Λέγω
1883 476 2029 579 γὰρ
2080 478 2266 573 ὑμῖν,
2305 472 2416 554 ὅτι
2463 478 2607 556 πᾶς
2695 471 2939 603 ξῇξίέιξὴ·

192 606 247 646 “
280 599 746 701 γραμματεὺς
780 606 1246 705 μαθητευθεὶς
1294 607 1385 708 τῇ
1435 603 1786 709 βασιλείᾳ
1830 607 1975 681 τῶν
2011 600 2333 702 οὐρανῶν
2366 593 2610 694 ὅμοιός

192 729 245 768 “
281 722 486 803 ἐστιν
522 714 882 835 ἀνθρώπῳ
928 727 1288 835 πλουσίῳ,
1325 726 1531 811 ὅστις
1570 724 1919 822 ἐκβάλλει
1955 728 2035 805 ἐκ
2071 730 2200 804 τοῦ
2237 726 2609 823 θησαυροῦ

196 854 245 893 “
283 846 504 927 αὐτοῦ
551 848 761 929 καινὰ
809 852 929 930 καὶ
979 850 1329 931 παλαιά.”
1385 860 1706 935 πλοῦτος
1754 849 1884 946 μὲν
1919 848 2066 951 γὰρ
2112 845 2337 929 ὅντως
2384 876 2601 924 πνευ·

120 997 162 1057 5
194 968 501 1068 ματικός
537 1006 617 1053 τε
652 975 772 1053 καὶ
810 974 981 1055 λίαν
1014 976 1092 1054 ἐν
1125 981 1274 1059 τοῖς
1318 973 1436 1054 διὰ
1476 973 1856 1059 Μωυσέως
1899 973 2274 1078 τετρίφθαι
2323 966 2601 1071 λόγοις,

197 1097 323 1174 καὶ
371 1094 506 1195 τὴν
555 1098 643 1204 ἐξ
690 1099 926 1178 αὐτῶν
969 1097 1333 1206 ὠφέλειαν
1380 1096 2052 1202 τεθησαυρισμένην
2094 1095 2282 1201 ἔχειν
2325 1095 2402 1174 ἐν
2445 1095 2601 1172 δια·

199 1220 365 1327 νοίᾳ
411 1217 541 1300 τὸν
584 1220 988 1325 ἄνθρωπον,
1021 1221 1581 1331 προσειληφότα
1630 1220 1859 1325 γεμὴν
1904 1223 2021 1301 καὶ
2074 1219 2162 1300 τὸ
2209 1223 2339 1319 τῆς
2387 1217 2604 1319 εὐαγ-

199 1348 501 1445 γελικῆς
532 1345 977 1433 παιδεύσεως
1012 1345 1311 1446 κάλλος,
1338 1347 1862 1450 ἐναβρύνεσθαι
1898 1350 2192 1440 διπλῶς,
2220 1348 2311 1448 τῇ
2347 1377 2426 1422 τε
2465 1347 2611 1420 τῶν
2633 1364 2668 1408 0

202 1466 528 1573 ἀρχαίων
563 1472 683 1549 καὶ
714 1476 862 1551 τῶν
898 1470 1076 1552 νέων
1111 1473 1189 1552 ἐν
1215 1470 1482 1572 εἰδήσει
1521 1471 1781 1572 νόμων.
1845 1468 2115 1553 δεικνὺς
2150 1474 2535 1569 τοιγαροῦν
2571 1466 2612 1543 5

93 1627 177 1669 10
209 1590 482 1695 Κύριος
534 1592 740 1693 ἡμῶν
773 1595 1061 1695 Ἰησοῦς
1117 1595 1159 1674 5
1210 1591 1562 1699 Χριστὸς,
1607 1594 1720 1675 ὅτι
1774 1598 1901 1694 τῆς
1955 1593 2254 1698 ἀρχαίας
2310 1590 2613 1686 ἀμείνων

205 1715 509 1815 ἐντολῆς
557 1716 604 1817 ἦ
653 1719 824 1821 παρ’
867 1719 1106 1817 αὐτοῦ,
1142 1721 1260 1799 καὶ
1309 1718 1421 1799 ὅτι
1468 1726 1618 1803 τοῖς
1667 1721 1744 1799 ἐν
1787 1715 1986 1827 νόμῳ
2039 1711 2614 1812 πολιτευομένοις

205 1837 499 1941 ἀτριβές
558 1874 713 1925 πως
777 1840 868 1943 ἦν
931 1843 1035 1922 ἔτι
1099 1842 1184 1924 τὸ
1248 1842 1610 1948 σωτήρων
1667 1841 2018 1945 κήρυγμα,
2073 1839 2375 1941 μέλλων
2433 1838 2607 1916 ἀνα·

205 1962 484 2059 βαίνειν
546 1971 646 2051 εἷς
719 1966 1082 2069 οὐρανοὺς,
1145 1964 1483 2069 θεμέλιόν
1549 2000 1711 2048 τινα
1784 1963 2040 2068 ὥσπερ
2114 1968 2231 2044 καὶ
2304 1965 2616 2064 κρηπῖδα

206 2085 480 2173 παντὸς
537 2090 817 2192 ἀγαθοῦ
875 2089 1005 2170 τὸν
1057 2095 1187 2191 τῆς
1251 2089 1541 2194 ἀγάπης
1605 2077 2297 2194 προκαταβάλλεται
2361 2083 2610 2185 νόμον,

102 2237 180 2298 15
209 2210 499 2313 ἀγάπης
536 2211 634 2311 δὲ,
672 2214 756 2293 οὐ
804 2219 934 2314 τῆς
982 2214 1167 2296 κατὰ
1216 2215 1457 2315 νόμον,
1495 2214 1701 2294 ἀλλὰ
1756 2218 1886 2314 τῆς
1944 2211 2123 2315 ὑπὲρ
2178 2208 2419 2309 νόμον.
2497 2208 2616 2286 διὰ

211 2335 424 2417 τοῦτό
473 2342 708 2444 φησιν
741 2338 1046 2433 Ἐντολῗιν
1085 2337 1306 2434 καινῆν
1345 2335 1595 2447 δίδωμι
1646 2343 1795 2446 ὑμῖν
1825 2339 1940 2419 ἵνα
1986 2340 2328 2441 ἀγαπᾶτε
2376 2336 2607 2427 ἀλλή-

212 2479 395 2547 λους.
471 2457 628 2541 εἶτα
662 2469 838 2561 πῶς,
876 2463 1037 2544 εἶπέ
1061 2497 1206 2565 μοι,
1246 2461 1546 2571 φήσειεν
1580 2462 1672 2543 ἄν
1708 2498 1814 2549 τις
1849 2459 2091 2567 τυχὸν,
2127 2457 2301 2539 εἶναι
2344 2458 2613 2556 ταύτην
2636 2465 2679 2529 d

211 2583 343 2684 τὴν
397 2585 700 2686 ἐντολὴν
755 2586 1007 2687 καινὴν
1060 2588 1333 2692 εἴρηκεν
1390 2589 1430 2667 5
1487 2586 1605 2669 διὰ
1664 2584 2041 2670 Μωυσέως
2100 2591 2249 2668 τοῖς
2307 2586 2603 2687 ἀρχαιο-

214 2707 442 2810 τέροις
479 2710 696 2789 εἰπών
721 2723 764 2759 “
789 2712 1242 2814 Ἀγαπήσεις
1283 2713 1555 2816 Κύριον
1591 2711 1721 2793 τὸν
1745 2710 1937 2792 Θεόν
1971 2743 2113 2790 σου
2149 2708 2238 2815 ἐξ
2270 2706 2448 2806 ὅλης
2485 2708 2612 2803 τῆς
2701 2719 2897 2848 ἓξὲξ·

111 2868 194 2910 20
218 2841 260 2879 “
297 2834 589 2935 καρδίας
624 2867 766 2914 σου
815 2836 933 2916 καὶ
986 2836 1075 2942 ἐξ
1116 2835 1294 2936 ὅλης
1342 2840 1473 2936 τῆς
1522 2838 1836 2920 διανοίας
1882 2869 2052 2933 σου,
2092 2835 2210 2913 καὶ
2244 2828 2372 2910 τὸν
2406 2839 2601 2928 πλη·
2702 2824 2857 2902 ὐοιια
2877 2849 2946 2902 vi.

217 2965 261 3004 “
294 2956 463 3035 σίον
496 2990 638 3037 σου
676 2961 772 3043 ὡς
808 2957 1061 3041 ἑαυτόν
1089 2960 1157 3058 ;”
1199 2959 1351 3041 ἶδοῦ
1390 2959 1536 3066 γὰρ
1578 2959 1733 3041 ἰδοῦ
1774 2959 2145 3066 προτάξας
2177 2962 2322 3036 τῶν
2358 2954 2614 3035 ἄλλων
2704 2931 2749 2980 ε’

219 3083 332 3160 καὶ
366 3080 860 3183 προτεθεικὼς,
896 3087 992 3169 ὡς
1025 3083 1233 3183 εἰκὸς,
1270 3084 1403 3186 τὴν
1439 3090 1539 3170 εἰς
1577 3082 1771 3166 Θεὸν
1805 3082 2203 3187 ἀγάπησιν,
2233 3115 2618 3186 παρεισκε-

219 3202 465 3305 κόμικε
505 3205 793 3308 γείτονα
826 3208 960 3309 τὴν
996 3215 1094 3293 εἰς
1143 3208 1542 3310 ἀλλήλους,
1579 3212 1699 3290 καὶ
1745 3206 2137 3315 παρέζευξέ
2172 3241 2329 3291 πως
2376 3210 2469 3311 τῇ
2518 3210 2618 3288 εἶς

220 3326 407 3408 Θεὸν
444 3328 578 3430 τὴν
608 3336 708 3415 εἷς
755 3331 944 3433 ἡμᾶς
995 3331 1272 3429 αὐτοὺς,
1311 3336 1407 3416 ὡς
1444 3334 1572 3414 οὐκ
1607 3330 1699 3412 ἂν
1735 3333 1987 3435 ἑτερως
2030 3328 2339 3436 ἐχούσης
2384 3329 2614 3434 ὀρθῶς

118 3477 194 3540 25
219 3452 374 3534 οὐδὲ
409 3457 540 3554 τῆς
574 3458 673 3541 εἷς
710 3454 903 3536 Θεὸν
938 3453 1256 3558 ἀγάπης,
1292 3462 1353 3537 εἰ
1388 3455 1489 3557 μὴ
1526 3456 1921 3559 παρεῆτοιτο
1972 3453 2197 3561 ταύτῃ
2246 3456 2363 3536 καὶ
2414 3456 2457 3554 ἡ
2511 3459 2614 3560 τῷ
2635 3493 2676 3536 e

217 3575 442 3662 πέλας
478 3579 1050 3683 χρεωστουμένη.
1126 3576 1389 3663 πάντες
1433 3579 1580 3683 γάρ
1630 3581 1850 3679 ἐσμεν
1885 3578 2239 3680 ἀλλήλων
2276 3580 2607 3685 ἀδελφοί.

220 3703 333 3780 καὶ
395 3710 575 3804 γοῦν
629 3703 672 3782 5
734 3702 1171 3812 σοφώτατος
1229 3701 1588 3803 Ἰωάννης,
1656 3702 2029 3782 κάλλιπά
2091 3737 2168 3782 τε
2231 3701 2431 3786 εἰδὼς
2496 3705 2615 3782 καὶ

221 3823 581 3906 διδάσκων
616 3825 896 3931 ἑτέρους
929 3828 1029 3907 Ὁ
1067 3830 1392 3929 ἀγαπῶν,
1432 3829 1642 3934 φησὶ,
1675 3825 1804 3908 τὸν
1840 3827 2167 3932 ἀδελφὸν
2202 3827 2449 3926 αὐτοῦ,
2487 3823 2615 3906 τὸν
2702 3845 2784 3961 ξῖ·
2807 3860 2826 3894 ¹
2848 3844 2899 3922 S,-

223 3945 413 4027 Θεὸν
467 3951 737 4057 ἀγαπᾷ.
824 3957 981 4035 πῶς
1044 3952 1171 4032 οὖν
1225 3949 1482 4050 ἐντολὴ
1548 3950 1753 4054 καινὴ
1805 3949 1921 4030 διὰ
1976 3956 2332 4053 Χριστοῦ,
2390 3951 2614 4030 καίτοι
2706 3927 2936 4026 azmav-

122 4108 200 4165 30
223 4078 364 4156 τοῖς
437 4080 777 4158 παλαιοῖς
854 4074 1098 4173 νόμοις
1172 4075 1680 4177 διηγορευμένη
1714 4108 1734 4172 ;
1831 4077 2001 4156 ἀλλ’
2078 4074 2213 4178 ὅρα
2291 4109 2413 4172 μοι
2484 4072 2617 4174 τὴν

222 4193 655 4301 ἀσφάλειαν,
689 4196 922 4291 βλέπε
959 4198 1091 4298 τὴν
1125 4198 1529 4302 ἐπαγωγήν.
1606 4202 1691 4278 οὐ
1728 4198 1871 4303 γὰρ
1907 4202 2223 4303 ἠρκέσθη
2260 4206 2363 4307 τῷ
2401 4206 2616 4279 εἰπεῖν

221 4316 520 4412 Ἐντολῆν
562 4320 779 4413 καινῆν
819 4316 1065 4426 δίδωμι
1108 4326 1255 4426 ὑμῖν
1286 4324 1400 4405 ’ἵνα
1442 4327 1787 4427 ἀγαπᾶτε
1832 4327 2201 4419 ἀλλήλους,
2240 4323 2440 4402 ἀλλὰ
2489 4332 2618 4400 τοῦ

358 4549 410 4604 6.
447 4551 502 4604 ἐν
524 4561 862 4621 assumptum
890 4570 951 4605 ex
984 4551 1046 4605 E.
1323 4572 1373 4622 9.
1413 4553 1660 4622 ἐνηδῆσει
1695 4552 1794 4607 Ed.
2061 4567 2144 4605 21.
2184 4553 2401 4606 σεαυτόν
2427 4569 2474 4604 a.

306 4653 444 4697 vot..
478 4654 552 4698 11.
1395 4657 1431 4720 3
1468 4657 1506 4698 D

2379 4791 2408 4839 l
