3238 5158
614 369 744 431 610
1221 367 1302 432 Β.
1351 365 1763 433 CYRILLI
1823 367 2404 432 ALEXANDR.
2809 356 3036 424 xvia.

284 611 442 695 Κεφ·
475 610 575 686 ‘5'0
949 619 1173 689 Ταῦτα
1227 625 1563 690 λελάληκα
1618 617 1785 706 ὑμῖν,
1838 623 1944 691 ἵνα
1999 624 2087 701 μὴ
2144 620 2683 691 σκανδαλισθῆτε.

728 789 889 891 Τὴν
926 797 1070 871 τῶν
1088 792 1456 872 Ἰουδαίων
1490 788 1840 872 ἀπόνοιαν
1876 788 2293 899 φανοτάτην
2316 796 2467 873 τοῖς
2502 785 2766 871 ἑαυτοῦ
2802 787 3048 882 μαθη-

614 922 773 1000 ταῖς
837 913 1190 999 καθιστάς
1261 916 1303 994 ὁ
1382 914 1663 1020 Σωτὴρ,
1736 913 1929 1020 τάχα
2002 916 2119 995 καὶ
2183 917 2577 1015 ἐπενεγκεῖν
2638 915 2803 992 τοῖς
2877 907 3046 1008 περὶ

287 1050 411 1106 012
429 1049 512 1104 Α·
556 1062 594 1105 8
617 1038 890 1121 τούτων
925 1039 1184 1139 ἔμελλε
1236 1038 1506 1141 λόγοις,
1543 1039 1656 1120 ὅτι
1706 1038 1795 1139 δὴ
1843 1038 2025 1143 πρὸς
2072 1038 2439 1138 τοσαύτην
2472 1037 2742 1144 ἥξουσι
2795 1038 3043 1132 δυση-

617 1162 819 1245 κοΐαν
855 1169 924 1243 οἱ
972 1163 1297 1263 τάλανες,
1349 1161 1866 1271 ἀποφράξουσι
1916 1161 1992 1245 δὲ
2042 1165 2228 1243 οὕτω
2282 1161 2416 1263 τὴν
2458 1158 2709 1260 ἀκοὴν,
2761 1159 2896 1238 καὶ
2951 1163 3044 1240 εἰς
3063 1179 3093 1238 Ξ

614 1295 831 1369 τοῦτο
899 1292 1316 1383 βαδιοῦνται
1383 1286 1761 1387 μισοθεΐας
1830 1292 1897 1368 οἱ
1960 1288 2283 1385 δείλαιοι,
2353 1282 2908 1388 καθυβρίσουσι
2971 1279 3044 1362 δὲ

618 1414 806 1493 οὕτω
868 1408 1037 1496 τοὺς
1098 1412 1274 1514 ὑπὲρ
1338 1416 1465 1512 τῆς
1535 1413 1878 1513 ἀληθείας
1941 1409 2230 1516 λόγους,
2290 1415 2387 1496 ὦς
2449 1410 2648 1512 εἴπερ
2719 1409 2848 1489 καὶ
2919 1404 3050 1487 δύο

619 1535 941 1639 γένοιντο
1004 1532 1227 1641 τυχὸν
1283 1540 1413 1636 τῆς
1474 1537 1696 1616 αὑτοῦ
1753 1536 1972 1644 δόξης
2037 1542 2105 1616 οἱ
2169 1532 2542 1639 μάρτυρες,
2602 1532 2795 1633 μηδὲ
2855 1534 3044 1612 οὕτω

619 1661 1174 1768 παραδέξασθαι
1212 1658 1450 1742 θέλειν
1480 1658 1724 1761 αὐτὴν,
1764 1662 1991 1742 καίτοι
2039 1657 2424 1764 διαῤῥήδην
2461 1657 3044 1760 ἀνακεκραγότος

623 1795 752 1868 τοῦ
803 1783 1046 1886 νόμου,
1081 1783 1556 1866 πιστεύεσθαι
1608 1787 1771 1884 δεῖν,
1820 1792 1937 1866 καὶ
1987 1781 2507 1867 ἀνενδοιάστως
2556 1779 2742 1863 εἶναι
2791 1816 3034 1885 παρα·
3064 1809 3116 1853 ¹³

288 1900 498 2029 ,ξ’-ἒξ
626 1908 898 2009 δεκτὸν,
940 1915 1089 1990 πᾶν
1134 1945 1308 2015 οπερ
1352 1908 1441 1989 ἂν
1483 1907 1603 1990 διὰ
1649 1914 1778 2009 τῆς
1829 1908 1956 1989 δύο
2010 1943 2233 2015 τυχον
2278 1905 2327 2009 ἢ
2376 1912 2595 2011 τριῶν
2641 1909 3044 2011 ἐπιμαρτυ-

624 2041 824 2137 ροῖτο
880 2037 1150 2140 φωνῆς.
1231 2032 1434 2114 ἀλλὰ
1490 2041 1703 2114 τοῦτο
1762 2033 1892 2134 μὲν
1948 2035 2041 2114 οὕ
2093 2042 2284 2140 φησι
2346 2031 2731 2139 χρησίμως
2794 2036 2904 2116 εἷς
2965 2064 3044 2110 το

555 2174 601 2242 b
624 2156 881 2260 παρόν.
947 2192 1062 2238 και
1101 2192 1246 2261 γαρ
1283 2156 1374 2238 ἀν
1411 2159 1496 2238 οὐ
1530 2160 1827 2262 μετρίαν
1862 2159 2102 2243 αὐτοῖς
2136 2159 2508 2257 ἐνεποίησε
2539 2155 2676 2256 τὴν
2715 2155 3046 2255 ἀκηδίαν,

625 2284 743 2363 καὶ
799 2281 1201 2367 διακλάσας
1257 2279 1510 2387 ωσπερ
1565 2317 1663 2367 εις
1717 2284 2141 2385 ἀπόγνωσιν
2188 2316 2355 2367 τους
2417 2279 2775 2382 μαθητὰς,
2832 2279 3046 2361 ὄκνου

626 2408 744 2488 καὶ
799 2405 1066 2490 δειλίας
1123 2404 1724 2511 ἀπαραπόδιστον
1782 2409 1858 2487 ἐν
1914 2408 2153 2494 αὐτοῖς
2215 2407 2424 2486 ἐτίθει
2487 2401 2620 2504 τὴν
2683 2403 3037 2510 πάροδον.
3064 2433 3114 2490 13

626 2528 808 2616 εἰκὸς
844 2528 987 2634 γὰρ
1031 2527 1261 2631 δήπου
1310 2532 1472 2612 καθ’
1513 2528 1806 2616 ἑαυτοὺς
1852 2531 2132 2629 ἐννοεῖν,
2168 2533 2265 2615 ὡς
2317 2533 2376 2610 εἶ
2424 2531 2671 2630 μηδενὶ
2723 2531 3040 2631 πεισθή-

627 2690 888 2740 σονται
938 2661 1316 2741 παντελῶς
1372 2661 1518 2736 τῶν
1566 2656 1935 2736 Ἰουδαίων
1988 2660 2056 2736 οἱ
2109 2660 2341 2756 δῆμοι,
2387 2651 2588 2735 ἀλλά
2641 2659 2770 2736 καὶ
2826 2655 3048 2737 αὐτὸν

627 2779 1029 2884 ἡγήσονται
1097 2783 1267 2885 παρ’
1329 2780 1533 2860 οὐδὲν
1594 2778 1726 2860 τὸν
1793 2777 2301 2885 Παράκλητον,
2365 2778 2591 2861 καίτοι
2651 2786 2813 2864 τοῖς
2879 2778 3050 2882 ὑπὲρ

630 2906 860 3010 λόγον
890 2903 1523 3010 τερατουργήμασι
1557 2903 2179 3006 καταπλήττοντα,
2217 2903 2419 2985 οὐδὲν
2456 2902 2530 2984 δὲ
2572 2903 2804 3004 ἦττον
2843 2905 3042 2986 ἇλό·

629 3064 887 3111 σονται
947 3033 1065 3109 καὶ
1125 3027 1308 3128 μετὰ
1363 3037 1577 3110 τοῦτο
1629 3038 2012 3131 μισοῦντες
2071 3029 2421 3135 Χριστὸν,
2471 3032 2589 3110 καὶ
2643 3027 2799 3110 σὺν
2856 3032 3046 3138 αὐτῷ
3065 3055 3116 3099 ⁸⁰

629 3151 759 3235 τὸν
799 3154 1116 3258 Πατέρα,
1157 3153 1237 3235 τί
1284 3156 1401 3235 καὶ
1455 3150 1684 3235 πόνον
1734 3157 2140 3255 ἀνατλῆσαι
2196 3153 2437 3255 δεήσει
2494 3151 2756 3252 κενόν,
2817 3157 2912 3236 τί
2955 3154 3046 3256 μῆ

575 3315 611 3360 ο
636 3281 752 3359 καὶ
786 3278 1237 3383 πραγμάτων
1274 3277 1878 3360 ἀπαλλάττεσθαι
1911 3283 2034 3376 δεῖ,
2068 3276 2199 3379 τὴν
2236 3284 2334 3363 εἰς
2369 3276 2715 3378 ἀνηκόους
2754 3278 3048 3378 σιωπὴν

633 3412 763 3485 τοῦ
801 3402 1166 3485 διδάσκειν
1201 3401 1793 3507 προτιμήσαντας
1824 3436 1845 3501 ;
1874 3442 1890 3454 ·
1907 3404 2136 3485 ταῦτά
2184 3439 2299 3485 τοι
2346 3401 2529 3485 κατὰ
2561 3401 2648 3484 τὸ
2685 3402 2892 3489 εἰκὸς
2929 3406 3048 3485 οὐκ

633 3526 1009 3630 ἀγνοήσας
1070 3533 1483 3631 λογιεῖσθαι
1546 3524 1713 3613 τοὺς
1776 3526 2126 3629 μαθητὰς,
2191 3526 2656 3633 περιστέλλει
2720 3526 2870 3627 μὲν
2933 3532 3044 3609 ἐν·

633 3650 899 3757 τέχνως
971 3649 1064 3732 τὰ
1140 3652 1422 3755 ὅσαπερ
1495 3651 1586 3755 ἦν
1660 3653 2160 3762 μοχθηρότερα
2233 3652 2416 3754 πρὸς
2489 3649 2860 3759 ἐξήγησιν
2936 3656 3042 3733 καὶ
3061 3682 3110 3737 25

637 3775 905 3860 δειλίας
943 3779 1060 3856 καὶ
1096 3775 1309 3857 ὄκνου
1343 3785 1473 3857 τοῦ
1507 3812 1693 3881 προς
1740 3812 1826 3859 το
1879 3782 2140 3884 χρῆναι
2188 3776 2620 3858 διδάσκειν’
2582 3777 3039 3878 εμποιητικά·

635 3933 1072 4004 παρατρεπει
1144 3899 1221 3981 δὲ
1289 3902 1670 4006 χρησίμως
1739 3908 1870 3982 τοῦ
1934 3900 2165 4004 λόγου
2228 3899 2361 4001 τὴν
2420 3899 2724 4000 δύναμιν
2783 3902 2914 3982 ἐπὶ
2967 3896 3042 3980 τὲ

637 4024 1317 4179 προευτρεπίζεσθαι
1355 4028 1531 4124 δεῖν,
1577 4024 1696 4105 καὶ
1728 4023 2315 4129 προεσκευάσθαι
2353 4029 2686 4109 νεανικῶς
2730 4023 2930 4128 πρὸς
2961 4022 3042 4106 τὲ

575 4162 619 4226 d
641 4148 812 4257 ἐξ’
774 4149 1057 4229 εκείνων
1089 4145 1421 4248 ἐσόμενα,
1459 4148 1619 4249 ἤτοι
1667 4149 2257 4253 προσδοκώμενα.
2336 4148 2423 4230 τὸ
2470 4146 2615 4253 γὰρ
2668 4150 3040 4255 αἰφνιδίως

641 4274 759 4354 καὶ
813 4272 1180 4375 ἀδοκήτως
1231 4277 1428 4355 τισὶν
1479 4272 1810 4374 ἐπελθὸν,
1858 4271 2101 4356 ἱκανὸν
2151 4272 2460 4383 ταράξω
2511 4275 2629 4354 καὶ
2682 4271 2821 4375 τὴν
2880 4277 3038 4356 λίαν
3055 4294 3096 4355 3³

654 4616 670 4637 ²
715 4544 805 4671 3ξὲ
829 4546 1034 4671 §efflas
1058 4545 1187 4604 E.F.
1212 4546 1410 4607 δειλίαν
1433 4565 1558 4606 cum
1582 4547 1835 4605 asterisco
1859 4555 2106 4606 notatum
2129 4548 2280 4605 Aub.
2606 4562 2692 4620 30.
2725 4548 2958 4605 ἐπελθὸν
2981 4547 3040 4604 Β.

640 4638 731 4671 ent
804 4640 879 4672 ew
992 4655 1006 4671 ο
