3238 5158
235 356 390 422 xvii.
414 377 647 438 20,21.
725 364 839 428 IN
887 366 953 430 S.
989 366 1501 431 JOANNEM.
1579 368 1769 432 LIB.
1805 369 1927 433 XI.
2007 369 2211 435 CAP.
2243 370 2362 434 XI.
2508 361 2636 434 ’731Ι

235 523 548 626 οἷῤῥήτου
583 532 947 614 κοινωνίας
983 531 1324 637 ἐτύχομεν
1361 536 1478 612 καὶ
1517 538 1644 633 τῆς
1678 533 1999 619 ἑνώσεως
2035 539 2160 634 τῆς
2194 532 2375 636 πρὸς
2414 531 2630 612 Θεόν·

234 648 423 726 οὕτω
479 648 622 754 γὰρ
675 657 792 734 καὶ
841 656 916 734 ἐν
958 658 1210 760 ἀρχαῖς
1267 658 1312 756 ἦ
1361 663 1508 737 τῶν
1541 659 1655 738 ἐπὶ
1708 662 1841 760 γῆς
1893 658 2328 759 διεκοσμήθη
2379 655 2629 763 φύσις·

231 768 489 856 ἕνωσις
526 772 601 854 δὲ
646 777 689 877 ἦ
734 778 915 881 πρὸς
954 780 1144 860 Θεὸν
1180 783 1314 886 οὐχ
1365 781 1619 882 ἑτέρως
1669 781 1757 861 ἂν
1796 783 2108 890 ὑπάρξαι
2160 785 2377 878 τισὶν,
2418 779 2464 883 ἢ
2516 779 2632 861 διὰ
2658 790 2703 854 d

230 898 365 994 τῆς
429 900 811 996 μετουσιάς
874 911 1002 982 τοῦ
1058 903 1315 1006 Ἀγίου
1384 904 1807 1004 Πνεύματος
1864 911 1991 1005 τῆς
2053 909 2230 989 ἰδιάς
2292 903 2635 1004 ἰδιότητος·

159 1044 201 1104 5
232 1021 625 1108 ἐντιθέντος
680 1025 848 1125 ἡμῖν
902 1027 1029 1107 τὸν
1084 1028 1471 1132 ἁγιασμὸν,
1519 1034 1635 1110 καὶ
1691 1036 1789 1114 εἰς
1839 1029 1973 1130 τὴν
2028 1030 2212 1111 ἰδιάν
2265 1028 2638 1110 ἀναπλάτ-

232 1178 486 1231 τοντος
542 1147 725 1250 ζωὴν
781 1150 913 1251 τὴν
969 1153 1484 1233 ὑποπεσοῦσαν
1541 1159 1632 1259 τῇ
1699 1160 1944 1260 φθορᾷ
2009 1156 2257 1261 φύσιν,
2313 1154 2497 1234 οὕτω
2558 1186 2635 1232 τε

229 1267 420 1372 πρὸς
471 1271 597 1350 τὸν
635 1271 824 1354 Θεὸν
860 1277 976 1355 καὶ
1027 1274 1208 1379 πρὸς
1261 1276 1394 1378 τὴν
1430 1279 1694 1357 ἐκείνου
1736 1276 2124 1383 μόρφωσιν
2156 1277 2639 1380 ἐπανάγοντος

230 1392 322 1473 τὸ
402 1399 529 1495 τῆς
609 1399 723 1478 ἐπὶ
796 1398 1025 1507 τούτῳ
1110 1398 1328 1508 δόξης
1401 1402 1897 1504 ἐστερημένον.
2017 1401 2219 1481 εἰκὼν
2290 1400 2421 1500 μὲν
2492 1399 2640 1503 γὰρ

232 1519 638 1626 ἀκραιφνὴς
710 1532 837 1604 τοῦ
906 1524 1200 1628 Πατρὸς
1262 1527 1302 1604 ὁ
1368 1528 1566 1624 Υἱὸς,
1629 1527 1967 1624 ὁμοίωσις
2031 1524 2106 1606 δὲ
2172 1526 2447 1631 φυσικὴ
2511 1535 2641 1606 τοῦ

120 1682 203 1723 ιο
232 1648 422 1723 Υὶοῦ
477 1643 561 1724 τὸ
609 1650 906 1747 Πνεῦμα
957 1651 1196 1730 αὐτοῦ.
1288 1651 1515 1730 διάτοι
1568 1659 1783 1731 τοῦτο
1833 1649 2344 1750 μεταπλάττον
2387 1648 2642 1753 ὥσπερ

231 1774 336 1851 εἰς
410 1769 617 1850 ἑαυτὸ
692 1772 822 1857 τὰς
893 1779 1038 1855 τῶν
1103 1774 1500 1878 ἀνθρώπων
1574 1773 1844 1881 ψυχὰς,
1920 1772 2054 1874 τὴν
2125 1776 2324 1853 θείαν
2396 1777 2639 1858 αὑταῖς

230 1891 659 1997 ἐγχαράττει
694 1894 1099 2004 μόρφωσιν,
1140 1903 1257 1978 καὶ
1308 1904 1435 2000 τῆς
1479 1897 1821 1980 ἀνωτάτω
1857 1904 2121 1978 πασῶν
2158 1899 2408 1982 οὐσίας
2444 1899 2634 1979 ἀπο·

229 2018 664 2115 σημαίνεται
706 2018 835 2100 τὸν
873 2021 1298 2122 εἰκονισμόν.

353 2146 605 2249 Ἐρωτᾷ
649 2154 1026 2249 τοιγαροῦν
1070 2148 1110 2226 ὁ
1152 2147 1419 2250 Κύριος
1467 2149 1670 2248 ἡμῶν
1704 2150 1992 2250 Ἰησοῦς
2043 2150 2083 2230 ὁ
2120 2148 2472 2251 Χριστὸς,
2515 2152 2642 2246 οὐχ

122 2300 203 2361 15
236 2265 420 2370 ὑπὲρ
463 2269 687 2372 μόνων
720 2276 865 2350 τῶν
911 2273 1325 2351 δυοκαίδεκα
1375 2278 1738 2373 μαθητῶν,
1776 2280 2069 2372 μᾶλλον
2119 2271 2196 2352 δὲ
2248 2282 2393 2380 περὶ
2447 2270 2637 2353 ποίν-

235 2426 404 2491 των,
440 2390 506 2471 οἳ
556 2392 643 2492 δὴ
695 2395 811 2473 καὶ
860 2396 936 2473 ἐν
973 2393 1302 2480 ἑκάστοις
1340 2395 1652 2495 ε”μελλον
1689 2404 1977 2498 καιροῖς,
2015 2404 2161 2479 τοῖς
2198 2396 2368 2499 παρ’
2405 2397 2643 2475 αὐτῶν
2665 2436 2700 2476 a
2746 2421 2882 2477 996
2895 2418 2980 2475 A.

235 2515 644 2620 γεγονόσιν,
693 2518 898 2598 εἴκειν
945 2553 1022 2600 τε
1079 2522 1195 2600 καὶ
1253 2515 1769 2601 ὑποπείθεσθαι
1823 2517 2074 2623 λόγοις
2130 2519 2643 2621 παραθήγουσι

237 2640 407 2725 τοὺς
441 2643 926 2743 ἀκροωμένους
960 2642 1143 2747 πρὸς
1181 2644 1558 2751 ἀνάληψιν
1598 2646 1967 2747 ἀγιασμοῦ
2000 2654 2128 2725 τοῦ
2167 2643 2284 2724 διὰ
2329 2646 2645 2728 πίστεως

236 2768 357 2846 καὶ
406 2764 586 2868 πρὸς
640 2767 1143 2872 ἀποκάθαρσιν
1180 2767 1313 2867 τὴν
1349 2768 1861 2871 ἐνεργουμένην
1898 2767 2014 2848 διὰ
2063 2773 2191 2868 τῆς
2243 2777 2371 2848 τοῦ
2409 2767 2642 2848 Πνεύ-

124 2931 210 2973 20
234 2924 465 2992 ματος
517 2895 849 2996 μετοχῆς.
935 2890 1028 2971 τὰ
1083 2891 1171 2969 δέ
1218 2891 1303 2993 γε
1357 2896 1486 2991 τῆς
1541 2892 1912 2993 αἰτήσεως,
1973 2893 2131 2973 οὐδὲ
2181 2894 2350 2992 ἡμῖν
2405 2893 2644 2976 αὐτοῖς

234 3018 636 3122 ἀσυμφανῆ
677 3022 1093 3096 καταλιπεῖν
1126 3016 1303 3124 ᾤετο
1340 3020 1504 3095 δεῖν·
1564 3017 1683 3096 ἵνα
1719 3016 1806 3116 δὴ
1846 3015 1961 3096 διὰ
1995 3016 2252 3097 τούτου
2286 3015 2642 3117 μάθωμεν,

237 3142 531 3223 ὁποίους
578 3137 775 3226 τινὰς
823 3141 1135 3243 ὁρᾶσθαι
1175 3140 1548 3243 προσήκει,
1588 3144 1705 3220 καὶ
1757 3141 1915 3221 τίνα
1966 3140 2418 3241 δικαιοσύνης
2470 3140 2646 3220 ἰέναι

237 3262 495 3367 τρίβον
528 3262 710 3367 πρὸς
746 3266 1276 3367 ἀποπλήρωσιν
1317 3271 1464 3344 τῶν
1501 3264 1960 3368 ἀρεσκόντων
1995 3266 2211 3372 αὐτῷ.
2292 3266 2398 3349 τίς
2437 3264 2562 3344 οὖν
2596 3262 2644 3363 ἢ

235 3394 443 3472 ποῖος
499 3391 539 3468 ὁ
593 3392 723 3487 τῆς
778 3387 1126 3488 αἰτήσεως
1181 3389 1498 3491 τρόπος;
1558 3389 1672 3469 ’ἵνα
1718 3392 1949 3494 φησὶν
1997 3385 2056 3468 ἓν
2103 3386 2226 3469 ὦσι
2283 3386 2501 3473 καθὼς
2561 3386 2647 3468 cb

127 3546 209 3608 25
244 3511 471 3618 Πάτερ
509 3513 568 3593 ἐν
605 3514 749 3618 ἐμοὶ
795 3511 997 3615 κάγῶ
1037 3513 1097 3593 ἑν
1133 3516 1231 3593 cro)
1267 3513 1380 3593 ‘lm
1417 3514 1476 3593 ἐν
1513 3516 1657 3618 ἡμῖν
1698 3508 1756 3593 ἓν
1794 3510 1970 3592 ὦσιν·
2021 3511 2306 3613 ἀγάπης
2345 3514 2470 3593 οὖν
2505 3511 2711 3616 ἅραὶ)

237 3640 360 3718 καὶ
417 3638 746 3737 ὁμονοίας
801 3640 916 3716 καί
976 3635 1252 3739 εἰρήνης
1306 3633 1726 3736 σύνδεσμον
1775 3638 2075 3734 ἀπαιτεῖ,
2118 3634 2648 3739 συγκομίζοντα

238 3761 425 3866 πρὸς
490 3760 788 3861 ἑνότητα
844 3759 977 3862 τὴν
1035 3759 1517 3861 πνευματικὴν
1580 3757 1747 3844 τοὺς
1810 3761 2301 3859 πιστεύοντας,
2362 3764 2457 3845 ὡς
2520 3765 2649 3862 τῆς

238 3891 559 3994 φυσικῆς
606 3920 682 3966 τε
733 3889 847 3965 καὶ
903 3885 1291 3970 οὖσιῶδους
1336 3883 1686 3985 ἑνότητος,
1722 3882 2094 3989 πρόδηλον
2132 3885 2208 3966 δὲ
2254 3889 2362 3965 ὅτι
2405 3890 2529 3984 τῆς
2573 3887 2649 3964 ἐν

242 4011 492 4111 Πατρί
519 4045 596 4090 τε
629 4013 745 4091 καὶ
780 4015 936 4118 Υἰῷ
974 4009 1375 4111 νοουμένης,
1413 4013 1934 4109 ἀπομιμεῖσθαι
1971 4009 2134 4092 τοὺς
2171 4012 2645 4112 χαρακτῆρας,

126 4175 213 4232 30
241 4135 378 4237 τὴν
421 4137 496 4214 ἐν
539 4135 943 4215 συναινέσει
996 4141 1086 4239 τῇ
1143 4134 1326 4214 κατὰ
1380 4134 1621 4214 πάντα
1676 4137 1793 4213 καὶ
1850 4130 2308 4232 ἀδιατμήτοις
2363 4133 2645 4237 ὁμοψυ-

320 4347 404 4387 12.
441 4329 847 4400 ἇποσημαίνεται
871 4330 938 4384 Ε.
964 4329 1170 4400 Migne.
1196 4329 1583 4398 ἆποσημόνεται
1607 4328 1752 4384 Aub.
2008 4341 2090 4399 17.
2125 4325 2489 4397 παραθήγουσι
2516 4326 2647 4383 RF.

243 4402 351 4458 Ed.
379 4419 492 4471 mg.
512 4400 883 4471 παραθήσουσι
909 4401 1011 4455 Ed.
1273 4415 1358 4469 23.
1398 4398 1534 4467 ἦ-τ
1566 4397 1720 4470 όπος]
1748 4400 1942 4470 τρόπος
1964 4401 2054 4467 τῆς
2077 4397 2329 4465 αἰτήσεως
2351 4396 2381 4465 ἢ
2407 4399 2555 4454 ποῖος
2580 4399 2646 4451 Ε.

246 4472 332 4529 26.
373 4471 575 4542 εἰρήνης
598 4480 650 4525 et
675 4472 914 4537 ὁμονοίας
937 4471 1074 4526 inter
1099 4488 1155 4525 se
1180 4470 1480 4539 transponit
1552 4468 1671 4524 ord.
1939 4470 2023 4524 28.
2061 4468 2444 4538 ὁμοουσιώδους
2469 4468 2535 4522 Ε.
2560 4469 2649 4523 οὗ·

244 4544 471 4601 σιώδους
496 4541 656 4596 habet
683 4541 849 4597 Cord.
1056 4558 1140 4613 29.
1178 4563 1234 4597 τε
1260 4548 1596 4611 assumptum
1624 4558 1688 4594 ex
1715 4540 1780 4595 E.
1876 4539 2008 4611 Υἷῷ]
2043 4546 2097 4603 -1-
2131 4540 2213 4593 καὶ
2236 4537 2367 4611 ἁγίῳ
2391 4536 2649 4608 Πνεῦματι

247 4613 616 4685 (abbrevians)
645 4611 807 4667 Cord.

1360 4710 1400 4778 5
1433 4714 1474 4755 A
1506 4711 1543 4757 2
