3238 5158
646 319 779 382 434
1252 318 1333 384 B.
1379 316 1797 383 OYRILLI
1856 315 2438 382 ALEXANDR.
2795 312 2940 375 xiv.
2970 328 3071 372 11.

644 481 868 581 τοίτην
905 483 1166 587 ἔχοντα
1211 482 1345 582 τὴν
1382 486 1496 564 ἐπὶ
1544 487 1651 591 τῷ
1686 488 1843 590 Υὶῷ
1894 481 2269 591 διάληψιν,
2306 480 2658 581 μηδεμίαν
2693 483 2848 556 τῶν
2890 474 3068 575 παρ’

643 606 927 689 ἐκείνοις
980 604 1438 706 ποιήσασθαι
1491 606 1805 707 μνήμην.
1882 605 2126 706 ἐπειδὴ
2183 606 2260 688 δὲ
2315 602 2605 688 ἀπεικὸς
2657 599 2870 682 οὐδὲν
2917 603 3070 679 τοῖς

646 730 925 814 ἀθλίοις
998 731 1280 810 ἐκείνων
1341 729 1858 836 περιτυχόντας
1929 730 2210 835 ῥήμασι
2282 729 2845 831 συναρπαγῆναι
2921 726 3074 801 τῶν

646 853 1170 956 ἁπλουστέρων
1226 860 1324 938 εἶς
1387 854 1691 935 σύνεσίν
1744 888 1962 953 τινας,
2018 857 2413 957 ἀναγκαῖον
2466 850 2712 961 ᾠήθην
2764 853 2924 931 τοῖς
2988 844 3079 952 ἐξ

645 977 984 1076 ἀληθείας
1056 977 1378 1081 δόγμασι
1445 977 1540 1058 τὰ
1609 981 1690 1059 ἐκ
1755 982 1884 1079 τῆς
1948 979 2228 1060 ἐκείνων
2289 977 2653 1085 φλυαρίας
2716 968 3065 1073 διακρού-
3097 991 3131 1050 5

646 1105 931 1181 σασθαι
997 1102 1276 1202 βλάβη,
1341 1100 1865 1205 εὐανάτρεπτόν
1923 1136 2002 1183 τε
2068 1108 2448 1186 παντελῶς
2519 1097 2868 1205 ἐπιδεῖξαι
2933 1093 3076 1194 τὴν

582 1233 627 1298 d
648 1227 1165 1332 συκοφαντίαν,
1203 1226 1295 1327 ἣν
1343 1227 1783 1331 ἐπιτειχίζειν
1824 1225 2220 1322 βούλονται
2273 1228 2378 1334 τῷ
2427 1230 2609 1333 Υἱῷ,
2649 1229 2954 1322 μᾶλλον
2995 1216 3074 1298 δὲ

649 1348 790 1455 ὅλῃ
826 1355 917 1455 τῇ
953 1349 1108 1458 θείᾳ
1145 1350 1391 1458 φύσει·
1449 1357 1665 1430 τοῦτο
1700 1349 1846 1453 γὰρ
1883 1356 2104 1431 εἰπεῖν
2142 1349 2656 1452 ἀληθέστερον.

758 1478 1168 1577 Τοιγαροῦν
1221 1474 1555 1579 ἐνέτυχον
1610 1476 1957 1584 βιβλιδίῳ
2011 1481 2158 1555 τῶν
2208 1475 2294 1554 δι’
2343 1472 2681 1556 ἐναντίας·
2757 1465 2916 1548 εἶτα
2978 1465 3075 1546 τὰ

645 1597 723 1676 ἐν
767 1602 871 1705 τῷ
920 1599 1357 1708 προκειμένῳ
1410 1602 1608 1707 ῥητῷ
1665 1597 2223 1702 διερευνώμενος,
2262 1599 2597 1700 εὕρισκον
2630 1596 2749 1676 ἐπὶ
2792 1591 3074 1698 λέξεως
3101 1619 3158 1660 1⁰

646 1722 862 1819 αὐτῆς
938 1724 1124 1802 οὕτω
1199 1722 1512 1825 λέγοντα
1584 1724 1750 1822 μεθ’
1827 1721 2031 1825 ἕτερά
2105 1757 2267 1803 τινα
2328 1783 2376 1821 ,,
2412 1724 2511 1802 Ὁ
2586 1720 2828 1800 τοίνυν
2883 1714 3074 1802 Υἱὸς

647 1904 689 1941 ,,
729 1845 1096 1929 οὐσιωδῶς
1149 1843 1650 1952 περιεχόμενος
1707 1846 1846 1927 ὑπὸ
1900 1855 2031 1928 τοῦ
2089 1843 2403 1950 Πατρὸς,
2458 1845 2586 1925 τὸν
2635 1843 2938 1944 Πατέρα
2997 1844 3073 1922 ἐν

646 2027 691 2065 ,,
729 1969 957 2076 ἐαυτῷ
999 1970 1141 2074 ἔχει
1188 1969 1283 2049 τὰ
1325 1969 1614 2073 ῥήματα
1655 1972 2158 2078 φθεγγόμενον
2195 1976 2311 2051 καὶ
2362 1970 2456 2051 τὰ
2504 1975 2771 2070 σημεῖα
2816 1969 3066 2047 ἐπιτε-

649 2150 691 2187 ,,
731 2099 1027 2172 λοῦντα·
1110 2093 1288 2197 ὅπερ
1342 2096 1707 2198 ἐρμηνεύει
1764 2095 2003 2197 λέγων
2040 2106 2062 2143 ‘
2083 2092 2187 2175 *A
2244 2096 2386 2199 ἐγὼ
2443 2098 2652 2174 λαλῶ
2710 2094 2880 2190 ὑμῖν
2940 2091 3067 2171 ἀπ’

647 2274 690 2313 ,,
727 2216 1034 2313 ἐμαυτοῦ
1089 2220 1172 2297 οὐ
1227 2226 1461 2319 λαλῶ,
1519 2221 1560 2299 ὃ
1619 2220 1696 2300 δὲ
1756 2216 2016 2323 Πατὴρ
2076 2223 2153 2300 ἐν
2207 2222 2362 2318 ἐμοὶ
2425 2218 2657 2319 μένων
2712 2221 2911 2295 ποιεῖ
2974 2214 3069 2295 τὰ
3097 2244 3153 2302 15

647 2400 691 2439 ‚‚
729 2339 906 2443 ἔργα
956 2340 1215 2426 αὐτόςῖ
1246 2343 1288 2371 ”

589 2503 626 2549 ο
759 2468 989 2546 Ταυτὶ
1047 2470 1174 2566 τῆς
1229 2468 1495 2548 ἐκείνου
1550 2471 1912 2572 τερθρειάς
1967 2468 2058 2548 τὰ
2112 2467 2424 2573 ῥήματα·
2486 2465 2726 2566 ἐπειδὴ
2781 2463 2862 2545 δὲ
2919 2463 3068 2570 χρὴ

644 2592 762 2669 καὶ
800 2591 988 2693 ἡμᾶς
1026 2597 1246 2673 εἰπεῖν
1283 2591 1368 2673 τὸ
1417 2600 1565 2677 τοῖς
1614 2594 2008 2696 εἰρημένοις
2051 2597 2531 2674 ἀντιστατοῦν
2565 2595 2681 2672 καὶ
2715 2592 3068 2689 ἀδόκιμον

645 2713 819 2795 ὄντα
863 2715 994 2795 τὸν
1030 2725 1198 2796 νοῦν
1236 2715 1631 2822 διελέγχειν
1668 2716 2081 2816 δυνάμενον,
2117 2716 2339 2798 ἐκεῖνό
2391 2723 2580 2824 φημι
2612 2715 2724 2796 Τὸ
2760 2715 2897 2812 μὲν
2936 2717 3067 2795 οὖν

645 2840 1013 2926 οὐσιωδῶς
1042 2841 1503 2946 περιέχεσθαι
1541 2841 1783 2943 λέγειν
1818 2840 1947 2922 τὸν
1983 2841 2165 2922 Υὶὸν
2205 2840 2345 2923 ὑπὸ
2382 2849 2512 2922 τοῦ
2553 2836 2872 2943 Πατρὸς,
2914 2840 2959 2920 ὅ
2997 2874 3064 2920 τι
3088 2871 3149 2914 20

644 2960 822 3043 ποτὲ
859 2964 999 3065 ἄρα
1036 2965 1259 3062 ἐστὶν,
1292 2962 1339 3064 ἢ
1389 2965 1466 3045 τί
1510 2963 1652 3068 ἄρα
1695 2968 1927 3067 δηλοῖ,
1966 2967 2049 3044 οὐ
2086 2964 2385 3073 σφόδρα
2420 2964 2736 3065 συνίημι·
2797 2967 3064 3069 χρῆναι

646 3085 792 3189 γὰρ
846 3084 1042 3185 οἶμαι
1097 3085 1181 3169 τὸ
1236 3086 1502 3189 ἀληθὲς
1555 3094 1801 3169 εἰπεῖν·
1863 3087 2231 3188 τοσαύτην
2286 3090 2428 3195 ἔχει
2482 3087 2616 3187 τὴν
2664 3087 3059 3193 ἀσάφειαν.

648 3213 940 3318 ἐρυθριᾷ
987 3211 1132 3314 γὰρ
1180 3209 1432 3316 ὥσπερ
1482 3216 1599 3292 καὶ
1647 3212 2155 3294 συστέλλεταί
2203 3248 2357 3298 πως
2404 3210 2588 3319 πρὸς
2637 3209 2722 3293 τὸ
2777 3214 3060 3320 ἀφανέ-

315 3331 495 3448 ΒὼΡΡζζ
649 3369 912 3439 στερον
947 3337 1364 3441 παῤῥησίαν
1402 3338 1531 3417 οὐκ
1569 3336 1737 3442 ἕχον
1774 3335 1857 3418 τὸ
1896 3337 2257 3442 θεώρημα.
2335 3335 2589 3439 ὥσπερ
2622 3334 2768 3441 γὰρ
2805 3347 2854 3383 “
2881 3338 2923 3416 ὃ
2973 3335 3066 3418 τὰ

316 3479 545 3538 786A.
592 3469 694 3535 a“
733 3465 988 3564 φαῦλα
1035 3460 1401 3564 πράσσων
1444 3468 1655 3559 μισεῖ
1702 3459 1786 3540 τὸ
1844 3468 2003 3566 φῶς
2060 3466 2177 3541 καὶ
2231 3462 2360 3542 οὐκ
2414 3462 2693 3567 ἔρχεται
2740 3460 2925 3565 πρὸς
2979 3459 3066 3542 τὸ
3089 3490 3154 3550 ²5

649 3593 695 3632 “
730 3590 908 3692 φῶς,
965 3584 1081 3664 ἵνα
1144 3583 1246 3684 μὴ
1310 3583 1689 3690 ἐλεγχθῇ,”
1750 3583 1936 3665 κατὰ
1997 3584 2131 3686 τὴν
2184 3594 2313 3667 τοῦ
2373 3590 2710 3690 Σωτῆρος
2774 3585 3061 3693 φωνήν·

651 3709 835 3789 οὕτω
887 3715 1029 3791 πᾶς
1081 3704 1302 3808 λόγος
1351 3707 1392 3786 ὁ
1438 3706 1530 3786 τὰ
1578 3715 1833 3814 φαῦλα
1885 3713 2148 3810 δηλῶν,
2189 3710 2305 3791 διὰ
2348 3717 2739 3792 σκοτεινῶν
2770 3712 3068 3790 ἐννοιῶν

649 3833 989 3937 ἔρχεσθαι
1028 3836 1248 3937 φιλεῖ,
1288 3833 1405 3911 καὶ
1443 3831 1627 3934 πρὸς
1663 3833 1748 3912 τὸ
1787 3836 2191 3939 σαφηνείας
2227 3870 2360 3939 ουχ
2394 3834 2551 3941 ἥξει
2587 3835 2840 3941 φῶς,
2806 3870 2925 3914 ινα
2963 3833 3065 3936 μὴ

649 3959 962 4110 ἐλεγχθῇ
1018 3958 1146 4055 τῆς
1201 3954 1504 4057 ἐνούσης
1556 3958 1751 4065 αὐτῷ
1798 3956 2253 4060 σαθρότητος
2302 3961 2346 4060 ἡ
2398 3955 2735 4042 εὐτέλεια,
2811 3960 2893 4040 τί
2937 3961 3068 4040 οὖν

649 4112 791 4180 αρα
871 4079 1029 4158 ἐστι
1103 4113 1187 4158 το
1262 4080 1630 4164 οὐσιωδως
1710 4081 2175 4186 περιέχεσθαι
2254 4082 2383 4162 τὸν
2454 4079 2637 4164 ’Υἱον
2713 4081 2855 4164 ὑπο
2930 4092 3066 4164 τοῦ
3089 4107 3152 4166 30

653 4197 994 4302 Πατρός·
974 4263 996 4299 ,
1099 4201 1250 4303 ἵημι
1333 4200 1476 4308 γὰρ
1548 4202 1640 4304 δὴ
1724 4206 1810 4282 δι’
1888 4206 2160 4289 ἐννοίας
2238 4204 2554 4307 απάσης,
2629 4205 2891 4311 οἷσπερ
2975 4206 3067 4290 ἂν

315 2085 478 2151 Supra

310 2169 414 2203 ver.
449 2166 523 2202 10.

716 4487 767 4542 6.
802 4491 1066 4546 παντελῶς
1089 4500 1430 4562 assumptum
1458 4509 1522 4547 ex
1550 4490 1614 4545 E.
1618 4510 1674 4562 p.
2268 4512 2321 4565 9.
2358 4494 2609 4565 βιβλιδίῳ
2634 4493 2700 4550 Ε.
2724 4495 2927 4567 βιβλίῳ
2956 4495 3063 4552 Ed.

650 4575 733 4631 13.
771 4560 1105 4633 φθεγγόμενα
1131 4562 1196 4616 Ε.
1412 4579 1500 4632 31.
1536 4559 1673 4633 ἵημι]
1706 4560 1794 4617 Sic
1821 4562 1965 4618 Aub.
