3238 5158
621 327 753 393 338
1229 334 1309 401 B.
1355 335 1783 402 CYRILLI
1841 333 2425 401 ALEXANDR.
2649 352 2762 395 xu
2784 346 2895 413 49,
2920 339 3041 408 50·

624 502 668 539 ‘⁶
705 493 1020 595 στόματι
1074 499 1313 598 αὐτοῦ,
1358 504 1477 582 καὶ
1523 500 1842 604 λαλήσει
1894 502 2133 586 αὐτοῖς
2183 495 2437 581 καθότι
2487 494 2577 577 ἂν
2609 493 3034 587 ἐντείλωμαι

625 627 670 664 “
705 619 921 727 αὐτῷ.
1000 624 1118 702 καὶ
1169 625 1209 702 ὁ
1263 624 1643 729 ἅνθρωπος
1690 628 1970 725 ἐκεῖνος,
2011 623 2092 711 ὃς
2128 622 2218 705 ἂν
2258 620 2360 724 μὴ
2412 618 2692 725 ἀκούσῃ
2742 616 2890 699 ὅσα
2936 609 3031 691 ἂν

567 787 572 792 ’
624 752 670 791 “
705 742 1010 852 λαλήσῃ
1046 749 1087 827 ὃ
1124 748 1505 857 προφήτης
1539 752 1655 831 ε’πὶ
1690 757 1795 858 τῷ
1830 748 2136 850 ὀνόματί
2179 783 2342 851 μου,
2379 744 2523 850 ἐγὼ
2557 742 2907 843 ἐκδικήσω
2944 736 3034 844 ἐξ

288 885 409 943 716
431 882 512 941 Δ.
564 899 603 939 a
625 877 669 914 ‘⁶
705 868 992 949 αὐτοῦ.”
1080 874 1156 951 ἐν
1211 875 1450 981 ταύτῷ
1506 883 1890 978 τοιγαροῦν
1948 876 1988 953 ὃ
2054 873 2322 978 Κύριος
2385 873 2592 974 ἡμῶν
2640 870 2927 969 Ἰησοῦς
2986 863 3030 941 ὅ

624 991 951 1143 Χριστὸς
1004 993 1132 1075 τὸν
1174 995 1492 1100 ἀλαᾷἱνα
1542 1005 1691 1079 τῶν
1724 998 2085 1079 Ἰουδαίων
2139 996 2410 1079 εὐθύνει
2464 999 2714 1095 δῆμον,
2754 993 2851 1073 ὦς
2904 986 3025 1066 καὶ
3058 1001 3102 1063 5

624 1118 818 1225 αὐτῷ
879 1117 1291 1225 μαχόμενον
1354 1127 1459 1228 τῷ
1525 1126 1697 1230 Θεῷ
1761 1125 1877 1202 καὶ
1948 1124 2207 1225 Πατρὶ,
2269 1156 2385 1201 και
2461 1119 2549 1199 δι’
2610 1113 2709 1196 ὧν
2769 1107 3025 1204 {manv

624 1241 994 1396 εἰληφέναι
1066 1243 1262 1395 λέγει
1333 1246 1503 1349 παρ’
1567 1247 1786 1326 αὐτοῦ
1858 1249 1975 1327 καὶ
2048 1243 2177 1353 ἀφ’
2246 1246 2498 1326 ἑαυτοῦ
2561 1238 2663 1342 μὴ
2742 1241 3023 1387 λαλεῖν,

623 1363 877 1445 ἑαυτον
912 1365 1087 1449 ὅντα
1121 1403 1249 1448 τον
1283 1368 1669 1476 προφήτην
1704 1370 2111 1451 ἐπιδεικνύει
2147 1373 2433 1477 σαφῶς,
2469 1399 2597 1447 τον
2633 1360 2750 1444 δια
2797 1359 3020 1460 νόμου

622 1491 1153 1593 προβοῶμενον,
1193 1528 1310 1574 και
1361 1492 1481 1574 διὰ
1528 1499 1657 1595 τῆς
1701 1503 1833 1575 τοῦ
1875 1499 2069 1575 Θεοῦ
2122 1528 2240 1574 και
2291 1488 2583 1595 Πατρος
2639 1490 2885 1597 φωνῆς
2939 1484 3022 1562 ἐκ

620 1622 927 1697 πολλῶν
990 1617 1262 1699 ἄνωθεν
1324 1617 1605 1724 χρόνων
1660 1616 2354 1723 προκεκηρυγμένον.
2459 1620 2672 1696 καλεῖ
2725 1608 2810 1692 δέ
2859 1643 3018 1694 πως
3058 1641 3147 1685 10

623 1739 808 1845 πρὸς
881 1739 1308 1843 ἀνάμνησιν,
1378 1744 1604 1824 καίτοι
1679 1749 1923 1829 νωθεῖς
1994 1742 2206 1827 ὄντας
2280 1736 2555 1836 αὐτοὺς,
2620 1740 2718 1821 ὡς
2791 1737 2851 1812 εἶ
2923 1730 3027 1832 μὴ

558 1876 602 1944 b
624 1865 1010 1962 βούλοιντο
1066 1873 1215 1951 τοῖς
1274 1867 1446 1970 παρ’
1505 1868 1725 1948 αὐτοῦ
1790 1866 2349 1949 καταπείθεσθαι
2410 1860 2681 1965 λόγοις,
2738 1856 3021 1939 ὑποκεί-

623 1979 882 2068 οῙονται
934 1988 1223 2074 πάντως
1277 1990 1697 2100 ἀδιαφύκτῳ
1751 1988 2072 2089 κολάσει,
2126 1992 2241 2069 καὶ
2303 1991 2783 2087 ὑπομενοῦσιν
2838 1978 3025 2085 ἅπερ

621 2112 761 2219 ἔφη
799 2110 1007 2198 Θεός.
1084 2118 1153 2193 οἱ
1203 2111 1348 2218 γὰρ
1396 2112 1529 2215 τὴν
1575 2116 1771 2196 θείαν
1807 2114 2112 2215 ἐντολὴν
2147 2122 2277 2194 τοῦ
2321 2117 2516 2193 Θεοῦ
2565 2112 2684 2191 καὶ
2726 2104 3022 2210 Πατρὸς

619 2235 1207 2341 παρατρέχοντες,
1254 2239 1371 2317 καὶ
1424 2272 1554 2318 τον
1598 2236 1952 2342 ζωοποιον
2002 2247 2132 2320 τοῦ
2183 2243 2376 2318 Θεοῦ
2432 2235 2660 2338 λόγον
2709 2230 3022 2385 ἐξωθού-
3064 2273 3094 2332 g
3105 2269 3144 2329 5

622 2393 823 2460 μενοι
857 2368 985 2440 τοῦ
1023 2362 1436 2465 Σωτῆρος
1394 2369 1596 2462 ημῶν
1633 2368 1990 2468 Χριστοῦ,
2027 2368 2182 2448 πῶς
2232 2363 2362 2442 οὐκ
2395 2361 2473 2440 ε’ν
2507 2365 2658 2444 τοῖς
2693 2354 3029 2462 ἐσχάτοις

625 2484 985 2565 κείσονται
1058 2494 1319 2586 κακοῖς,
1375 2483 1421 2587 ἢ
1486 2492 1643 2572 πῶς
1706 2522 1837 2568 ουκ
1909 2485 2246 2594 ἀμέτοχοι
2303 2492 2606 2586 μενοῦσι
2663 2486 2792 2582 τῆς
2852 2477 3025 2584 παρ’·

624 2610 844 2691 αὐτοῦ
897 2610 1099 2714 ζωῆς,
1155 2608 1472 2713 εὐλόγως
1527 2610 1903 2699 ἀκούοντες
1963 2646 2048 2693 το
2108 2609 2228 2692 διὰ
2283 2616 2412 2712 τῆς
2467 2617 2594 2690 τοῦ
2647 2603 3027 2714 προφήτου

287 2731 434 2864 3⁶²·
452 2732 521 2783 ἢ·
626 2738 871 2843 φωνῆς
932 2743 978 2781 “
1016 2738 1146 2834 Γῆ,
1209 2738 1326 2838 γῆ,
1393 2735 1625 2835 ἄκουε,
1691 2736 1902 2818 ἄκουε
1980 2736 2208 2840 λόγον
2274 2736 2568 2839 Κυρίου·
2662 2730 2814 2813 ἰδοῦ
2881 2727 3025 2832 ἐγὼ

625 2868 671 2905 “
704 2856 952 2961 ε’πᾶγω
988 2860 1104 2939 ἐπὶ
1147 2857 1275 2939 τὸν
1310 2857 1496 2941 λαὸν
1531 2869 1788 2943 τοῦτον
1825 2859 2030 2960 κακὰ,
2068 2858 2198 2942 τὸν
2233 2858 2514 2964 καρπὸν
2549 2857 3027 2961 ἀποστροφῆς
3057 2899 3143 2940 20

568 3011 605 3055 ο
628 2992 671 3031 “
707 2982 929 3099 αὐτῷ,
972 2981 1082 3062 ὅτι
1117 2986 1222 3090 τῷ
1256 2982 1453 3092 νόμῳ
1488 3018 1629 3083 μου
1677 2985 1762 3064 οὖ
1801 2984 2250 3090 προσέσχον,
2288 2985 2406 3063 καὶ
2455 2979 2584 3064 τὸν
2621 2978 2850 3083 λόγον
2882 3012 3025 3076 μου

623 3117 671 3154 “
706 3105 1123 3188 ἀπώσατε.”
1180 3108 1397 3214 διττῷ
1433 3104 1576 3211 γὰρ
1611 3104 1903 3212 ἐνόχους
1942 3107 2161 3193 ὄντας
2205 3105 2601 3211 ἐγκλήματι
2644 3101 2810 3189 τοῦς
2843 3105 3028 3183 'Iov-
3110 3130 3117 3137 ·

622 3229 863 3313 δαίους
931 3228 1357 3332 εὑρήσομεν·
1449 3233 1608 3312 οὔτε
1681 3228 1824 3335 γὰρ
1900 3230 2120 3312 αὐτὸν
2189 3231 2418 3312 καίτοι
2490 3227 2769 3311 σεπτὸν
2841 3223 3021 3307 εἶναι

625 3357 973 3435 δοκοῦντα
1036 3357 1153 3434 καὶ
1215 3355 1442 3460 φίλον
1495 3355 1925 3455 τετιμήκασι
1988 3353 2117 3435 τὸν
2177 3354 2420 3455 νόμον,
2475 3350 2605 3436 τὸν
2660 3353 2745 3432 δι’
2808 3354 3027 3432 αὐτοῦ

627 3476 1066 3582 κηρυχθέντα
1113 3477 1215 3579 μὴ
1259 3476 1818 3582 προσηκάμενοι,
1855 3480 2015 3560 οὔτε
2071 3479 2217 3580 μὴν
2262 3475 2829 3584 προσεσχήκασι
2878 3483 3027 3561 τοῖς
3060 3513 3143 3575 ²5

627 3599 875 3704 λόγοις
928 3610 1057 3682 τοῦ
1113 3605 1449 3706 Σωτῆρος
1502 3602 1706 3702 ἡμῶν
1746 3608 2100 3706 Χριστοῦ,
2156 3604 2384 3683 καίτοι
2435 3607 2758 3698 βοῶντος
2828 3604 2966 3681 ἀνα
2975 3622 3013 3662 -“

627 3724 927 3831 φανδὸν,
991 3730 1088 3812 ὡς
1162 3723 1375 3810 αὐτὸς
1437 3725 1542 3828 εἴη
1609 3731 1875 3835 σαφῶς
1937 3728 1979 3806 ὃ
2042 3727 2422 3835 προφήτης
2498 3729 2540 3807 ὅ
2616 3724 2735 3806 διὰ
2807 3725 3030 3826 νόμου
3112 3738 3117 3745 ’

624 3849 1291 3956 χρησμῳδούμενος,
1349 3852 1435 3928 δι’
1496 3846 1599 3930 ὧν
1653 3848 1934 3957 ἔφασκε
1999 3858 2148 3937 τοῖς
2206 3850 2407 3956 παρὰ
2464 3859 2595 3933 τοῦ
2659 3854 2855 3931 Θεοῦ
2913 3853 3032 3931 καὶ

633 3971 922 4074 Πατρὸς
976 3975 1458 4053 διακονεῖσθαι
1516 3972 1791 4077 λόγοις.

564 4104 610 4169 d
748 4099 895 4178 Καὶ
935 4095 1038 4199 μή
1087 4131 1196 4181 τις
1245 4097 1508 4179 οἰέσθω
1557 4097 1643 4178 τὸ
1690 4097 1914 4209 φάναι
1964 4098 2093 4182 τὸν
2134 4098 2428 4205 Κύριον,
2464 4104 2563 4186 ὦς
2610 4101 2739 4207 ἀφ’
2776 4100 3031 4181 ἑαυτοῦ
3063 4136 3146 4195 30

705 4379 755 4417 1.
790 4361 988 4453 αὐτοῖς]
1014 4362 1168 4420 αὐτὸς
1190 4380 1240 4418 c.
1267 4362 1432 4419 Cord.
1684 4385 1738 4431 4.
1775 4366 1805 4418 ὁ
1828 4364 1919 4420 alt.
1944 4381 2053 4419 om.
2080 4364 2147 4419 E.
2401 4380 2455 4432 5.
2491 4362 2717 4436 εὐθύνει]
2746 4363 3032 4437 ἂπελέγχει

631 4432 796 4489 Cord.
820 4433 1125 4505 ἇπελεγχων
1146 4451 1177 4488 a
1179 4450 1245 4488 ..c
1634 4449 1718 4490 10.
1753 4435 1999 4490 &moo’
1971 4457 2027 4490 εκ
2048 4436 2302 4490 πολλῶν
2287 4451 2503 4490 ιηνετεο
2526 4435 2715 4490 ordine
2737 4452 2785 4489 a.
2788 4452 2836 4490 c.
2863 4434 3032 4491 Cord.

631 4520 720 4563 2ο.
754 4526 821 4559 επ
950 4522 1063 4559 om.
1090 4504 1158 4558 Ε.
1309 4520 1395 4560 21.
1432 4506 1569 4579 αὗτφ
1596 4504 1663 4560 Ε.
1688 4505 1856 4561 αυτῶν
1880 4505 1983 4561 Ed.
2136 4522 2223 4561 22.
2260 4506 2504 4561 ‹in-dmum
2530 4506 2596 4561 Ε.
2618 4506 2898 4561 ἀπώσαντο
2925 4507 3033 4562 Ed.
3108 4518 3111 4525 '

627 4577 771 4645 διπῆ
906 4575 1138 4646 κλήματα
1164 4574 1231 4631 Ε.
1396 4577 1484 4631 28.
1519 4576 1641 4646 περὶ
1666 4575 1733 4632 Ε.
1757 4577 1899 4649 παρὰ
1921 4593 1951 4631 ε
1977 4575 2099 4632 Cat.
2129 4575 2284 4632 Harl.
2306 4585 2369 4632 ut
2392 4575 2501 4632 vid.
2527 4576 2672 4633 Aub.
2699 4585 2753 4631 et
2774 4577 2851 4631 ita
2873 4595 2925 4633 a.
