3238 5158
286 1896 416 1946 Gen.
438 1896 511 1946 iii.

286 1976 495 2078 Ρ9ι..σνί

622 245 754 311 372
1227 249 1308 314 Β.
1354 248 1782 314 CYRILLI
1839 250 2418 316 ALEXANDR.
2622 247 2759 313 xiii.
2788 261 2897 328 27,
2930 242 3043 311 28.

626 412 744 490 καὶ
792 412 1152 513 ἀμελλητὶ
1194 416 1510 517 δρᾶσθαι
1560 413 1906 511 βούλεται
1955 413 2156 520 παρὰ
2206 423 2333 496 τοῦ
2379 412 2731 512 διαβόλου
2769 408 2868 490 τὰ
2917 410 3046 489 ἐπὶ

624 538 729 642 τῷ
759 534 977 615 πάθει
1012 534 1494 638 τολμήματα·
1471 597 1495 635 ,
1560 539 1680 617 καὶ
1715 536 1862 640 γὰρ
1899 539 2240 690 {tn-nebunt
2274 536 2665 643 γεγόνασιν
2699 536 3048 615 Ἰουδαῖοι

625 661 744 737 καὶ
799 659 1145 761 ὑπουργοὶ
1199 666 1345 740 τῶν
1398 666 1658 759 κακῶν,
1715 662 1887 741 ἀλλ’
1944 660 2186 771 ἐκείνῳ
2240 661 2327 743 τὸ
2387 668 2538 744 πᾶν
2590 657 3047 758 ἐπιθήσομεν

625 791 1154 885 στρατηγοῦντι
1190 818 1374 887 προς
1410 786 1852 893 μιαιφονίαν,
1888 788 2006 866 καὶ
2038 787 2160 868 ἀπ’
2193 788 2437 891 ἀρχῶν
2471 783 2849 893 ἐξάρχοντι
2881 789 3048 864 τῶν

627 910 888 984 κακῶν·
977 908 1146 987 ἀλλ’
1209 913 1270 987 εὶ
1344 912 1462 988 καὶ
1533 907 1832 1015 σφόδρα
1906 907 2098 989 δεινὰ
2158 908 2248 990 τὰ
2319 914 2419 993 εἰς
2485 905 2817 1012 Χριστὸν
2881 914 3042 987 τῶν
3070 928 3114 988 5

628 1026 944 1110 ἀνοσίων
985 1032 1350 1112 Ἰουδαίων
1398 1030 1853 1132 τολμήματα,
1898 1036 2016 1114 καὶ
2069 1031 2436 1141 ἀφόρητος
2488 1038 2635 1113 τῶν
2679 1065 3031 1134 σταυρω-

569 1183 605 1227 e
631 1151 922 1234 σάντων
958 1155 1003 1255 ἡ
1049 1157 1275 1258 ὕβρις,
1311 1156 1483 1236 ἀλλ’
1522 1153 1678 1263 ᾔδει
1726 1165 1858 1238 τοῦ
1903 1154 2178 1241 πάθους
2224 1155 2309 1237 τὸ
2357 1157 2611 1261 πέρας,
2653 1158 2770 1237 καὶ
2817 1155 2897 1236 τί
2944 1155 3036 1235 τὸ

626 1279 949 1358 ἐντεῦθεν
984 1278 1568 1380 ἀποβησόμενον.
1647 1279 1910 1381 ἔμελλε
1946 1279 2090 1387 γὰρ
2126 1279 2243 1361 διά
2274 1288 2405 1362 τοῦ
2438 1281 2672 1380 τιμίου
2705 1286 3040 1382 σταυροῦ

625 1407 1011 1482 πεσεῖσθαι
1075 1403 1207 1503 μὲν
1262 1410 1358 1490 εἰς
1418 1402 1503 1484 τὸ
1559 1402 1913 1489 παντελὲς
1975 1405 2020 1505 ἡ
2079 1413 2208 1486 τοῦ
2265 1401 2614 1502 διαβόλου
2669 1405 3029 1506 τυραννὶς,

626 1532 1143 1630 καταργεῖσθαι
1191 1530 1308 1607 καὶ
1353 1527 1681 1626 θάνατος,
1730 1530 1849 1608 καὶ
1900 1527 1987 1608 τὸ
2041 1532 2173 1628 τῆς
2225 1534 2506 1636 φθορᾶς
2552 1526 3033 1635 ἀφανίζεσθαι
3065 1564 3151 1607 ιο

626 1648 910 1754 κράτος,
942 1650 1402 1732 ἀπολύεσθαί
1443 1684 1522 1732 τε
1569 1655 1700 1752 τῆς
1750 1652 2051 1758 ἀρχαίας
2100 1653 2362 1752 ἐκείνης
2405 1655 2583 1756 ἀρᾶς
2617 1649 2703 1732 τὸ
2738 1650 3028 1753 ἀνθρώ·

625 1806 838 1854 πινον
871 1775 1099 1875 γε’νος,
1135 1773 1483 1879 ἀργήσειν
1517 1779 2017 1880 προσεδοκᾶτο
2060 1773 2320 1857 λοιπὸν
2354 1779 2433 1857 ἐκ
2476 1774 3032 1932 φιλανθρωπίας

626 1899 744 1976 καὶ
779 1895 1072 2001 χάριτος
1114 1906 1245 1979 τοῦ
1283 1903 1622 2002 Σωτῆρος
1669 1900 1876 2001 ἡμῶν
1912 1906 2261 2005 Χριστοῦ,
2298 1900 2384 1981 τό
2419 1911 2465 1949 “
2494 1900 2602 2001 Γῆ
2651 1895 2717 1980 εἶ
2759 1902 2877 1978 καὶ
2926 1903 3034 1982 εἷς

628 2022 848 2122 “γῆν
902 2021 1349 2126 ἀπελεύσῃθ
1406 2022 1714 2121 εμελλεν
1769 2035 1814 2073 “
1844 2026 2105 2124 ἀνομία
2162 2026 2433 2124 πᾶσα,”
2473 2022 2656 2103 κατὰ
2711 2020 2843 2123 τὴν
2896 2030 3030 2103 τοῦ

285 2166 408 2226 ¹741
429 2165 509 2221 A.
564 2179 600 2220 ι
624 2140 1005 2252 προφήτου
1047 2142 1320 2252 φωνὴν,
1358 2155 1404 2194 “
1426 2146 1825 2254 ἐμφράξειν
1875 2181 1962 2229 το
2014 2148 2259 2249 στόμα
2313 2148 2590 2248 αὑτῆς,”
2632 2149 2749 2228 καὶ
2795 2180 3023 2247 κατη-
3059 2189 3139 2250 15

285 2894 450 2960 Supra
469 2896 506 2946 i.

291 2973 319 3023 5
328 2976 352 3010 2
358 2997 372 3011 .

626 2275 867 2372 γορεῖν
902 2303 1035 2369 μεν
1077 2270 1309 2350 οὐκέτι
1356 2277 1503 2351 τῶν
1548 2271 1664 2352 ὑπ’
1705 2270 1929 2374 αὐτὴν
1969 2271 2390 2377 γεγονότων,
2426 2272 2900 2378 ἀφανίζεσθαι
2948 2270 3030 2353 δε

623 2398 1001 2477 παντελῶς
1050 2392 1363 2492 ἔμελλον
1399 2400 1468 2475 οἱ
1519 2393 1706 2475 κατὰ
1751 2403 2005 2477 πᾶσαν
2040 2395 2175 2498 τὴν
2208 2397 2623 2496 οἰκουμένην
2661 2394 2791 2476 τὸν
2830 2397 3020 2495 ἀλη-

624 2522 771 2603 θῶς
826 2516 1049 2626 φύσει
1103 2519 1219 2599 καὶ
1273 2518 1496 2619 μόνον
1539 2521 1671 2601 οὐκ
1725 2518 1986 2606 εἰδότες
2038 2519 2253 2621 Θεὸν,
2290 2519 2360 2601 οἳ
2411 2526 2503 2627 τῇ
2550 2524 2648 2606 εἰς
2693 2518 3031 2626 Χριστὸν

623 2644 1111 2725 δεδικαίωνται
1174 2643 1439 2742 πίστει,
1504 2642 2080 2749 ἀνοιχθήσεσθαι
2150 2643 2412 2727 λοιπὸν
2476 2646 2522 2746 ἦ
2587 2653 2717 2726 τοῦ
2778 2678 3019 2748 παρα·

625 2766 871 2850 δείσου
918 2772 1415 2871 προσεδοκᾶτο
1460 2768 1689 2869 πύλη·
1773 2769 2040 2869 ἔμελλε
2096 2777 2244 2855 τοῖς
2299 2768 2642 2852 ἀνωτάτω
2688 2765 2782 2849 τά
2829 2767 3025 2850 κάτω
3054 2817 3133 2877 ²9

623 2891 1150 2990 συνάπτεσθαι,
1204 2896 1322 2973 καὶ
1387 2892 1808 2996 ἀνοίγεσθαι
1872 2891 2005 2993 μὲν
2058 2892 2418 2998 οὐρανοὺς,
2473 2891 2659 2973 κατὰ
2709 2890 2845 2993 τὴν
2897 2900 3027 2972 τοῦ

626 3020 964 3121 Σωτῆρος
1013 3014 1289 3124 φωνήν·
1349 3014 1443 3096 τὰ
1493 3015 1569 3097 δὲ
1619 3023 1768 3096 τῶν
1803 3016 2029 3119 ἁγίων
2072 3016 2412 3121 ἀγγέλων
2453 3017 2792 3119 τάγματα
2840 3018 3021 3096 ἀνα-

624 3141 898 3236 βαίνειν
954 3145 1070 3222 καὶ
1126 3139 1581 3239 καταβαίνειν
1636 3142 1753 3222 ἐπὶ
1808 3138 1937 3221 τὸν
1993 3139 2146 3223 υἱὸν
2200 3150 2330 3223 τοῦ
2385 3141 2789 3243 ἀνθρώπου.
2876 3136 3028 3220 εἶτα

558 3274 602 3340 b
627 3263 999 3345 τοσούτων
1056 3265 1215 3346 εἶπέ
1266 3299 1392 3366 μοι
1447 3264 2072 3370 προσδοκωμένων
2129 3268 2446 3367 ἀγαθῶν,
2505 3270 2623 3346 καὶ
2684 3270 3027 3368 λαμπρᾶς

626 3389 852 3471 οὕτως·
887 3387 1178 3474 ἐλπίδος
1223 3388 1775 3491 ἀνατικτομένης
1824 3389 1993 3489 ἡμῖν
2030 3388 2148 3470 διὰ
2195 3398 2325 3470 τοῦ
2373 3389 2737 3495 σωτηρίου
2783 3421 3018 3468 σταυ-
3052 3429 3128 3492 ²5

621 3519 780 3616 ροῦ·
841 3517 996 3595 πῶς
1051 3512 1180 3591 οὑκ
1233 3512 1370 3593 ἔδει
1421 3510 1548 3592 τὸν
1588 3511 1722 3613 τὴν
1765 3512 2112 3618 ἡμετέραν
2152 3512 2575 3619 διψήσαντα
2621 3512 3017 3616 σωτηρίαν,

624 3631 747 3714 διά
779 3667 858 3715 τε
902 3641 1114 3714 τοῦτο
1163 3637 1326 3716 καθ’
1367 3635 1553 3734 ἡμᾶς
1600 3635 1952 3739 γεγονότα
2000 3641 2219 3743 χωρὶς
2267 3639 2637 3742 ἁμαρτίας,
2670 3634 2802 3717 τὸν
2834 3638 3022 3717 οὕτω

626 3755 1062 3861 τριπόθητον
1109 3758 1520 3862 ἐπείγεσθαι
1573 3762 1874 3856 βλέπειν
1921 3759 2059 3861 ἤδη
2114 3760 2440 3865 παρόντα
2497 3758 2794 3865 καιρόν;
2868 3766 3024 3844 πῶς

626 3879 706 3960 δὲ
782 3883 912 3962 οὑκ
975 3883 1193 3988 ἐχρῆν
1256 3881 1384 3964 τὸν
1448 3881 1655 3965 οὐδὲν
1709 3883 1946 3965 εἰδότα
2010 3883 2231 3965 κακὸν
2286 3888 2838 3993 καταφρονῆσαι
2895 3881 3024 3982 μὲν

626 4011 772 4086 τῶν
834 4007 914 4087 ἐκ
987 4010 1409 4107 διαβολικῆς
1480 4009 1911 4113 κακουργίας
1982 4009 2552 4110 ἐσκευασμένων,
2614 4007 3022 4110 ἐπείγεσθαι
3048 4050 3123 4126 3ο

697 4209 990 4276 samin-m·
1010 4226 1109 4282 pro
1131 4207 1383 4280 ἀπαρχῶν
1405 4207 1551 4264 Catt.
1932 4209 1987 4267 6.
2023 4212 2328 4282 τολμόμενα
2350 4228 2400 4265 8.
2425 4233 2486 4268 το
2592 4232 2730 4280 ματα
2752 4208 2951 4265 habent
2973 4228 3021 4265 e.

626 4277 794 4335 Cord.
1169 4292 1219 4352 7.
1253 4277 1439 4352 πέρας]
1473 4286 1533 4345 «4»
1562 4282 1793 4351 Χριστὸς
1816 4277 1959 4336 catt.
2335 4298 2419 4337 10.
2457 4213 2600 4351 καςη
2602 4282 2716 4337 rius
2741 4278 2807 4336 E.
2832 4281 2891 4336 δὲ
2917 4280 3018 4336 Ed.

631 4366 713 4416 14.
753 4349 1033 4407 ἄπιλιῦσσι
1057 4349 1123 4406 Ε.
1380 4366 1462 4419 15.
1500 4352 1560 4405 τὸ
1586 4359 1926 4422 assumptum
1952 4369 2017 4406 ex
2043 4351 2108 4407 Ε.
2136 4352 2313 4425 (Vnt.)
2340 4353 2409 4409 cf.
2434 4353 2492 4407 iu
2516 4352 2591 4408 xii
2614 4351 2815 4425 Proph.
2840 4368 2940 4421 471
2969 4369 3018 4416 a,

625 4420 730 4491 698
756 4420 811 4477 b.
840 4492 906 4550 E
1086 4438 1171 4478 21.
1208 4422 1456 4495 οὐρανοὺς
1478 4421 1757 4478 emendavi
1780 4431 1902 4495 post
1928 4422 2133 4496 Migne.
2158 4425 2373 4496 οὐρανὸς
2396 4422 2540 4479 Aub.
2809 4439 2896 4491 ²4·
2933 4443 3019 4478 το-

624 4493 816 4548 σῦῦῗον
