3238 5158
224 332 389 398 xvii.
421 333 653 422 18,19.
719 336 833 401 IN
895 337 963 402 S.
1011 336 1526 403 JOANNEM.
1618 335 1810 401 LIB.
1857 334 1982 400 XI.
2072 334 2277 401 CAP.
2309 336 2391 401 X.
2514 336 2640 400 ⁷23

224 496 458 597 μηδὲν
520 498 624 581 ἔτι
695 501 1182 606 παραποδίζὸν
1247 502 1614 659 φαίνηται·
1644 499 1829 606 πρὸς
1892 501 1979 582 τὸ
2040 500 2392 582 δύνασθαι
2455 499 2638 657 πρὸς·

223 622 595 724 ἐγγύτητα
668 626 1011 727 γενέσθαι
1076 632 1263 735 Θεῷ,
1333 630 1451 708 καὶ
1524 631 1657 727 τῆς
1728 661 1910 731 προς
1983 623 2201 707 αὑτὸν
2273 624 2639 709 κοινωνίας

222 746 632 852 ἐξέχεσθαι,
692 747 811 831 διὰ
866 751 1250 851 μετουσίας
1309 750 1645 854 δηλονότι
1699 760 1827 832 τοῦ
1882 752 2140 854 Αγίου
2198 751 2641 850 Πνεύματος,

223 867 824 979 ἀναμορφοῦντος
878 874 1066 976 ἡμᾶς
1120 881 1215 959 εἶς
1271 876 1734 975 δικαιοσύνην
1783 910 1899 956 και
1951 873 2319 979 ἁγιασμὸν
2369 878 2486 955 καὶ
2544 880 2643 960 εἷς

154 1012 193 1073 5
225 992 470 1075 εἰκόνα
522 993 656 1098 τὴν
690 996 1009 1102 πρώτην.
1090 1002 1149 1078 εἶ
1205 997 1351 1103 γὰρ
1395 999 1766 1100 διίστησιν
1821 1000 2133 1103 ἁμαρτία
2187 1001 2305 1078 καὶ
2359 1000 2701 1098 ‹inopte-0

220 1118 403 1224 ρίζει
438 1125 630 1202 Θεοῦ
680 1119 808 1201 τὸν
855 1121 1259 1227 ἄνθρωπον,
1304 1122 1626 1230 συνάψει
1660 1121 1750 1222 δὴ
1786 1121 2073 1208 πάντως
2107 1123 2153 1223 ἡ
2190 1122 2634 1223 δικαιοσύνη,

224 1246 354 1328 καὶ
402 1254 997 1345 μεσολαβοῦντος·
1052 1246 1335 1333 οὐδενὸς
1387 1248 1558 1352 παρ’
1609 1249 1802 1356 αὐτῷ
1854 1247 2124 1351 τρόπον
2179 1248 2339 1329 τινὰ
2395 1282 2637 1350 παρα-

222 1366 496 1470 στήσει
540 1374 646 1478 τῷ
685 1376 874 1479 Θεῷ.
951 1372 1460 1473 δεδικαιώμεθα
1495 1370 1570 1453 δὲ
1608 1371 1725 1452 διὰ
1759 1372 2074 1456 πίστεως
2130 1376 2256 1470 τῆς
2311 1378 2408 1456 εἰς
2446 1377 2636 1474 Χρι-

223 1492 420 1574 στὸν
475 1492 577 1543 ‘⁴
544 1529 624 1580 ος
676 1494 1039 1599 παρεδόθη
1092 1495 1226 1595 μὲν
1268 1496 1387 1578 δια
1435 1531 1529 1577 τα
1564 1495 2119 1599 παραπτώματα
2156 1497 2415 1597 ἡμῶν,”
2456 1495 2642 1576 κατὰ
2735 1512 2879 1628 }0111·
2897 1512 2965 1562 iv.

122 1647 202 1689 10
228 1618 318 1700 τὸ
371 1619 888 1723 γεγραμμένον,
927 1619 1267 1724 “ἠγέρθη
1306 1620 1384 1701 δε
1419 1618 1536 1702 δια
1585 1620 1720 1721 τὴν
1756 1620 2200 1701 δικαίωσιν
2159 1626 2382 1721 ημῶν.
2385 1622 2426 1647 ”
2500 1619 2640 1720 ολη
2766 1590 2795 1641 ⁵

226 1740 379 1848 γὰρ
414 1746 491 1824 ἐν
524 1745 737 1853 αὐτῷ,
761 1744 1164 1849 καθάπερ’
1126 1781 1203 1826 εν
1240 1747 1534 1852 ἀπαρχῇ
1571 1753 1702 1825 τοῦ
1738 1745 2006 1848 γένους,
2041 1778 2224 1849 προς
2261 1743 2641 1845 καινότητα

226 1867 502 1971 ζωῆς
460 1904 506 1968 η
559 1869 943 1972 ἁνθρωπου
1003 1868 1229 1977 φύσις
1283 1868 1812 1974 ἀνεσκευάζετο,
1877 1903 1995 1950 και
2045 1874 2144 1954 εἷς
2194 1866 2329 1969 τὴν
2380 1869 2644 1949 οἰκείαν

225 1991 486 2095 ὥσπερ
560 1991 792 2100 ἀρχὴν
862 1995 1360 2090 ἀναβαίνουσα
1429 1992 1610 2098 πρὸς
1683 1993 2051 2096 ἁγιασμὸν
2122 1990 2635 2075 ἀνεπλάττετο.

228 2127 277 2165 “
317 2116 680 2220 Ἀγίασον
738 2119 976 2200 τοίνυν
1028 2117 1302 2218 αὐτοὺς,
1339 2114 1398 2199 ὦ
1452 2117 1704 2220 πάτερ,
1742 2121 1994 2226 φησὶν,
2054 2120 2130 2197 ἐν
2189 2124 2280 2222 τῇ
2342 2118 2644 2224 ἀληθείᾳ

129 2261 202 2322 15
230 2253 277 2292 “
318 2275 482 2341 σου,
516 2240 887 2323 τουτέστιν
923 2243 1000 2323 ἐν
1045 2244 1221 2342 ἐμοί·
1300 2244 1341 2324 5
1378 2241 1519 2346 γὰρ
1558 2242 1781 2346 λόγος
1816 2244 1858 2323 5
1894 2243 2031 2328 σὸς
2075 2240 2381 2342 ἀλήθειά
2424 2242 2642 2338 ε’στι,”

228 2365 632 2464 τουτέστιν,
702 2364 931 2447 πάλιν
1001 2365 1170 2469 ἐγώ.
1265 2366 1552 2471 ἦγίασα
1624 2363 1771 2470 γὰρ
1843 2366 2004 2473 ὑπὲρ
2069 2367 2282 2447 αὗτῶν
2339 2365 2646 2473 ἑμαυτὶν,

228 2494 615 2575 τουτέστιν
686 2494 1102 2577 ἀνατέθεικα
1174 2495 1291 2576 καὶ
1360 2492 1865 2600 προσήγαγον,
1936 2493 2032 2581 εἷς
2106 2493 2281 2598 ὑπὲρ
2353 2491 2647 2575 πάντων

229 2617 643 2719 ἀποθανὼν,
678 2619 763 2699 ἵν’
805 2616 1061 2705 αὐτοὺς
1119 2625 1218 2705 εἶς
1255 2617 1639 2720 καινότητα
1690 2619 2250 2725 μεταμορφῶσω
2293 2618 2474 2724 ζωῆς
2529 2620 2648 2698 καὶ

232 2743 633 2851 ἡγιασμένοι
674 2739 830 2827 ὦσιν
866 2745 929 2825 ἐν
965 2742 1272 2857 ἀληθεία,
1307 2744 1682 2826 τουτέστιν
1718 2747 1794 2824 ἐν
1831 2744 2007 2844 ε’μοί.

132 2892 209 2934 20
355 2868 1008 2975 Σεσαφηνισμένου
1064 2869 1139 2951 δὲ
1196 2874 1310 2950 καὶ
1364 2867 1942 2975 παραδεχθέντος
1996 2872 2093 2952 εἰς
2147 2867 2422 2968 νόησιν,
2466 2864 2651 2947 κατὰ

232 2993 370 3076 τὸν
424 2992 683 3097 ἀρτίως
740 2992 910 3093 ἡμῖν
970 2992 1348 3074 ἐκδοθέντα
1425 3002 1612 3093 νοῦν,
1672 3001 1803 3074 τοῦ
1878 2993 2341 3096 προκειμένου
2408 2993 2651 3097 ῥητοῦ,

235 3122 359 3199 καὶ
396 3119 482 3197 δι’
522 3118 779 3222 ἑτέρων
829 3117 1002 3198 ἰέναι
1059 3116 1540 3221 θεωρημάτων
1594 3118 1678 3197 οὗ
1734 3115 2295 3216 κατοκνήσομεν.
2371 3114 2456 3197 τὸ
2506 3114 2652 3219 γὰρ

235 3243 356 3326 ὅτι
407 3240 739 3343 μάλιστα
794 3248 1220 3349 φιλοθηρεΐν
1274 3242 1687 3343 ἐπείγεσθαι
1741 3241 1835 3322 τὰ
1889 3248 2035 3322 τῶν
2093 3237 2468 3342 νοημάτων
2522 3240 2650 3321 οὐκ
2674 3264 2711 3308 0

236 3367 516 3472 εὐχερῆ,
555 3365 809 3468 γένοιτ’
838 3363 927 3446 ἰὶν
962 3362 1158 3466 οἶμαι
1207 3365 1827 3473 τιμαλφέστατον,
1865 3366 2103 3450 αὐτοῖς
2138 3399 2215 3446 τε
2252 3370 2403 3449 τοῖς
2438 3371 2651 3445 τοῦτο

133 3510 211 3572 25
238 3495 424 3595 δρᾶν
477 3491 840 3585 ἐθέλουσι,
893 3526 1010 3572 και
1064 3497 1215 3576 τοῖς
1268 3524 1416 3571 των
1465 3490 1934 3593 ἀκροωμένων
1982 3486 2647 3640 φιλομαθεστέροις.

237 3617 385 3724 ἔφη
436 3615 675 3696 τοίνυν
726 3617 766 3695 5
823 3614 1089 3717 Κύριος
1141 3614 1346 3715 ἡμῶν
1394 3615 1683 3715 Ἰησοῦς
1736 3615 1778 3694 5
1829 3611 2156 3717 Χριστὸς
2215 3612 2391 3716 ὑπερ
2449 3612 2655 3713 ἡμῶν

232 3736 497 3822 εαυτὸν
552 3737 973 3843 αγιάζειν,”
942 3773 1058 3820 ινα
1107 3773 1223 3819 και
1273 3739 1472 3838 ἡμεῖς
1528 3734 1717 3837 ὦμεν
1777 3735 2165 3844 ἧγιασμενοι
2225 3740 2287 3820 ἐν
2337 3735 2645 3849 ἀληθεία.

236 3869 400 3949 πῶς
463 3863 590 3943 ουν
649 3860 1011 3967 ἁγιάζεται
1068 3863 1297 3944 καίτοι
1352 3898 1536 3944 κατα
1608 3861 1839 3972 φύσιν
1900 3859 2104 3966 ἅγιος
2168 3896 2292 3960 ων,
2352 3861 2469 3944 ἵνα
2533 3866 2652 3943 καὶ

241 3988 441 4090 ἡμεῖς
489 4021 683 4088 ωμεν
736 3985 1146 4134 ἦγιατμένοι,
1209 3985 1384 4093 φέρε
1438 3985 1526 4088 δὴ
1569 3989 1795 4069 πάλιν
1839 4021 1983 4068 των
2030 3991 2160 4088 τῆς
2208 3985 2652 4087 Ἐκκλησίας

138 4141 219 4197 30
243 4110 630 4216 δογμάτων
677 4111 1024 4218 ἐχόμενοι,
1074 4113 1193 4191 καὶ
1251 4109 1379 4192 τὸν
1426 4111 1646 4214 ὀρθὸν
1691 4115 1821 4212 τῆς
1870 4112 2186 4197 πίστεως
2236 4106 2502 4190 κανόνα
2548 4107 2649 4209 μὴ

241 4235 839 4342 παρατρέχοντες,
881 4239 978 4319 ὥς
1023 4235 1123 4315 ἔνι
1175 4241 1419 4319 καλῶς
1468 4233 2019 4337 ἐπαθρήσωμεν.
2082 4231 2320 4341 φαμεν
2369 4233 2495 4313 ουν
2540 4266 2650 4312 οτι
2676 4271 2710 4309 a
2762 4258 2891 4315 991
2909 4256 2989 4313 A.

247 4361 435 4446 Θεὸς
486 4359 670 4440 κατὰ
714 4359 944 4467 φύσιν
989 4357 1332 4463 ὑπάρχων
1366 4359 1406 4438 5
1458 4358 1887 4461 Μονογενὴς
1937 4363 2052 4439 καὶ
2101 4362 2177 4439 ἐν
2230 4363 2481 4465 μορφῇ
2537 4361 2653 4440 καὶ

2668 2135 2713 2200 d
2732 2112 2897 2178 Supra.

2736 2195 2838 2230 ver.
2861 2188 2936 2242 17.

682 4613 765 4671 17.
803 4597 1091 4653 ἀνατέθεικε
1119 4598 1184 4654 Ε.
1717 4600 1799 4654 18.
1836 4598 1898 4654 ἵν’
1928 4598 1993 4655 Ε.
2015 4596 2096 4654 ἵνα
2122 4597 2227 4655 Ed.

1364 4700 1411 4764 4
1438 4700 1473 4746 z
1505 4700 1542 4749 α
