3238 5158
184 359 570 430 xv.12,13.
640 344 755 410 IN
814 347 882 418 s,
930 329 1443 413 JOANNEM.
1536 346 1728 413 LIB.
1776 348 1861 414 x.
1951 348 2157 414 CAP.
2204 347 2299 412 11.
2474 345 2601 411 575

181 512 320 589 καὶ
344 516 554 595 σκιᾶς
586 510 959 619 ἐξίπταται
995 514 1223 615 δίκην.
1285 511 1537 616 ὥσπερ
1572 514 1847 594 τέλειον
1882 520 2100 615 μῖσος
2137 509 2318 593 εἶναί
2341 518 2602 621 φαμεν,

182 631 289 713 τὸ
350 634 634 719 δικαίως
692 672 773 718 τε
836 640 955 719 καὶ
1017 639 1251 742 ὀρθῶς
1307 639 1430 719 ἐπί
1488 672 1643 718 τισι
1712 641 1880 742 παρ’
1935 639 2141 739 ἡμῶν
2198 635 2598 741 γινόμενον·
2630 650 2675 716 (1

180 753 455 863 ὥσπερ
492 759 619 839 οὖν
652 761 903 861 ἀμέλει
947 766 1064 842 καὶ
1101 764 1143 842 ὁ
1178 760 1524 864 μακάριος
1561 764 1833 843 Δαυεὶδ
1865 769 2027 866 περὶ
2063 767 2212 843 τῶν
2246 764 2602 863 ἀνθεστη-

184 879 437 961 κότων
500 888 594 989 τῇ
658 884 838 993 δόξῃ
901 894 1030 966 τοῦ
1095 891 1287 966 Θεοῦ
1348 892 1539 992 φησι
1605 898 1650 935 “
1672 884 1968 968 Τε’λειον
2029 893 2248 986 μῖσος
2308 886 2605 986 ἐμίσουν
2693 851 2933 968 {gum

94 1026 149 1088 5
185 1014 248 1052 “
288 1006 619 1093 αὐτούς·”
696 1009 977 1090 τελείαν
1031 1008 1106 1090 δὲ
1162 1008 1473 1113 ἀγάπην,
1524 1008 1657 1112 τὴν
1712 1009 2131 1114 ὁλοκλήρως
2185 1014 2604 1091 ἀνακεῖσθαι
2699 997 2777 1033 ²²⁶

187 1134 374 1236 Θεῷ
424 1131 1119 1235 παρασκευάζουσαν
1153 1132 1320 1219 τοὺς
1373 1131 1673 1218 ἑλόντας
1728 1134 1951 1235 αὐτὴν
1984 1137 2060 1215 ἐν
2099 1138 2268 1242 Θεῷ
2323 1137 2440 1215 καὶ
2486 1133 2605 1215 διὰ

189 1253 424 1347 Θεὸν,
464 1257 550 1335 οὐ
604 1253 738 1357 τὴν
791 1258 915 1339 ἐπί
961 1291 1156 1339 τισιν
1200 1259 1535 1362 ἐπιγείοις
1585 1260 1703 1339 καὶ
1755 1255 1985 1363 λόγου
2033 1258 2333 1361 μηδενὸς
2378 1260 2606 1367 ἀξίοις

187 1375 661 1483 πράγμασιν.

194 1641 383 1709 Αὕτη
430 1642 604 1711 ἐστὶν
640 1645 679 1710 ἡ
718 1645 955 1713 ἐντολή
997 1647 1036 1714 ἡ
1075 1647 1223 1730 ἐμὲ,
1260 1647 1369 1715 ἵνα
1418 1648 1718 1725 &randi-re
1761 1648 2115 1730 ἀλλήλους,
2154 1646 2374 1715 καθὼς
2423 1645 2709 1723 κάτὼία

67 1768 163 1809 ¹0
312 1769 615 1876 furtin-nou
671 1773 861 1850 ὑμᾶς·
946 1774 1204 1866 μείζονα
1259 1777 1498 1842 ταύτης
1552 1776 1812 1851 ἀτάπην
1867 1774 2086 1842 οὐδεὶς
2136 1774 2291 1863 ἔχει,
2343 1774 2450 1841 ἵνα
2503 1798 2602 1842 τις
2635 1808 2708 1864 13

312 1893 433 1963 τήν
482 1897 693 1985 ψυχὴν
747 1900 947 1966 αὐτοῦ
1001 1906 1084 1990 θιξὶ
1137 1900 1303 1992 ὑπὲρ
1352 1902 1488 1969 τῶν
1542 1899 1759 1990 φίλων
1813 1902 2034 1968 αὐτοῦ.
2628 1891 2665 1934 ⁰

320 2071 920 2177 Ἐμφανεστέραν
963 2073 1100 2175 ἤδη
1137 2075 1530 2175 καθίστησι
1568 2073 1686 2155 διὰ
1730 2077 1858 2175 τῆς
1894 2072 2165 2154 τούτων
2201 2075 2603 2176 ἐπαγωγῆς,

193 2199 355 2275 τῶν
389 2196 527 2297 ἤδη
562 2197 1085 2301 προειρημένων
1116 2196 1249 2298 τὴν
1284 2197 1615 2299 δύναμιν,
1648 2197 1998 2296 τουτέστι,
2022 2196 2108 2277 τὸ
2145 2201 2400 2302 χρῆναι
2439 2196 2605 2281 τοὺς

191 2318 536 2419 μαθητὰς
589 2317 723 2420 τὴν
760 2321 976 2402 αὐτοῦ
1023 2320 1257 2427 χαρὰν
1294 2323 1480 2429 ἔχειν
1537 2325 1613 2403 ἐν
1672 2324 1972 2407 ἑαυτοῖς·
2052 2321 2468 2428 ἀναφανδὸν
2525 2324 2610 2401 δέ

79 2481 161 2542 15
197 2449 465 2556 φησιν,
524 2443 634 2524 ὅτι
682 2453 896 2525 τοῦτο
951 2444 1399 2545 ἐντέλλομαι,
1460 2449 1577 2526 καὶ
1639 2454 1851 2526 τοῦτο
1913 2444 2232 2525 διδάσκω
2290 2448 2468 2549 δρᾶν
2524 2479 2602 2526 τε

196 2571 327 2649 καὶ
367 2574 659 2675 φρονεῖν
693 2576 859 2655 τοῦς
908 2570 1209 2651 ἕπεσθαι
1264 2575 1407 2652 δεῖν
1442 2569 1795 2670 οἰομένους
1847 2571 2022 2672 ἐμοὶ,
2057 2566 2604 2672 τοιουτότροπον

196 2700 305 2778 εἷς
363 2692 741 2795 ἀλλήλους
793 2698 1179 2794 ἐκμελετᾶν
1236 2691 1370 2794 τὴν
1429 2694 1741 2797 ἀγάπην,
1800 2695 2053 2775 ὁποίαν
2106 2691 2250 2796 ἐγω
2307 2692 2602 2801 φθάσας

195 2817 679 2926 ἐπεδειξάμην
714 2822 831 2900 καὶ
873 2819 1340 2923 πεπλήρωκα.
1419 2827 1629 2901 ποῖον
1667 2820 1793 2899 οὖν
1829 2819 1971 2921 ἄρα
2004 2816 2089 2897 τὸ
2124 2815 2382 2919 με’τρον
2417 2823 2596 2898 θεω·

194 2942 434 3047 ρήσαι
486 2977 595 3027 τις
649 2942 739 3022 ἂν
791 2948 920 3044 τῆς
973 2943 1262 3046 ἀγάπης
1321 2950 1449 3023 τοῦ
1485 2948 1838 3047 Χριστοῦ,
1874 2938 2101 3023 πάλιν
2156 2939 2368 3026 αὐτὸς
2424 2941 2593 3022 ὑπέ·
2625 2987 2662 3029 a
2704 2974 2837 3033 337
2857 2972 2941 3032 Α,

87 3096 169 3136 20
200 3073 461 3175 φηνεν,
510 3066 747 3165 εἰπὼν,
803 3068 889 3149 τὸ
941 3068 1177 3172 μεῖζον
1234 3064 1406 3148 εἶναι
1460 3067 1683 3169 μηδὲν
1735 3071 1863 3166 τῆς
1909 3065 2239 3165 τοιαύτης
2294 3064 2602 3169 ἀγάπης,

198 3192 249 3295 ἢ
309 3197 434 3275 καὶ
496 3192 720 3295 αὐτὴν
774 3193 1127 3297 προέσθαι
1182 3189 1314 3292 τὴν
1370 3192 1624 3299 ψυχὴν
1680 3189 1858 3295 ὑπὲρ
1912 3196 2057 3270 τῶν
2113 3189 2606 3293 ἀγαπωμένων

199 3318 708 3400 διακελεύεται.
784 3321 862 3398 ἐκ
918 3316 1005 3418 δὴ
1063 3315 1337 3396 τούτων
1379 3314 1719 3396 ἁπάντων
1770 3317 2154 3419 μονονουχὶ
2206 3321 2355 3398 τοῖς
2410 3316 2606 3399 ἰδίοις

200 3442 688 3523 διακελεύεται
762 3446 1134 3543 μαθηταῖς,
1201 3438 1311 3519 ὅτι
1373 3437 1725 3544 προσήκει
1789 3442 2140 3518 τοσοῦτον
2202 3434 2607 3545 ἀφεστάναι

200 3575 335 3647 τοῦ
402 3565 696 3647 δεδιέναι
744 3573 986 3674 φιλεῖν
1040 3564 1206 3649 τοὺς
1262 3560 1438 3666 ὑπὲρ
1489 3569 1634 3642 τῶν
1681 3560 2104 3664 σωῷμένων
2146 3562 2450 3663 ἀγῶνας,
2488 3565 2606 3643 καὶ

95 3714 171 3773 25
204 3691 433 3772 αὐτὸν
467 3691 864 3773 ἀοκνότατα
918 3692 1034 3770 καὶ
1086 3690 1254 3768 λίαν
1296 3686 1593 3789 ἑτοίμως
1647 3687 1828 3793 ἔχειν
1873 3688 2272 3786 ὑποστῆναι
2317 3686 2444 3768 τὸν
2477 3691 2606 3788 τῆς

204 3812 487 3919 σαρκὸς
524 3812 859 3897 θάνατον·
940 3814 1268 3895 καθίκετο
1304 3808 1448 3915 γὰρ
1483 3812 1602 3892 καὶ
1656 3812 1866 3918 μέχρι
1909 3816 2112 3892 τοῦδε
2150 3819 2277 3892 τοῦ
2313 3811 2598 3915 με’τρου,

203 3942 335 4040 Τῆς
397 3947 526 4022 τοῦ
586 3944 921 4044 Σωτῆρος
981 3939 1182 4039 ἡμῶν
1243 3935 1529 4040 ἀγάπης
1588 3937 1634 4037 ἦ
1695 3935 2013 4035 δύναμις.
2093 3935 2177 4016 τὸ
2236 3935 2311 4017 δὲ
2377 3946 2601 4018 ταῦτα
2626 3958 2671 4022 b

206 4065 453 4169 λέγειν
509 4064 748 4168 ἕτερον
801 4063 892 4166 ἦν
948 4068 1257 4166 δρῶντος
1314 4057 1534 4157 οὐδὲν,
1594 4057 1640 4160 ἢ
1710 4058 2253 4166 παραθήγοντος
2312 4060 2442 4161 μὲν
2507 4068 2605 4148 εἰς

210 4187 545 4297 ὑπερφυᾶ
597 4223 675 4270 τε
725 4191 842 4269 καὶ
887 4187 1247 4296 ἐξαίρετον
1283 4186 1608 4288 ἀνδρείαν
1645 4181 1811 4268 τοὺς
1861 4182 2203 4283 μαθητὰς,
2240 4185 2607 4266 διανιστά-

107 4336 183 4392 30
212 4344 462 4398 νοντος
517 4313 593 4394 δὲ
650 4314 818 4393 λίαν
852 4318 949 4396 εἷς
1003 4308 1485 4412 ἀκμαιοτάτην
1540 4309 2057 4416 φιλαδελφίαν,
2096 4313 2212 4391 καὶ
2268 4308 2607 4417 φρόνημα

292 4543 339 4583 1.
376 4527 581 4585 ‹bat'et
605 4538 727 4586 ante
752 4537 805 4585 et
829 4535 953 4601 post
976 4529 1131 4596 μῖσος
1156 4525 1369 4582 exbibet
1393 4524 1459 4580 E.
2003 4525 2085 4580 16.
2121 4527 2517 4593 τοιοῦτότροπον
2543 4521 2609 4576 Ε.

219 4611 303 4651 ²1·
343 4598 401 4672 ἣ]
428 4600 458 4669 ἢ
487 4601 552 4656 Ε.
915 4601 1001 4656 28.
1038 4598 1425 4670 παραθῆγοντος
1453 4596 1579 4652 EF.
1611 4595 1714 4653 Ed.
1742 4613 1851 4668 mg.
1879 4595 2272 4668 παραθήσοντος
2299 4593 2400 4649 Ed.
