3238 5158
580 340 706 405 126
1185 344 1265 409 B.
1311 343 1744 424 cYRILm
1793 345 2368 412 ALEXANDR.
2716 347 2850 414 viii.
2873 361 2984 433 55·

247 512 495 631 ξηῌζὲὒ·
585 511 631 551 “
669 503 918 587 καλόν.
1000 507 1085 587 ού
1122 505 1266 612 γὰρ
1303 508 1600 589 δύναται
1637 508 1928 614 δένδρον
1963 509 2242 612 ἀγαθὸν
2277 510 2594 615 καρποὺς
2627 508 2988 615 πονηροὺς

584 639 637 725 ,“
667 635 922 726 ποιεῖν,
986 629 1146 710 οὐδὲ
1212 631 1505 734 δένδρον
1564 632 1859 736 σαπρὸν
1916 632 2234 738 καρποὺς
2298 632 2616 737 ἀγαθοὺς
2676 634 2980 716 ποιεῖν.”

588 758 745 835 πῶς
780 753 907 833 οὖν
940 754 1313 859 ἐνδέχεται,
1347 762 1643 855 μᾶλλον
1677 755 1753 836 δὲ
1784 764 1942 842 πῶς
1978 759 2112 863 οὐχ
2162 757 2456 859 ἀπάσης
2503 760 2663 842 ἐστὶ
2709 759 2987 862 μωρίας

523 890 567 954 b
591 873 1019 975 ἀνάμεστον,
1083 912 1213 958 τον
1273 878 1363 986 ἐξ
1432 878 1794 960 ἀθανάτου
1866 882 2297 984 γεννηθέντα
2364 882 2658 986 Πατρὸς
2721 880 2987 982 θνητον

588 1033 764 1079 ειναι
800 1001 1122 1104 νομίζειν,
1158 1007 1275 1081 καὶ
1314 1009 1464 1088 τοῖς
1510 1005 1981 1111 ἐφθαρμενοις
2016 1006 2423 1110 ἐναρίθμιον
2455 1012 2820 1087 ποιεῖσθαι
2855 1039 2984 1086 τον
3011 1029 3052 1089 5

587 1125 716 1203 οὐκ
753 1121 988 1205 εἰδότα
1025 1125 1352 1233 φθοράν·
1332 1187 1353 1223 ,

696 1294 876 1371 ’HJ-co
929 1295 1003 1363 δὲ
1055 1292 1205 1364 οἶδα
1260 1300 1475 1367 αὐτόν·
1554 1301 1663 1367 καὶ
1716 1301 1834 1369 &dv
1887 1298 2061 1370 εἴπω
2111 1305 2213 1370 ὅτι
2265 1303 2384 1368 οὐκ
2436 1298 2585 1370 οἶδα
2639 1303 2860 1384 αὐτὸν,

1220 1415 1453 1495 ἔσομαι
1506 1417 1754 1495 ὁμοίως
1808 1420 1989 1498 ὑμῶν
2041 1422 2346 1500 ψεύστης.

242 1545 455 1675 ἓζζῐζζι
695 1563 857 1641 Οὐκ
905 1562 1354 1667 ἐψευσάμην,
1402 1569 1656 1672 φησὶν,
1691 1568 2060 1652 Ἰουδαίοις
2116 1567 2352 1670 λέγων
2395 1577 2439 1615 “
2465 1565 2648 1647 Ἐάν
2688 1601 2798 1651 τις
2851 1564 2986 1646 τὸν

581 1693 627 1730 “
662 1683 836 1784 ἐμὸν
885 1685 1114 1788 λόγον
1160 1685 1448 1793 τηρήσῃ
1506 1688 1821 1769 θάνατον
1870 1692 1954 1769 οὐ
2006 1689 2109 1790 μὴ
2164 1691 2302 1771 ’ίδοι
2354 1696 2452 1775 εἷς
2504 1689 2634 1771 τὸν
2683 1692 2978 1771 αῐῶνα.”
3013 1727 3094 1770 10

582 1807 887 1906 δύναμαι
971 1807 1116 1911 γὰρ
1200 1809 1770 1913 ἀπαθανατίζειν,
1847 1814 2133 1918 ἐπείπερ
2216 1811 2375 1895 οἶδα
2453 1823 2669 1894 τοῦτο
2751 1821 2984 1894 ποιεῖν

521 1961 556 2004 ο
581 1929 931 2035 ἰσχύοντα
995 1931 1124 2011 τὸν
1180 1932 1270 2040 ἐξ
1324 1933 1543 2037 οὗπέρ
1603 1942 1767 2034 εἶμι,
1825 1933 1983 2016 οἶδα
2043 1937 2227 2017 κατὰ
2281 1936 2510 2045 φύσιν
2566 1938 2741 2018 ὅντα
2795 1936 2983 2041 ζωὴν

579 2053 708 2134 τὸν
746 2053 1038 2157 Πατέρα
1081 2054 1209 2136 τὸν
1244 2058 1576 2154 ἐμαυτοῦ.
1657 2062 1798 2157 εἰμὶ
1845 2069 2228 2163 τοιγαροῦν
2263 2063 2415 2140 κατ’
2453 2064 2719 2141 ἐκεῖνον
2755 2060 2978 2163 κάγὼ,

579 2175 721 2279 ζωὴ
776 2177 1112 2278 δηλονότι
1167 2215 1353 2260 κατα
1407 2179 1660 2287 φύσιν,
1716 2186 1833 2262 καὶ
1890 2181 2253 2284 ζωοποιός.
2353 2183 2847 2287 ἀρνησάμενος
2901 2183 2981 2264 δὲ

577 2335 662 2380 το
716 2302 1069 2382 δύνασθαι
1118 2303 1519 2406 ζωογονεῖν,
1570 2309 1668 2389 ὡς
1722 2309 2007 2407 ἀγνοῶν
2055 2341 2316 2406 εσομαι
2365 2342 2493 2388 τον
2531 2308 2852 2411 Πατέρα,
2892 2309 2979 2389 ου
3009 2344 3091 2407 15

575 2458 662 2504 το
720 2424 900 2505 ἰ’διον
948 2431 1077 2526 τῆς
1131 2429 1384 2513 οὐσίας
1439 2427 1624 2532 ἔχων
1677 2427 1818 2532 ἐγὼ
1875 2428 2234 2531 ζωοποιεῖν
2282 2431 2609 2530 δύναμαι,
2653 2430 2981 2535 καθάπερ

576 2550 855 2633 ἐκεῖνος.
934 2550 1189 2630 οὐκοῦν
1222 2549 1411 2658 ἔχειν
1444 2550 1576 2651 μὲν
1618 2552 1963 2655 ὁμολογῶ
2012 2551 2251 2635 πάντα
2298 2553 2393 2636 τὰ
2439 2558 2517 2635 ἐν
2551 2561 2654 2663 τῷ
2705 2556 2974 2658 Πατρὶ,

576 2677 694 2751 καὶ
749 2673 903 2754 κατ’
959 2676 1225 2755 ἐκεῖνον
1281 2675 1623 2783 ὑπάρχειν
1678 2677 2006 2776 ἐμαυτὸν,
2064 2677 2670 2784 διισχυριζὸμενος
2726 2677 2845 2759 διά
2896 2713 2980 2759 τε

575 2804 705 2880 τοῦ
779 2831 871 2876 τα
936 2799 1202 2879 ἐκείνου
1266 2804 1447 2904 δρᾶν
1511 2800 2107 2905 ὑπισχνούμενος,
2175 2797 2327 2882 οιὸα.
2399 2801 2688 2887 πάντως
2750 2805 2974 2883 αὐτ-ὅν·

575 2920 815 3021 λέγων
854 2920 930 3001 δὲ
964 2920 1067 3022 μὴ
1106 2923 1373 3028 ἔχειν’
1331 2923 1891 3027 απαραποιήτως
1932 2926 2007 3004 ἐν
2044 2928 2326 3034 ἐμαυτῷ
2373 2923 2468 3006 τὰ
2515 2934 2643 3006 τοῦ
2682 2923 2985 3029 Πατρὸς
3007 2963 3093 3005 20

574 3043 738 3143 ιδια,
777 3039 1090 3152 ψεύστης
1147 3047 1394 3154 ἔσομαι
1451 3049 1615 3127 καθ’
1671 3049 1872 3146 ὑμᾶς,
1921 3051 2018 3134 ὦς
2070 3047 2173 3149 μὴ
2225 3046 2427 3134 ειδως
2480 3083 2609 3129 τον
2645 3049 2970 3154 Πατέρα.

506 3189 552 3254 d
576 3167 777 3248 ἀλλὰ
813 3172 929 3249 καὶ
968 3168 1085 3249 ὅτε
1122 3171 1313 3276 φημὶ
1348 3168 1483 3269 τὴν
1516 3169 1649 3268 μὲν
1685 3179 1814 3249 τοῦ
1847 3170 2194 3275 Ἀβραὰμ
2241 3177 2360 3252 καὶ
2394 3180 2541 3254 τῶν
2573 3179 2978 3280 προφητῶν

575 3291 782 3371 οὐδὲν
830 3288 1006 3372 εἶναι
1061 3292 1306 3399 δόξαν,
1338 3293 1624 3397 ἐπείπερ
1679 3290 1874 3392 ἦσαν
1919 3296 1998 3373 ἐκ
2053 3301 2207 3397 γῆς,
2245 3300 2364 3376 καὶ
2419 3295 2786 3397 ἅνθρωποι
2839 3293 2976 3395 τὴν

573 3414 827 3520 φύσιν,
865 3412 969 3499 οἷς
1025 3418 1141 3494 καὶ
1196 3415 1281 3495 τὸ
1335 3414 1821 3515 ἀποθνήσκειν
1865 3419 1948 3497 οὐ
2003 3417 2237 3524 ξένον,
2278 3415 2412 3517 τὴν
2462 3418 2534 3495 δ’
2572 3416 2751 3517 ἐμὴν
2797 3414 2976 3497 εἶναι

572 3534 816 3642 δόξαν,
875 3536 960 3618 τὸ
1024 3537 1253 3617 ἀΐδιον
1310 3546 1438 3618 τοῦ
1501 3536 1818 3641 Πατρὸς,
1878 3543 1975 3625 ὡς
2036 3537 2239 3624 εἰδὼς
2293 3539 2427 3620 ’τὸν
2490 3541 2818 3643 Πατέρα,
2878 3541 2974 3621 τὰ
3007 3581 3095 3644 25

569 3658 863 3741 τοιαῦτά
915 3668 1129 3768 φημι·
1211 3660 1449 3762 λέγων
1486 3659 1566 3738 δὲ
1618 3660 1732 3740 ὅτι
1780 3660 2258 3769 φθαρήσομαι
2299 3663 2450 3744 κατ’
2492 3664 2814 3762 ἐκείνους,
2854 3667 2977 3744 καὶ

570 3786 700 3864 οὐκ
735 3787 873 3882 εἰμὶ
908 3790 1011 3892 τῷ
1047 3786 1284 3887 Πατρὶ
1322 3781 1707 3883 συναίδιος,
1745 3784 2121 3891 ψεύσομαι
2153 3786 2318 3889 καθ’
2363 3788 2561 3885 ὑμᾶς,
2600 3786 2975 3890 ἀγνοήσας

568 3906 697 3988 τὸν
733 3907 823 4014 ἐξ
867 3907 1086 4011 ουπέρ
1134 3941 1271 4007 ειμι
1308 3908 1629 4010 Πατέρα.
1711 3907 2083 4012 ἀμήχανον
2119 3943 2263 4012 γαρ
2299 3907 2429 3989 τὸν
2462 3912 2541 3990 ἐκ
2585 3919 2715 3991 τοῦ
2764 3909 2977 3995 ὄντος

568 4034 685 4111 καὶ
758 4028 1107 4114 ὡσαύτως
1180 4029 1467 4134 ἔχοντος
1534 4032 1663 4128 ἀεὶ,
1726 4029 1828 4131 μὴ
1892 4032 2051 4136 οὐχὶ
2117 4030 2407 4117 πάντως
2472 4029 2656 4113 εἷναί
2710 4068 2786 4114 τε
2851 4037 2976 4115 καὶ

567 4152 915 4238 ὡσαύτως
962 4153 1149 4258 ἔχειν
1196 4154 1326 4232 ἀεί.
1406 4151 1636 4234 ἀΐδιον
1679 4151 1821 4258 γὰρ
1876 4188 1961 4234 το
2012 4154 2099 4261 ἐξ
2145 4156 2373 4236 ἀὶδίου
2422 4154 2966 4308 γεγεννημένον.
3007 4194 3096 4252 30

436 4322 445 4331 ·
507 4299 543 4343 Θ
567 4278 1071 4382 ἁπλούστερον
1136 4275 1280 4381 γὰρ
1343 4311 1429 4357 το
1492 4277 1959 4381 προκείμενον
2022 4279 2359 4376 ἐκλαβὼν
2421 4283 2569 4384 ἐρεῖ
2622 4315 2731 4365 τις
2794 4281 2975 4363 αὐτὸ

632 4447 688 4502 9.
722 4428 965 4485 ’Ῑονδοιοι
991 4428 1058 4485 Β.
1086 4427 1270 4484 Holst.
1297 4427 1602 4484 emendavit
1625 4428 1772 4484 Aub.
1967 4445 2051 4486 10.
2086 4429 2215 4503 ἴδοι]
2243 4429 2482 4502 θεωρήσῃ
2507 4448 2557 4486 ει.
2755 4445 2841 4503 15.
2877 4432 2977 4488 δύ-

561 4499 808 4569 ναμαιΒ.
838 4499 936 4555 Ht.
962 4499 1216 4556 δυνασθαι
1241 4498 1545 4554 emendavit
1569 4507 1633 4553 ut
1654 4499 1914 4554 adnotat
1899 4519 2014 4571 lpse
2037 4502 2183 4557 Aub.
2382 4516 2466 4573 17.
2502 4523 2598 4571 μεν
2620 4511 2978 4575 assumptum

561 4589 627 4628 ex
655 4570 722 4629 Β.
941 4571 1134 4641 18,19
1172 4571 1619 4641 ἐμαυτὸν-αὐτόν
1642 4570 1824 4626 omisit
1847 4570 1994 4626 Aub.
