3238 5158
183 359 311 426 viii.
339 381 442 449 23.
549 361 668 426 IN
730 361 795 429 S.
843 361 1357 427 JOANNEM.
1446 360 1640 428 LIB.
1671 361 1756 427 V.
1847 361 2055 428 cAP.
2103 361 2231 426 lv:
2499 359 2582 424 13

181 531 411 627 συνῆν
446 530 687 614 ἀϊδίως
722 533 827 635 τῷ
863 529 1015 636 ἰδίῳ
1053 525 1449 631 γεννήτορι.
1531 523 1634 606 ὢν
1667 526 1813 632 γάρ
1857 529 2059 607 ε’στιν
2093 522 2345 629 ὥσπερ
2383 526 2500 605 καὶ
2537 525 2578 603 5

184 651 462 757 Πατήρ·
528 653 569 731 5
625 649 701 731 δὲ
758 652 877 750 ὧν,
915 652 1035 732 καὶ
1087 655 1193 760 τῷ
1245 650 1399 732 ὄντι
1453 652 1700 734 συνὼν
1743 651 2004 749 ἀῖδίως,
2041 649 2225 732 κατὰ
2274 648 2433 730 τίνα
2488 646 2576 748 δὴ

179 773 450 880 τρόπον
485 778 612 857 οὑκ
650 775 760 877 ἦν,
798 777 842 877 ἡ
880 782 1026 856 τῶν
1062 773 1667 883 ἑτεροδοξούντων
1702 776 1975 877 λεγέτω
2011 776 2267 879 μωρία.

286 902 506 980 Ἀλλ’
545 901 725 986 ἴσως
779 902 949 1001 ἡμῖν
994 899 1618 1000 ἀνταναστήσεται
1679 899 1917 1003 λέγων
1963 901 2004 980 5
2058 903 2184 1000 τῆς
2241 899 2578 1000 ἀληθείοιᾰι

120 1042 154 1104 5
177 1023 434 1129 ἐχθρός
465 1085 509 1124 ,,
539 1026 702 1105 Οὐκ
749 1024 1172 1125 ἀδιακρίτως
1218 1021 1489 1127 εἴρηκεν
1525 1024 1566 1103 5
1603 1022 1929 1127 Χριστός
1967 1028 2124 1105 Οὐκ
2169 1029 2304 1129 εἰμὶ
2354 1023 2432 1104 ἐκ
2468 1024 2581 1103 τοῧ

176 1207 220 1246 ,,
261 1149 541 1254 κόσμου,
582 1152 927 1253 προσθεὶς
983 1146 1059 1227 δὲ
1114 1144 1201 1228 τό
1248 1145 1509 1246 Τούτου,
1554 1148 1860 1253 δέδειχεν
1909 1150 2242 1251 ἀκριβῶς,
2289 1146 2400 1227 ὅτι
2458 1148 2575 1226 καὶ
2601 1183 2638 1227 ο

175 1331 218 1370 ,,
258 1272 499 1376 ἕτερός
533 1275 693 1353 ἐστι
729 1272 1006 1373 κόσμος
1042 1274 1082 1352 5
1122 1269 1375 1372 νοητὸς
1410 1270 1538 1378 ἀφ’
1577 1271 1799 1375 οὗπερ
1837 1267 2013 1352 εἶναι
2049 1271 2412 1352 δύναται.”

287 1399 581 1478 Οὐκοῦν
615 1400 691 1478 ἐν
734 1396 1133 1497 ποιήμασιν
1184 1398 1226 1477 5
1271 1395 1470 1481 Υἱός·
1548 1404 1763 1477 τοῦτο
1815 1393 1962 1499 γὰρ
2017 1396 2184 1496 ἡμῖν
2235 1397 2275 1474 5
2325 1395 2482 1494 σὸς,
2519 1390 2578 1475 ὦ

176 1520 406 1619 οὗτος,
447 1521 1141 1624 διαπραγματεύεται
1175 1518 1418 1623 λόγος·
1475 1519 1849 1627 τετάξεται
1885 1517 1963 1599 δὲ
1997 1518 2284 1603 πάντως
2321 1521 2396 1598 ἐν
2432 1526 2578 1604 τοῖς

81 1670 157 1714 10
177 1644 487 1748 γενητὴν
518 1645 768 1751 ἔχουσι
820 1644 952 1747 τὴν
989 1644 1221 1753 φύσιν
1257 1646 1298 1725 5
1337 1641 1817 1748 Δημιουργὸς,
1855 1642 2241 1747 ἀγγελικὸν
2276 1641 2354 1724 δὲ
2401 1643 2580 1727 ἴσως

176 1772 368 1878 αὐτῷ
425 1772 547 1850 καὶ
597 1767 1083 1874 δουλοπρεπὲς
1128 1768 1413 1877 ἀξίωμα
1456 1771 1765 1871 περιθεὶς
1809 1774 1956 1848 τῶν
1990 1772 2118 1867 τῆς
2162 1767 2582 1873 δυσφημίας

174 1891 659 1995 ἐγκλημάτων
693 1891 948 1973 ἑαυτὸν
984 1890 1459 1999 ἀπηλλάχθω
1510 1890 1832 1994 νομίζεις.
1895 1887 1942 1992 ἢ
1991 1889 2137 1994 γάρ
2187 1892 2316 1971 οὑκ
2365 1886 2583 1970 οἶσθα

173 2016 404 2098 πάλιν
445 2015 555 2097 ὅτι
602 2014 738 2096 κάν
781 2014 917 2117 τὴν
963 2015 1305 2096 ἀνωτάτω
1356 2013 1631 2097 στάσιν
1676 2050 1754 2096 τε
1805 2017 1925 2095 καὶ
1978 2018 2261 2119 ἵδρυσιν
2297 2017 2584 2121 ἀποδῷς

175 2142 369 2249 αὐτῷ
404 2139 593 2245 ἥπερ
633 2138 722 2221 ἂν
750 2146 982 2222 νοοῖτο
1017 2139 1217 2244 παρὰ
1252 2147 1399 2226 τοῖς
1437 2141 1670 2243 ἁγίοις
1705 2139 2066 2241 ἀγγέλοις,
2088 2136 2224 2219 κάν
2255 2135 2581 2242 ὑπεράνω

81 2293 151 2354 15
175 2264 424 2365 πάσης
478 2267 704 2370 ἀρχῆς
751 2266 869 2344 καὶ
923 2262 1258 2371 ἐξουσίας
1310 2265 1428 2343 καὶ
1482 2262 1761 2366 θρόνων
1808 2263 2185 2364 ὁμολογεῖς
2241 2261 2582 2371 ὑπάρχειν
2607 2276 2654 2344 d

175 2388 416 2488 αὑτὸν,
458 2388 760 2491 γενητὸν
796 2389 865 2468 δ’
904 2389 1031 2468 οὖν
1080 2386 1272 2488 ὅμως
1309 2387 1731 2492 πιστεύσῃς,
1768 2384 1972 2467 οὐδὲν
2006 2386 2223 2488 ἦττον
2268 2387 2530 2488 ὑβριεῖς
2560 2418 2579 2478 ;

176 2511 400 2616 λόγος
442 2510 589 2618 γὰρ
626 2511 817 2597 ὅλως
854 2512 1080 2596 οὐδεὶς
1110 2518 1209 2597 εἶς
1244 2511 1455 2620 ἀξίαν
1483 2516 1586 2620 τῷ
1616 2516 2027 2615 Μονογενεῖ
2053 2514 2181 2610 τῆς
2218 2506 2403 2591 κατὰ
2438 2515 2585 2590 τῶν

175 2638 436 2718 ἄλλων
471 2640 847 2743 ὑπεροχῆς,
885 2639 1035 2717 ἐστ’
1079 2635 1168 2716 ἀν
1205 2636 1397 2722 ὅλως
1444 2642 1693 2737 νοῆται
1729 2634 2226 2735 πεποιημένος.
2309 2637 2392 2714 οὐ
2442 2633 2585 2737 γὰρ

175 2764 253 2842 ἐν
306 2767 414 2870 τῷ
470 2761 956 2866 προτετάχθαι
1009 2766 1225 2841 τινῶν
1275 2761 1421 2867 ἔχει
1477 2757 1610 2860 τὴν
1667 2758 1915 2866 δόξαν,
1971 2759 2140 2838 ἀλλ’
2199 2760 2273 2838 ἐν
2329 2765 2432 2866 τῷ
2485 2758 2587 2858 μὴ

76 2919 151 2960 20
176 2881 354 2967 εἶναι
430 2884 752 2989 γενητὸς,
816 2884 1164 2991 ὑπάρχειν
1228 2882 1305 2965 δὲ
1375 2891 1670 2983 μᾶλλον
1735 2882 1923 2967 Θεὸς
1995 2884 2076 2963 ἐκ
2141 2888 2333 2962 Θεοῦ
2405 2879 2589 2961 κατὰ

178 3009 433 3116 φύσιν.
512 3006 614 3090 σὺ
669 3007 745 3089 δὲ
798 3006 1027 3090 πάλιν
1073 3010 1244 3110 ἡμῖν
1292 3008 1421 3089 τὸν
1466 3010 1546 3087 ἐκ
1596 3012 1792 3087 Θεοῦ
1844 3004 2240 3113 πεφηνότα,
2293 3005 2412 3085 καὶ
2470 3002 2590 3083 διὰ

174 3142 392 3215 τοῦτο
431 3132 648 3231 Θεὸν,
683 3139 832 3217 τοῖς
867 3140 1188 3236 γενητοῖς
1231 3134 1789 3236 ἐγκαταριθμεῖς,
1827 3132 1946 3210 καὶ
1982 3128 2198 3233 μέρος
2233 3125 2409 3209 εἶναι
2458 3136 2588 3208 τοῦ

174 3257 463 3358 κόσμου
521 3256 795 3363 λογίζῃ,
849 3259 966 3337 καὶ
1023 3260 1082 3336 εἶ
1136 3254 1238 3359 μὴ
1292 3257 1552 3337 τούτου
1605 3254 1847 3362 τυχὸν,
1905 3256 2077 3334 ἀλλ’
2136 3254 2263 3333 οὖν
2317 3253 2584 3355 ἑτέρου·

177 3383 434 3462 διοίσει
471 3380 618 3485 γὰρ
656 3380 848 3466 ὅλως
883 3380 1169 3467 οὐδενὸς
1205 3380 1387 3462 ὅσον
1424 3387 1523 3465 εἰς
1559 3379 1686 3461 τὸν
1721 3387 1852 3460 τοῦ
1886 3382 2326 3478 πεποιῆσθαι
2364 3376 2591 3479 λόγον
2613 3403 2649 3447 Θ

78 3507 223 3605 2εὴ
279 3506 629 3605 νοουμένη
683 3511 830 3585 τῶν
875 3506 1174 3606 κόσμων
1215 3501 1552 3613 διαφορά·
1618 3501 1772 3584 εἶτα
1826 3502 1955 3583 τὸν
1998 3506 2102 3611 τῷ
2159 3499 2590 3605 γεννήσαντι

177 3629 703 3733 συνεδρεύοντα
731 3627 999 3731 Λόγον,
1029 3636 1175 3714 τοῖς
1213 3626 1641 3735 δορυφόροις
1677 3629 1795 3708 καὶ
1830 3623 2330 3729 παραστάταις
2365 3627 2585 3725 ἐγκα·

177 3753 516 3855 ταλέγων
552 3754 681 3834 οὑκ
729 3755 1057 3861 ἐρυθριᾷς
1088 3786 1109 3851 ;
1173 3759 1231 3833 εἶ
1268 3752 1412 3857 γὰρ
1450 3756 1578 3833 οὐκ
1611 3751 1888 3836 ἀκούεις
1924 3758 2052 3830 τοῦ
2086 3748 2220 3849 μὲν
2256 3744 2591 3853 Γαβριὴλ

179 3878 527 3980 λέγοντος
574 3874 758 3981 πρὸς
810 3876 940 3957 τὸν
979 3879 1350 3984 Ζαχαρίαν
1387 3889 1432 3927 “
1455 3877 1657 3979 Ἐγώ
1706 3881 1847 3976 εἶμι
1885 3872 2221 3978 Γαβριὴλ
2271 3874 2311 3953 5
2357 3906 2581 3976 παρε-
2681 3878 2874 4011 ξόξιῠο-
2892 3878 2925 3928 ἱ·

254 4130 304 4170 1.
341 4113 520 4171 ἇῖδίως
543 4113 846 4171 emendavit
868 4133 899 4171 e
924 4114 1043 4171 Cat.
1069 4122 1132 4170 ut
1155 4112 1377 4169 adnotat
1399 4113 1516 4184 ipse
1539 4113 1685 4169 Aah.
1703 4122 1757 4169 et
1781 4114 1855 4169 ita
1876 4130 1926 4167 a.
1949 4110 2118 4171 Cord.
2140 4111 2288 4186 α’·ἰδίφ
2316 4111 2383 4167 Β.
2403 4109 2587 4166 Holst.

183 4183 383 4240 Statim
406 4188 482 4257 τῷ
505 4185 619 4257 ἰδίῳ
643 4195 981 4242 accesserunt
1003 4203 1069 4241 ex
1093 4203 1142 4240 a.
1171 4184 1290 4239 Cat.
1321 4184 1474 4239 Harl.
1733 4201 1784 4239 2.
1821 4187 1894 4256 τῷ
1920 4181 2030 4238 ὄντι
2055 4185 2228 4238 συνὼν
2251 4200 2298 4237 a.
2328 4184 2382 4252 (e
2407 4181 2513 4251 sil.)
2541 4199 2589 4236 c.

182 4254 352 4310 Cord.
372 4255 521 4311 Aub.
547 4274 577 4310 ο
602 4255 722 4311 Cat.
751 4257 905 4312 Harl.
930 4260 1004 4331 τῷ
1030 4258 1238 4311 συνόντι
1261 4255 1333 4310 ὃν
1357 4255 1424 4310 Β.
1455 4254 1556 4311 He.
1650 4254 1713 4324 δὴ
1736 4256 1934 4325 τρόπον
1957 4254 2061 4310 hoc
2085 4252 2273 4308 ordine
2296 4270 2397 4307 a.c.
2425 4252 2590 4308 Cord.

181 4326 234 4380 8.
270 4328 433 4380 τοῦτο
455 4328 557 4397 γὰρ
579 4326 701 4396 ἡμῖν
724 4345 903 4383 assum
944 4337 1061 4383 tum
1085 4345 1150 4382 ex
1177 4325 1245 4382 Β.
1496 4342 1581 4381 11.
1618 4325 1757 4399 αὐτῷ
1781 4323 1865 4381 καὶ
1889 4324 2242 4394 δουλοπρεπὲς
2269 4323 2335 4377 Β.
2361 4323 2446 4378 καὶ
2469 4323 2590 4377 δου-

180 4395 452 4462 λοπρεπὲς
472 4398 533 4452 τὸ
561 4397 664 4453 Ed.
770 4419 871 4468 περ
925 4398 999 4454 εὶς
1021 4404 1124 4453 τῶν
1150 4397 1216 4453 Β.
1239 4396 1539 4468 περιθήσων
1563 4395 1669 4450 Ed.
1932 4411 2015 4449 υ.
2052 4395 2388 4466 ἐγκλημάτων
2410 4394 2594 4450 ἑαυτὸν

183 4465 251 4520 Β.
278 4468 518 4538 ἔγκλημα
541 4474 643 4523 τῶν
666 4470 859 4524 ἑαυτῶν
883 4468 987 4524 Ed.
1085 4467 1280 4522 Statim
1303 4466 1642 4537 ἀπαλλάχθαι
1670 4466 1735 4521 Β.
1991 4481 2076 4537 13.
2112 4463 2319 4535 ffipvcw
2343 4463 2593 4519 emendat

187 4535 394 4608 Heyse.
420 4536 485 4592 ὗδ
538 4560 627 4595 σιν
653 4539 717 4594 Β.
746 4539 848 4595 Ed.
1019 4555 1102 4609 ¹4·
1138 4542 1270 4610 ἤπερ
1294 4538 1500 4593 eorrexi
1523 4546 1647 4608 poet
1672 4536 1877 4608 Migne.
1901 4536 2032 4608 ἤπερ
2061 4534 2164 4590 Ed.
2337 4548 2421 4606 17.
2455 4535 2592 4593 ὅλως

181 4606 445 4663 emendat
528 4626 666 4681 eyue.
692 4609 816 4667 ὅλος
843 4610 907 4665 Β.
935 4609 1040 4666 Ed.
1244 4623 1331 4681 25.
1366 4610 1429 4663 τὸ
1451 4607 1773 4681 γεννήσαντα
1800 4607 1863 4662 Β.
1892 4605 2196 4662 emendavit
2223 4604 2321 4662 Ht.
