3238 5158
235 387 353 430 vm
378 382 480 451 51.
788 369 905 434 IN
965 370 1034 435 S.
1081 370 1592 437 JOANNEM.
1682 371 1877 437 LIB.
1908 371 2031 437 VI.
2486 370 2610 433 118

235 539 274 578 “
307 530 462 612 οὐδὲ
514 532 644 614 τὸν
686 536 982 641 Πατέρα
1032 536 1277 646 τιμᾷ.”
1356 538 1499 643 ἔχει
1558 537 1705 641 γὰρ
1760 541 1838 619 ἐν
1892 540 2121 645 ἑαυτῷ
2182 541 2510 643 φυσικῶς
2564 538 2605 616 ὃ
2633 567 2671 610 a
2710 557 2840 613 572
2858 554 2945 611 Δ.

233 654 393 739 Υἱὸς
437 655 566 739 τὸν
604 659 899 764 Πατέρα
945 660 1560 769 συνδοξαζόμενόν
1601 696 1680 742 τε
1728 665 1847 742 καὶ
1893 658 2226 764 ἑκάτερον
2271 658 2607 761 δηλονότι

230 782 872 888 συνυφιστάμενον·
933 785 1077 890 ἔχει
1132 787 1201 867 δ’
1250 786 1343 865 αὖ
1393 783 1621 867 πάλιν
1667 788 1743 865 ἐν
1790 787 2018 894 ἑαυτῷ
2072 786 2113 865 ὁ
2162 780 2421 887 Πατὴρ
2475 780 2605 864 τὸν

227 902 394 983 Υἰὸν
438 903 688 1009 ὥσπερ
743 908 1083 990 κοινωνὸν
1130 913 1259 1009 τῆς
1312 910 1583 1007 οὐσίας,
1621 911 1806 990 οὕτω
1862 909 1981 988 καὶ
2034 912 2163 1008 τῆς
2216 905 2331 1015 ἐφ’
2369 905 2604 988 ἅπασι

174 1045 205 1106 5
230 1025 455 1134 δόξης.
537 1029 1131 1133 κολασθήσονται
1173 1036 1412 1115 τοίνυν
1459 1038 1527 1114 οἰ
1580 1032 1888 1118 τάλανες
1921 1030 2250 1112 Ἰουδαῖοι
2304 1029 2421 1110 διὰ
2474 1035 2603 1131 τῆς

226 1157 315 1235 εἰς
349 1151 470 1233 τὸν
510 1153 783 1259 Κύρων
819 1160 935 1237 καὶ
971 1155 1152 1238 Υἰὸν
1188 1157 1623 1267 δυσφημίας,
1662 1161 1759 1242 εἰς
1792 1157 1975 1257 ὅλην
2010 1153 2605 1255 δυσσεβῆσαντες

225 1272 348 1373 τὴν
381 1278 770 1375 ὁμοούσιον
804 1284 921 1360 καὶ
956 1279 1171 1384 ἁγίαν
1206 1280 1506 1386 Τριάδα,
1543 1285 1660 1361 καὶ
1704 1281 1838 1381 τὴν
1873 1279 2211 1362 ἁπάντων
2244 1279 2603 1376 βασιλίδα

225 1397 461 1502 φύσιν,
497 1405 595 1487 ὦς
632 1406 708 1484 ἐν
742 1410 847 1513 τῷ
879 1410 1038 1513 Υἰῷ
1072 1403 1554 1507 λυπήσαντες.

327 1527 818 1628 Παραιτητέον
841 1537 1225 1632 τοιγαροῦν
1255 1532 1473 1610 παντὶ
1508 1531 1613 1638 τῷ
1649 1562 1732 1632 γε
1768 1526 1959 1613 ὅλως
1992 1532 2402 1635 σωφρονεῖν
2434 1531 2595 1606 εἰω-

135 1671 198 1714 10
222 1644 385 1745 θότι,
422 1649 506 1729 τὸ
543 1651 731 1731 κατά
764 1685 835 1732 τι
878 1660 1059 1754 γοῦν
1093 1658 1198 1761 τῷ
1243 1655 1497 1762 ἀγαθῷ
1542 1651 2025 1757 προσκρούειν
2063 1656 2256 1760 Θεῷ.
2335 1651 2420 1730 οὖ
2454 1647 2597 1754 γὰρ
2622 1664 2668 1732 b

218 1772 490 1877 ἐπείπερ
526 1776 657 1855 οὐκ
698 1775 947 1879 ἐπάγει
994 1781 1440 1882 παραχρῆμα
1482 1784 1633 1861 τοῖς
1680 1782 1778 1861 εἰς
1826 1773 2044 1858 αὐτὸν
2078 1780 2598 1875 πλημμελοῦσι

216 1892 338 1995 τὴν
390 1897 617 2001 ὀργὴν
672 1898 789 1981 διὰ
843 1907 1057 1980 τοῦτο
1111 1899 1400 1985 πάντως
1454 1899 1860 1981 ὑπτιωτέον.
1949 1898 2220 2000 ἀγαθὸς
2273 1896 2406 1995 μὲν
2453 1895 2599 2000 γάρ

215 2020 381 2120 ε’στι,
411 2032 456 2069 “
486 2023 624 2124 Μὴ
662 2023 885 2127 ὀργὴν
922 2020 1213 2126 ἐπάγων
1248 2026 1412 2106 καθ’
1450 2024 1766 2124 ἑκάστην
1801 2023 2091 2126 ἡμέραν,
2127 2023 2297 2103 ἀλλ’
2336 2019 2460 2101 ἐὰν
2493 2021 2596 2121 μὴ

218 2152 258 2190 “
288 2147 845 2255 ἐπιστραφῶμεν
897 2146 1032 2247 τὴν
1082 2147 1450 2255 ῥομφαίαν
1503 2150 1722 2228 αὐτοῦ
1776 2146 2226 2243 στιλβῶσει”
2274 2143 2458 2225 κατὰ
2511 2144 2597 2225 τὸ

132 2286 194 2347 15
216 2270 723 2372 γεγραμμένον,
768 2276 884 2352 καὶ
938 2275 1202 2353 ε’ντενεῖ
1246 2269 1333 2352 τὸ
1386 2271 1605 2379 τόξον
1664 2272 1882 2352 αὐτοῦ
1935 2268 2100 2351 καθ’
2139 2270 2373 2371 ἡμῶν,
2415 2271 2493 2350 ἐν
2538 2267 2598 2379 ᾧ

218 2401 336 2472 τοῦ
400 2394 715 2476 θανάτου
784 2394 876 2476 τὰ
941 2396 1190 2497 σκεύη,
1264 2396 1618 2495 τουτέστι,
1692 2401 1841 2477 πᾶν
1915 2392 2099 2480 εἶδος
2174 2395 2406 2480 αἰκίας
2479 2398 2597 2477 καὶ

213 2515 571 2623 ἀφορήτου
625 2525 1049 2629 συμφορᾶς.’

2688 2018 2773 2069 Pa.
2793 2019 2880 2071 vii.

2693 2097 2715 2134 1
2726 2097 2870 2148 2-14.

2620 2667 2657 2711 ο

204 2763 400 2844 Ἀμήν
452 2770 633 2849 ἀμήν
684 2770 859 2848 Akra)
918 2769 1085 2853 ὑμῖν,
1135 2771 1254 2838 ἐάν
1305 2795 1403 2838 τις
1465 2771 1579 2838 τὸν
1636 2771 1829 2847 λόγον
1882 2792 2008 2849 μου
2065 2775 2258 2863 τηρῇ,
2311 2773 2591 2838 θάνατον
2619 2780 2693 2843 51

899 2898 976 2963 οὔ
1028 2896 1117 2974 μή
1175 2892 1285 2988 ἴδῃ
1339 2893 1434 2962 εἷο
1485 2895 1600 2963 τὸν
1656 2892 1886 2962 αἰῶνα.

128 3075 192 3120 ²0
313 3057 668 3164 Περιττὸν
703 3061 1085 3167 ἀποφαίνει
1136 3061 1223 3142 τὸ
1279 3064 1397 3143 καὶ
1445 3057 1725 3163 μακρὰς
1774 3056 2196 3160 ἀντανάγειν
2228 3058 2360 3143 τὰς
2404 3059 2588 3140 ἀπο-

213 3185 456 3283 λογίας
494 3190 643 3269 τοῖς
684 3182 974 3266 εἰωθόσι
1011 3189 1474 3292 φιλοψογεῖν.
1556 3185 1926 3265 ἀποκλίνει
1962 3180 2107 3286 γὰρ
2142 3184 2252 3289 ἐφ’
2292 3180 2471 3286 ὅπερ
2505 3179 2598 3282 ἦν

209 3306 609 3408 ἀναγκαῖον,
653 3306 739 3388 τὸ
788 3309 1179 3390 καλεῖσθαί
1221 3314 1412 3415 φημι
1461 3306 1580 3388 διὰ
1627 3309 1942 3392 πίστεως
1990 3311 2088 3391 εἰς
2134 3304 2268 3407 τὴν
2312 3304 2598 3388 αἰώνιον

210 3424 399 3530 ζωὴν,
441 3429 669 3532 μόνον
712 3431 790 3513 δὲ
843 3432 1003 3539 οὐχὶ
1055 3430 1141 3513 τὸ
1198 3434 1557 3537 ε’ῤῥῶσθαι
1611 3427 1908 3540 φράσας
1960 3437 2109 3515 τοῖς
2157 3429 2247 3537 ἐξ
2285 3430 2596 3530 ἀμαθίας

211 3555 674 3658 λελυπηκόσι,
709 3554 923 3663 τέχνῃ
969 3559 1109 3637 τινὶ
1155 3554 1383 3637 πάλιν
1425 3553 1555 3636 τὸν
1598 3561 1853 3636 οἰκεῖον
1897 3554 2283 3657 ἀναμίσγει
2330 3551 2583 3655 λόγον.

133 3689 190 3750 ²5
210 3678 630 3784 προειρηκὼς
684 3678 830 3786 γὰρ
885 3683 983 3766 ὧς
1032 3683 1196 3784 περὶ
1232 3686 1426 3761 Θεοῦ
1475 3680 1587 3761 ὅτι
1625 3689 1669 3728 “
1691 3681 1791 3760 ‘O
1829 3676 1932 3759 ὧν
1966 3682 2046 3759 ἐκ
2092 3686 2220 3760 τοῦ
2256 3683 2448 3759 Θεοῦ
2497 3676 2590 3758 τὰ
2677 3680 2887 3813 §3537-

211 3808 249 3844 “
277 3800 561 3905 ῥήματα
613 3813 743 3886 τοῦ
787 3810 982 3886 Θεοῦ
1036 3802 1334 3903 ἀκούει,”
1370 3801 1817 3909 παραχρῆμά
1870 3810 2103 3909 φησιν
2135 3801 2296 3883 Ἐάν
2331 3839 2435 3890 τις
2482 3803 2588 3884 τὶν
2612 3810 2657 3877 d

215 3922 350 4028 ἐμὶν
383 3931 590 4031 λόγον
626 3930 796 4040 τηρῇ,
835 3924 1106 4014 δεικνὺς
1161 3927 1413 4009 ἑαυτὸν
1462 3925 1646 4008 κατὰ
1694 3926 1925 4033 φύσιν
1972 3925 2145 4006 ὄντα
2189 3924 2402 4026 Θεὸν,
2438 3926 2587 4008 ἀπό

209 4077 279 4125 τε
326 4052 582 4133 τούτου
637 4049 999 4132 διδάσκων
1042 4051 1396 4152 μηδεμίαν
1443 4057 1590 4135 τοῖς
1625 4050 1993 4135 Ἰουδαίοις
2044 4055 2588 4156 περιλελεῖφθαι

210 4171 626 4271 δυσσεβείας
664 4172 1097 4280 ὑπερβολὴν,
1135 4173 1254 4256 ὅτε
1302 4177 1422 4256 καὶ
1471 4171 1837 4274 δαιμόνιον
1869 4172 2057 4280 ἔχειν
2089 4172 2416 4278 εἰρήκασι
2458 4173 2587 4257 τὸν

271 4407 319 4449 2.
352 4397 576 4467 πότερον
603 4394 671 4451 Β.
700 4394 883 4452 Holst.
908 4397 1152 4480 ἑκάτερον
1175 4395 1479 4452 emendavit
1506 4395 1655 4451 Aub.
1688 4394 1836 4468 quod
1870 4394 2003 4451 mihi
2038 4412 2151 4450 non
2186 4394 2461 4459 satisfacit,
2486 4412 2589 4455 neo

208 4468 371 4520 tamen
394 4468 686 4539 ,quicquam
710 4466 903 4522 melius
927 4484 1186 4539 conjacere
1209 4485 1450 4538 possum.
1792 4483 1877 4523 12.
1911 4465 2192 4522 ὑπτιωτέον
2216 4464 2283 4520 Β.
2307 4463 2589 4535 ἦπιώτεροι·

207 4529 298 4612 ,Ht-
321 4533 426 4591 m.
660 4551 745 4606 ι5·
780 4535 967 4612 αὐτοῦ]
999 4544 1059 4604 4
1086 4539 1216 4595 κατὰ
1236 4538 1300 4593 τὸ
1320 4535 1679 4612 γεγραμμένον
1701 4537 1771 4597 B·
1998 4551 2087 4612 τι.
2124 4534 2247 4598 ὄντα
2269 4536 2398 4596 κατὰ
2419 4534 2589 4607 φύσιν

283 4705 422 4753 von.
449 4709 527 4756 11.
1371 4710 1420 4774 Q
