3238 5158
214 333 335 401 viii.
358 356 464 423 39.
585 335 699 400 IN
761 338 829 401 S.
878 335 1394 404 JOANNEM.
1484 339 1680 406 LIB.
1713 341 1794 404 V.
1888 340 2097 406 CAP.
2128 340 2214 405 V.
2529 342 2611 405 77

214 508 333 581 τοῦ
370 504 786 605 Σωτῆρος
743 509 947 604 ημῶν
983 509 1340 607 Χριστοῦ,
1375 508 1493 586 καὶ
1541 507 2032 612 φάσκοντος’
1995 511 2312 611 εναργῶς
2348 515 2393 552 “
2421 499 2615 585 Οἶδα
2700 508 2909 638 {3¹37

213 624 397 706 “fn-c
454 627 754 731 σπέρμα
806 627 1153 734 Αβραάμ
1215 629 1446 729 ἐστε,”
1504 637 1656 714 τοῖς
1712 632 1953 715 αὐτοῖς
2006 629 2440 730 ἐπιμένουσι,
2497 630 2616 708 καὶ

211 748 530 855 καθάπερ
583 750 776 837 τινὸς
831 752 1350 852 διατεινομένου
1405 755 1523 834 καὶ
1578 752 2202 858 ἀντιπράττοντος,
2256 755 2387 835 οὐκ
2441 749 2623 834 εἶναι’

212 909 283 956 τε
339 875 681 978 λέγοντος
744 874 1003 962 αὐτοὺς
1066 879 1144 958 ἐκ
1205 876 1626 980 σπέρματος
1679 877 2025 982 Ἀβραὰμ
2089 876 2273 959 κατὰ
2337 875 2608 980 σάρκα,
2638 910 2675 953 e

150 1018 188 1081 5
212 999 433 1080 πάλιν
482 1003 716 1106 φασὶν
767 1000 877 1081 ὅτι
933 1010 964 1084 o‘
1021 999 1244 1111 πατῆρ
1298 1001 1475 1107 »ipah
1519 1002 1859 1110 Ἀβραάμ
1914 1005 2080 1101 ἐστι,
2125 1007 2244 1083 καὶ
2300 999 2418 1082 διὰ
2472 1007 2618 1080 τῶν

213 1124 445 1204 αὐτῶν
516 1121 880 1210 πολλάκις
955 1123 1179 1211 ἰόντες
1247 1125 1495 1229 λόγων
1570 1127 1699 1206 οὐκ
1775 1128 2222 1230 ἐρυθριῶσιν,
2298 1131 2365 1206 οἱ
2438 1124 2617 1271 μηδὲ

216 1245 472 1356 Βάττῳ
524 1246 716 1353 τάχα
771 1282 916 1329 που
973 1257 1428 1354 παραχωρεῖν
1485 1250 1793 1350 οιόμενοι
1849 1255 2013 1348 δεῖν,
2070 1249 2295 1350 μόνης
2355 1246 2431 1329 δε
2491 1252 2621 1347 τῆς

214 1373 478 1452 ἐκείνου
532 1374 1078 1475 γλωσσαλγίας
1133 1375 1421 1477 ἄριστοι
1476 1373 1815 1477 ζηλωταί.
1895 1373 2308 1458 ἀλλ’ἴσως
2370 1370 2632 1476 γε’γονέ

212 1530 321 1581 τις
381 1497 619 1582 αὐτοῖς
686 1497 1120 1600 ἀλογωτάτη
1185 1506 1315 1577 τοῦ
1379 1498 1813 1604 πράγματος
1881 1494 2201 1605 ἀφορμὴ,
2267 1499 2386 1577 καὶ
2448 1497 2622 1578 ποία

104 1650 188 1693 10
212 1617 439 1701 πάλιν
475 1623 792 1723 ἐροῦμεν.
869 1628 1001 1702 τοῦ
1036 1621 1182 1726 γὰρ
1223 1624 1496 1728 Κυρίου
1533 1622 1880 1725 λε’γοντος
1918 1632 1960 1670 “
1997 1620 2197 1724 Ἐγὼ
2248 1619 2298 1701 ἃ
2345 1619 2623 1724 ἑώρακα
2710 1622 2919 1753 ἓξὲΐέὃ.

213 1756 258 1793 “
293 1744 495 1850 παρὰ
529 1752 632 1855 τῷ
666 1748 887 1850 πατρὶ
926 1753 1155 1827 ταῦτα
1188 1747 1472 1838 λαλῶ,”
1504 1745 1588 1827 τὸ
1624 1744 1756 1846 μὲν
1784 1746 1979 1827 Θεὸν
2015 1751 2133 1827 καὶ
2173 1745 2468 1848 Πατέρα
2505 1742 2624 1824 διὰ

211 1869 487 1952 τούτων
522 1872 902 1971 σημαίνειν
939 1871 1074 1975 οὐχ
1110 1869 1650 1971 ὑπελάμβανον,
1687 1868 1916 1978 ᾤοντο
1967 1869 2043 1951 δέ
2097 1867 2333 1972 λε’γειν
2370 1867 2620 1967 αὐτὸν,

213 1992 262 2096 ἢ
310 1992 440 2073 τὸν
490 1994 761 2075 δίκαιον
793 1995 1104 2100 Ἰωσὴφ,
1147 1992 1196 2096 ἢ
1253 1998 1370 2076 καὶ
1425 1992 1667 2100 ἕτερόν
1711 2029 1873 2075 τινα
1925 2000 2072 2075 τῶν
2114 1995 2228 2076 ἐπὶ
2285 1997 2415 2093 τῆς
2469 1996 2624 2095 γῆς,
2649 2002 2695 2068 (1

214 2116 438 2222 μικρὰ
490 2122 748 2225 κομιδῇ
801 2122 966 2222 περὶ
1016 2119 1236 2198 αὐτοῦ
1291 2122 1795 2227 κωμῳδοῦντες
1852 2120 1969 2198 καὶ
2021 2124 2453 2226 φρονοῦντες
2510 2121 2627 2198 καὶ

108 2268 190 2330 15
219 2242 736 2343 διεσκεμμένοι.
797 2244 843 2344 ἡ
878 2241 1012 2342 μὲν
1048 2241 1193 2345 γὰρ
1233 2243 1403 2345 ἁγία
1436 2243 1790 2346 παρθένος
1828 2240 1912 2322 τὸ
1952 2249 2140 2323 θεῖον
2176 2238 2628 2347 ἐκυοφόρησε

214 2367 513 2471 βρέφος,
544 2369 677 2473 οὐχ
715 2365 1148 2469 ὃμιλήσασα
1186 2364 1462 2469 γάμοις,
1486 2369 1659 2446 ἀλλ’
1687 2377 1731 2415 “
1752 2370 1832 2447 ἐκ
1864 2366 2286 2465 Πνεύματος
2305 2363 2623 2469 Ἀγίου,”
2712 2364 2964 2485 {gfff-

215 2490 410 2572 καθὰ
480 2492 907 2595 γέγραπται.
1018 2495 1135 2571 καὶ
1211 2490 1581 2593 ἀγνοήσας
1644 2490 1775 2593 μὲν
1836 2495 1965 2592 τῆς
2030 2490 2432 2589 οἰκονομίας
2498 2489 2626 2569 τὸν

214 2615 492 2721 τρόπον
536 2619 610 2696 ἐν
647 2620 902 2723 ἀρχαῖς
951 2618 992 2695 ὃ
1039 2616 1387 2719 μακάριος
1421 2615 1731 2724 Ἰωσὴφ,
1771 2626 1814 2665 “
1843 2614 2207 2718 ἐβουλήθη
2257 2614 2333 2697 δὲ
2388 2613 2629 2718 λάθρα
2718 2637 2898 2703 1b.x9.

218 2753 266 2790 ‘⁶
304 2744 678 2821 ἀπολῦσαι
729 2741 1011 2841 αὑτὴν,”
1052 2740 1236 2821 κατὰ
1284 2740 1417 2842 τὴν
1465 2749 1593 2821 τοῦ
1647 2742 2035 2821 Ματθαίου
2087 2739 2359 2848 φωνήν.
2431 2738 2631 2840 πλὴν

110 2903 196 2945 20
219 2867 354 2945 οὐκ
400 2864 720 2967 ἠγνοήθη
769 2871 1146 2950 παντελῶς
1193 2863 1395 2968 παρὰ
1442 2872 1591 2949 τοῖς
1629 2866 1996 2949 Ἰουδαίοις
2050 2864 2159 2944 ὅτι
2204 2860 2348 2968 πρὸ
2395 2863 2632 2965 γάμου

219 2992 344 3070 καὶ
398 2990 661 3097 μίξεως
714 2987 1203 3096 ε’κυοφόρησεν
1249 2990 1294 3089 ἡ
1344 2990 1519 3092 ἁγία
1567 2990 1944 3093 παρθένος,
1987 2989 2071 3067 οὐ
2116 2986 2263 3087 μὴν
2309 2989 2634 3086 συνῆκαν
2657 3018 2694 3062 ο

219 3112 337 3194 ὅτι
401 3117 519 3193 καὶ
584 3114 672 3221 ἐξ
730 3115 988 3217 Ἀγίου
1046 3114 1489 3211 Πνεύματος,
1546 3111 1778 3221 ᾤοντο
1832 3112 1907 3193 δὲ
1961 3120 2255 3211 μᾶλλον
2312 3110 2452 3192 ὑπό
2508 3144 2635 3190 του

220 3237 656 3342 διεφθάρθαι
710 3244 857 3319 τῶν
899 3240 978 3317 ἐκ
1032 3245 1163 3317 τοῦ
1217 3231 1464 3322 ἔθνους
1520 3237 1765 3338 αὐτὴν,
1803 3237 1970 3317 ὅθεν
2014 3237 2141 3316 οὐκ
2192 3233 2413 3340 ὀρθὰς
2470 3237 2632 3313 δια-

221 3361 496 3467 λήψεις
550 3358 743 3467 εἶχον
788 3365 904 3442 ἐπὶ
949 3366 1277 3469 Χριστῷ.
1352 3361 1593 3466 ἑτέρου
1647 3360 1778 3460 μὲν
1821 3359 1969 3464 γὰρ
2027 3359 2247 3441 αὐτὸν
2293 3362 2630 3462 γεγεννῆ-

115 3517 197 3579 25
222 3494 407 3567 σθαι
470 3484 743 3590 πατρὸς
802 3483 1122 3586 ἐνόμιζον
1178 3488 1403 3564 παῖδα
1464 3494 1593 3565 τοῦ
1656 3484 1788 3584 τὴν
1848 3485 2062 3588 ἁγίαν
2124 3482 2640 3592 διεφθαρκότος

222 3608 586 3716 παρθένον
645 3609 827 3691 κατὰ
888 3606 1021 3708 τὴν
1079 3609 1363 3688 ἐκείνων
1420 3609 1910 3716 ἀποπληξίαν,
1973 3606 2500 3715 ἐπιγεγράφθαι
2564 3606 2641 3689 δὲ

225 3734 456 3838 μόνον
511 3740 614 3844 τῷ
665 3733 952 3839 Ἰωσὴφ
1015 3732 1225 3813 νόθον
1282 3731 1478 3831 ὄντα,
1535 3736 1652 3813 καὶ
1707 3735 1844 3839 οὐχ
1899 3733 2050 3814 υἱὸν
2110 3735 2423 3834 άληθῶς.
2522 3734 2643 3812 λε’-

226 3894 491 3962 γοντος
551 3860 790 3939 τοίνυν
844 3869 888 3906 “
918 3855 1120 3961 Ἐγὼ
1186 3853 1236 3937 ἃ
1300 3857 1581 3960 ἑώρακα
1644 3856 1846 3957 παρὰ
1909 3863 2012 3965 τῷ
2080 3864 2299 3960 πατρὶ
2363 3857 2638 3956 λαλῶ,”
2732 3862 2945 3991 {2538-

226 3984 569 4083 οὐδεμίαν
612 3982 745 4081 μὲν
790 3981 981 4066 ὅλως
1035 3981 1362 4085 ἐδέχοντο
1415 3982 1578 4082 περὶ
1630 3984 1826 4059 Θεοῦ
1881 3978 2014 4080 τὴν
2064 3980 2339 4060 ἔννοιαν
2348 4041 2371 4077 ,
2412 4014 2634 4061 κατα·

112 4137 200 4195 30
224 4113 557 4209 σημῆναι
608 4106 836 4211 γεμὴν
878 4103 1096 4186 αὐτὸν
1133 4105 1257 4185 ἕνα
1306 4111 1467 4185 τῶν
1497 4107 1612 4184 ἐπὶ
1666 4107 1802 4205 γῆς
1850 4104 2206 4207 πατέρων,
2248 4105 2367 4183 καὶ
2414 4137 2637 4205 μετα·
2668 4140 2703 4182 a
2747 4126 2881 4182 548
2899 4124 2985 4182 Δ.

305 4339 362 4387 4.
399 4319 559 4373 αὐτοῦ
588 4318 653 4373 Β.
683 4317 865 4372 Holst.
889 4316 1194 4372 emendavit
1216 4334 1246 4371 e
1272 4315 1392 4371 Cat.
1416 4324 1479 4370 ut
1501 4313 1612 4370 vid.
1639 4312 1787 4369 Aub.
2007 4327 2060 4381 5.
2096 4311 2447 4368 πάλιν-ἐστι
2471 4331 2502 4368 e
2528 4312 2649 4368 Cat.

233 4389 395 4446 Harl.
424 4390 719 4459 assumpsit
742 4399 803 4443 ut
825 4388 1084 4444 adnotat
1070 4406 1185 4458 lpse
1210 4387 1355 4442 Aub.
1381 4395 1435 4442 et
1458 4387 1533 4441 ita
1557 4404 1606 4440 a.
1991 4400 2075 4439 11.
2111 4384 2172 4438 τὸ
2198 4384 2265 4438 Β.
2291 4385 2383 4438 τὸν
2412 4383 2509 4438 Bt.
2542 4383 2648 4438 Ed.

233 4479 326 4535 13.
365 4461 508 4530 ἦκαὶ
531 4478 582 4516 a.
606 4462 690 4515 καὶ
720 4460 783 4515 Β.
809 4459 967 4529 ant.
995 4459 1101 4515 Ed.
1286 4475 1373 4529 23.
1410 4458 1589 4513 ἔθνους
1618 4455 1684 4510 Β.
1709 4453 1862 4511 ἔθους
1888 4452 1991 4509 Ed.
2179 4470 2264 4522 24.
2300 4453 2649 4527 γεγεννῆσθαι

226 4531 565 4675 &mxx-gatte
589 4530 778 4657 (ἐτᾱὶίιο
803 4530 918 4587 Β.ει.
1126 4542 1212 4600 27.
1249 4530 1361 4584 υἱὸν
1383 4528 1608 4598 ἄληθῶσ.
1632 4544 1683 4582 a.
1705 4527 1832 4582 υἱόν.
1869 4524 2076 4594 ἇληθὸς
2098 4523 2514 4597 interpungebnt
2538 4523 2643 4578 Ed.

303 4627 339 4674 η
645 4619 706 4657 ar
