3238 5158
606 344 694 408 86
1217 346 1296 411 B.
1344 344 1766 410 cYRILLI
1826 344 2402 410 ALEXANDR.
2749 339 2883 406 viii.
2907 356 3014 421 42.

547 521 587 586 d
615 509 742 588 τὸν
780 508 971 590 Θεὸν
1006 508 1272 613 Λόγον,
1310 508 1427 590 ὅτε
1467 511 1765 612 γέγονεν
1801 511 2206 613 ἅνθρωπος·
2267 518 2483 589 τοῦτο
2519 505 2666 611 γὰρ
2708 505 2784 585 ἕν
2822 538 3018 583 τισιν

614 634 816 741 ἔδοξε
880 642 1027 713 τῶν
1090 636 1406 714 ἀνοσίων
1470 640 1862 737 αἱρετικῶν·
1948 635 2345 740 ἐκλήψεται
2411 633 2485 713 δὲ
2549 637 2841 730 μᾶλλον
2900 631 3016 706 καὶ

613 758 1026 843 ἀκολούθως
1072 756 1157 838 τὸ
1202 758 1587 861 εἰρημένον,
1628 762 1742 838 καὶ
1780 759 2028 860 νοήσει
2065 759 2289 839 πάλιν
2327 759 2669 852 εὐσεβῶς.
2748 755 2835 833 οὐ
2871 750 3017 854 γὰρ

611 882 761 960 ἐπεὶ
817 887 1107 986 συνῆψε
1162 880 1291 965 τὰς
1346 882 1596 988 λέξεις,
1636 880 1720 961 τό
1776 917 1851 962 τε
1887 880 2194 990 Ἐξῆλθον
2237 886 2356 961 καὶ
2407 878 2493 961 τό
2533 878 2741 958 ’Ἥκω
2790 881 3011 983 φημὶ,

614 1001 1007 1109 ὀμόχρονος
1042 1006 1247 1086 ἔσται
1285 1005 1571 1090 πάντως
1607 1013 1698 1112 τῇ
1737 1004 2012 1109 γενέσει
2049 1011 2177 1106 τῆς
2212 1004 2485 1107 σαρκὸς
2524 1006 2565 1084 ὁ
2605 1005 2683 1083 ἐκ
2722 999 3016 1103 Πατρὸς
3043 1022 3082 1082 5

617 1126 878 1229 Λόγος,
916 1132 1088 1210 ἀλλ’
1129 1129 1416 1237 ἑκάστῳ
1465 1137 1610 1210 τῶν
1647 1130 2194 1229 σημαινομένων
2229 1128 2314 1209 τὸ
2361 1130 2636 1231 πρέπον
2670 1124 3007 1229 διατηρή-

613 1286 866 1351 σομεν.
950 1253 1245 1356 πρώτην
1300 1254 1431 1352 μὲν
1487 1253 1632 1357 γὰρ
1698 1252 1829 1354 τὴν
1885 1263 2013 1334 τοῦ
2061 1255 2308 1356 Λόγου
2361 1254 2698 1355 γέννησιν
2752 1248 2887 1350 τὴν
2939 1251 3016 1329 ἐκ

617 1382 810 1457 Θεοῦ
862 1379 1244 1477 νοουμένην
1287 1375 1619 1483 ἀνάρχως
1676 1374 1854 1459 εἶναι
1910 1380 2029 1458 καὶ
2084 1378 2261 1481 ὑπερ
2317 1385 2488 1457 νοῦν
2525 1373 3009 1456 πιστεύοντες·

612 1497 721 1581 διο
778 1505 896 1581 καὶ
951 1501 1395 1606 προτέθειται
1451 1504 1526 1580 ἐν
1577 1507 1681 1610 τῷ
1729 1500 1916 1604 Ἐγω
1972 1503 2052 1582 ἐκ
2104 1504 2218 1582 τοῧ
2264 1504 2439 1582 Θεοῦ
2493 1498 2777 1650 εξῆλθον·
2838 1499 2883 1598 ἡ
2942 1494 3016 1578 δε

554 1653 590 1696 e
613 1626 924 1728 δευτέρα,
979 1625 1348 1706 τουτέστιν
1406 1626 1451 1725 ἦ
1527 1625 1713 1706 κατὰ
1780 1622 2022 1729 σάρκα
2078 1620 2260 1706 Οὐδὲ
2322 1660 2463 1733 γαρ
2527 1626 2662 1704 ἀπ’
2724 1624 3020 1729 ἐμαυτοῦ
3051 1655 3124 1697 10

611 1748 926 1845 ἐλήλυθα,
975 1755 1143 1828 ἀλλ’
1188 1750 1423 1835 ἑκεινός
1470 1783 1563 1855 με
1611 1749 2039 1831 ἀπέστειλεν.
2120 1749 2542 1852 ἐσαρκωθην
2593 1750 2755 1826 καθ’
2802 1748 3012 1843 ὑμᾶς,

614 1872 963 1969 τουτέστι,
1026 1870 1291 1973 γέγονα
1354 1873 1754 1972 ἅνθρωπος,
1821 1875 1895 1953 ἐν
1960 1874 2239 1953 ευδοκῖα
2306 1906 2384 1953 τε
2448 1880 2577 1952 τοῦ
2645 1877 2836 1952 Θεοῦ
2899 1874 3019 1951 καὶ

618 1994 912 2097 Πατρος
957 1996 1396 2103 ἀφικόμην’
1359 2032 1435 2077 εν
1475 2001 1654 2105 τωδε
1705 2003 1811 2105 τῷ
1859 1996 2115 2105 κόσμῳ
2169 1995 2673 2105 διαλεξόμενος
2725 1999 2890 2094 ὑμῖν
2925 2032 3020 2076 τα

612 2154 813 2222 παρα
853 2125 1066 2217 Θεοῦ,
1106 2155 1221 2200 και
1260 2122 1647 2225 γνωρίσων
1684 2123 1810 2202 οὐκ
1850 2121 2078 2201 ειδόσι
2127 2121 2220 2202 τὰ
2269 2156 2551 2224 οσαπερ
2599 2122 2791 2228 αὐτῷ
2834 2155 3022 2200 κατα

610 2278 907 2347 γνωμην
966 2244 1189 2326 ἐστίν.
1289 2246 1459 2325 ἀλλ’
1519 2246 1651 2325 οὐκ
1711 2244 2166 2347 ἠγαπήσατε,
2227 2250 2440 2351 φησὶ,
2497 2280 2625 2325 τον
2683 2280 2760 2324 εκ
2824 2245 3021 2328 θείας
3051 2277 3124 2336 15

614 2369 776 2467 ὑμῖν
830 2369 1338 2474 ἀναδειχθέντα
1394 2367 1824 2469 βουλήσεως
1884 2374 2191 2474 Σωτῆρα
2256 2373 2371 2450 καὶ
2429 2368 2773 2472 ποδηγόν.
2861 2374 3022 2453 πῶς

274 2521 510 2579 554Α.
553 2535 589 2575 a
614 2495 738 2573 ουν
791 2492 892 2574 ἔτι
948 2501 1400 2600 χρηματιεῖτε
1458 2494 1671 2573 τέκνα
1729 2499 1943 2593 Θεοῦ,
2003 2491 2048 2596 ἢ
2108 2492 2290 2575 κατὰ
2346 2494 2506 2574 τίνα
2563 2492 2833 2597 τρόπον
2888 2496 3022 2594 τῆς

278 3748 425 3800 Hier.

278 3815 420 3866 xxiii.
446 3813 519 3865 16.

277 4024 358 4076 Ib.
385 4039 462 4078 21.

611 2618 795 2724 πρὸς
860 2618 1077 2699 αὐτον
1140 2619 1567 2718 οἰκειότητος
1641 2621 2182 2722 ἀποκερδανεῖτε
2249 2620 2381 2720 τὴν
2445 2616 2678 2725 χάριν,
2741 2617 2868 2698 τὸν
2933 2617 3027 2725 ἐξ

612 2746 832 2824 αὑτοῦ
885 2741 985 2844 μὴ
1036 2741 1523 2843 τιμήσαντεςς
1588 2740 1777 2828 εἰκὸς
1832 2741 1909 2823 δὲ
1959 2742 2048 2844 δή
2096 2779 2166 2824 τι
2214 2744 2442 2825 πάλιν
2479 2743 3022 2824 ὑπαινίττεσθαι

611 2866 739 2950 τὸν
784 2868 1075 2973 Κύρων,
1113 2872 1227 2949 καὶ
1282 2874 1876 2948 καθυλακτοῦντα
1916 2865 2150 2968 μάτην
2200 2869 2418 2948 αὐτοῦ
2471 2874 2618 2947 τῶν
2651 2869 3023 2947 Ἰουδαίων
3052 2899 3134 2939 20

612 2993 741 3074 τὸν
795 2998 1023 3093 δῆμον
1082 2991 1584 3095 κατασιγάζειν
1640 2990 2053 3091 ἐπείγεσθαι
2108 2997 2223 3073 καὶ
2292 2993 2408 3071 διὰ
2475 2997 2620 3072 τῶν
2675 2991 3022 3072 τοιούτων

613 3116 978 3222 ῥημάτων.
1076 3118 1155 3197 τί
1210 3114 1286 3196 δὲ
1350 3117 1491 3220 ἄρα
1555 3113 1642 3196 τὸ
1707 3114 2294 3216 ὑποδηλούμενόν
2347 3119 2538 3214 ἐστι,
2599 3118 2684 3196 δι’
2744 3115 3023 3219 ὀλίγων

615 3243 932 3344 ἐροῦμεν.

732 3366 1021 3444 Πολλοὶ
1076 3361 1276 3466 παρὰ
1335 3371 1484 3449 τοῖς
1538 3364 1909 3450 Ἰουδαίοις
1971 3363 2098 3445 τὸν
2152 3363 2284 3462 μὲν
2339 3372 2530 3447 θεῖον
2587 3363 2755 3468 παρ’
2816 3361 3025 3444 οὐδὲν

615 3486 994 3591 ἡγούμενοι
1053 3485 1313 3592 φόβον,
1370 3486 1846 3592 θαυμάζοντες
1909 3487 1986 3568 δὲ
2046 3492 2164 3569 καὶ
2222 3489 2736 3595 ἀποδεχόμενοι
2794 3487 3023 3589 μόνας
3054 3522 3143 3583 ²5

614 3611 743 3698 τὰς
792 3611 880 3718 ἐξ
923 3611 1323 3716 ἀνθρώπων
1359 3610 1590 3710 τιμὰς,
1630 3619 1747 3691 καὶ
1794 3617 2121 3761 αἰσχρῶν
2160 3612 2560 3714 λημμάτων
2596 3613 3019 3712 ἡττώμενοι,

548 3744 590 3810 b
615 3734 1088 3843 προφητεύειν
1125 3734 1686 3832 ἀπετόλμωνα
1593 3770 1686 3814 τα
1656 3733 1675 3761 “
1716 3745 1758 3782 “
1785 3737 1929 3816 ἀπὸ
1966 3737 2329 3840 καρδιάς’
2294 3743 2565 3819 εαυτῶν
2602 3746 3025 3835 λαλοῦντες,

616 3870 661 3909 “
697 3864 814 3940 καὶ
854 3863 981 3940 οὐκ
1018 3857 1161 3941 ἀπο
1202 3857 1567 3958 στόματος
1607 3858 1940 3963 Κυρίου,”
1970 3860 2159 3940 καθὰ
2197 3859 2617 3965 γε’.γραπται
2691 3864 2807 3942 καὶ
2843 3868 3026 3961 γοῦν

614 3984 826 4070 αὐτὸς
864 3987 904 4063 ὁ
945 3983 1239 4066 πάντων
1280 3981 1670 4085 Δεσπότης
1708 3987 2044 4089 ἐπῃτιᾶτο
2082 3986 2319 4087 λέγων
2348 3998 2390 4032 “
2415 3986 2577 4066 Οὐκ
2615 3986 3029 4065 ἀπέστελον

616 4120 659 4157 “
693 4107 858 4193 τοὺς
895 4108 1300 4215 προφήτας,
1338 4108 1467 4186 οὐκ
1505 4106 1845 4203 ἐλάλησα
1880 4106 2060 4213 πρὸς
2098 4108 2375 4207 αὐτοὺς,
2412 4112 2532 4190 καὶ
2569 4111 2770 4188 αὐτοὶ
2805 4142 3027 4211 προε-
3058 4139 3147 4195 3ο

614 4244 656 4282 “
697 4233 1075 4341 φήτευον·”
1154 4229 1357 4311 ἀλλά
1411 4234 1526 4311 καὶ
1585 4231 1882 4335 δράσειν
1938 4231 2193 4318 αὐτοὺς
2252 4231 2345 4312 τὰ
2400 4231 2596 4312 δεινὰ
2652 4233 3028 4333 ἐπηπείλει

721 4449 829 4504 ,ἓν
850 4469 991 4504 τισιν
1013 4446 1173 4501 habet
1201 4446 1265 4500 Β.
1411 4458 1462 4517 7.
1500 4466 1594 4501 του
1618 4448 1713 4500 τοῦ
1742 4445 1806 4501 Β.
1833 4444 1925 4514 τὴν
1947 4451 2040 4502 τοῦ
2064 4447 2370 4504 emendavit
2398 4446 2831 4503 Heln-10.
2869 4469 3027 4503 τουτ-

608 4520 754 4577 έστιν
774 4528 1115 4590 assumptum
1141 4535 1205 4573 ex
1232 4516 1298 4572 Β.
1555 4532 1640 4572 12.
1678 4515 1784 4572 κατ’
1812 4517 2047 4574 εὐδοκίαν
2070 4536 2119 4575 a.
2372 4535 2458 4591 29.
2495 4517 2793 4575 ἀπέστελον
2821 4517 2890 4574 Β.
2919 4518 3023 4574 Ht.

608 4591 897 4648 ἀπέστειλα
920 4589 1068 4645 Aub.
