3238 5158
621 355 746 420 122
1224 356 1303 423 Β.
1349 356 1764 422 CYRILLI
1823 355 2398 423 ALEXANDR.
2751 348 3022 434 viii-54·

616 518 1078 621 ἠγανάκτησε
1136 520 1282 625 γὰρ
1342 518 1434 601 ἂν
1486 525 1603 603 ἐπὶ
1667 517 1898 631 τούτῳ
1960 557 2069 607 τις
2127 519 2351 618 εὐθὺς,
2408 521 2527 599 καὶ
2586 512 3022 624 φιλοπάτωρ

558 671 596 714 0
618 638 792 721 εἶναι
856 641 1371 743 πλαττόμενος,
1431 650 1547 725 καὶ
1611 652 1703 752 τῇ
1770 652 1916 726 τῶν
1979 645 2208 747 ἁγίων
2270 640 2448 750 δόξῃ
2514 635 3022 740 συναγορεύειν

620 763 1187 869 ὑποκρινόμενος,
1261 765 1691 871 θερμότερον
1765 768 1855 849 ἂν
1930 769 2160 875 ε’πέφυ
2230 764 2412 847 κατὰ
2482 770 2832 866 Χριστοῦ,
2901 761 3022 839 καὶ

619 889 902 975 δικαίως
940 889 1076 991 ἤδη
1110 898 1514 999 μιαιφονεῖν
1547 892 1772 973 ἐδόκει
1807 891 2323 992 λελυπημένος·
2392 887 2512 968 διὰ
2544 894 2757 967 τοῦτο
2794 916 3014 983 μετα-

616 1014 1085 1117 σχηματίσας
1123 1020 1219 1098 εἶς
1254 1012 1507 1095 ἑαυτὸν
1544 1017 1584 1094 ὃ
1628 1014 1892 1117 Κύριος
1926 1011 2092 1099 τοὺς
2130 1010 2395 1116 λόγους
2431 1006 2843 1118 φησίνἘΣιν
2881 1003 3019 1108 ἐγῶ
3050 1026 3093 1088 5

620 1130 882 1246 δοξάζω
921 1138 1203 1241 {pcata-bv
1239 1141 1273 1232 ἦ
1312 1134 1484 1246 δόξα.
1518 1176 1651 1245 μου
1689 1140 1861 1220 ἐστὶν
1899 1134 2103 1219 οὐδέν·
2176 1133 2399 1237 μόνον
2433 1132 2580 1237 γὰρ
2615 1134 2772 1238 οὐχὶ
2807 1125 3021 1210 τοῦτό

620 1264 812 1364 φησι
871 1263 1148 1362 Μηδεὶς
1200 1262 1313 1368 ἐφ’
1373 1263 1600 1369 ἑαυτῷ
1657 1261 2009 1367 φρονείτω
2064 1260 2251 1363 με’γα
2302 1264 2451 1338 τῶν
2500 1259 2615 1338 ἐπὶ
2673 1258 2802 1355 τῆς
2860 1257 3018 1355 γῆς.

619 1388 680 1462 εἰ
717 1382 863 1487 γὰρ
896 1387 1341 1484 βουλοίμεθα
1378 1389 1819 1466 διανοεῖσθαι
1855 1387 2017 1466 καθ’
2059 1381 2370 1480 ἑαυτοὺς,
2408 1381 2512 1466 τίς
2547 1381 2592 1480 ἡ
2637 1378 3022 1482 ἀνθρώπου

281 1526 366 1578 Fa·
385 1526 456 1578 xl·
483 1524 530 1577 6.
619 1503 801 1614 δόξα
864 1509 1086 1608 ἐστὶν,
1151 1507 1354 1590 οὐδὲν
1416 1510 1651 1589 οὖσαν
1711 1508 1934 1610 αὐτὴν
1994 1508 2413 1612 εὑρήσομεν·
2498 1515 2543 1552 “
2582 1509 2811 1584 Πᾶσα
2873 1499 3022 1604 γὰρ

618 1641 665 1679 “
699 1630 905 1739 σὰρξ
943 1632 1222 1737 χόρτος,
1261 1635 1377 1713 καὶ
1415 1639 1626 1714 πᾶσα
1663 1631 1847 1739 δόξα
1884 1631 2266 1736 ἀνθρώπου
2303 1634 2400 1716 ὡς
2437 1628 2653 1714 ἄνθος
2689 1622 3020 1731 χόρτου·”
3061 1648 3142 1691 10

549 1764 594 1831 d
618 1755 1043 1854 θαυμαστὸν
1087 1757 1211 1836 οὖν
1261 1756 1402 1860 ἄρα
1458 1760 1694 1863 φησὶν
1743 1754 1948 1836 οὐδὲν
1998 1762 2059 1836 εἲ
2115 1751 2610 1853 τετελεύτηκεν
2645 1748 3019 1853 Ἀβραὰμ,

617 1881 734 1957 καὶ
790 1879 936 1976 μετ’
996 1881 1258 1959 ἐκεῖνον
1316 1885 1385 1959 οἱ
1449 1884 1845 1987 προφῆται.
1931 1879 2012 1960 τί
2061 1877 2207 1983 γὰρ
2266 1877 2314 1978 ἡ
2375 1874 2761 1979 ἀνθρώπου
2815 1872 3022 1980 δόξα,

614 2001 1181 2103 τυραννουμένης
1236 2005 1367 2101 τῆς
1425 2000 1720 2105 φύσεως
1786 2004 1903 2081 καὶ
1969 2000 2259 2110 θανάτῳ
2322 2001 2439 2081 καὶ
2498 2003 2744 2106 φθορᾷ
2804 1998 3024 2098 εὐμα-

614 2122 853 2231 ράντῳ
897 2122 1136 2231 χόρτῳ
1182 2123 1300 2204 διὰ
1345 2131 1556 2204 τοῦτο
1598 2125 2175 2227 παρεικασμένης
2205 2157 2227 2223 3

743 2245 961 2331 Εἰκὸς
1034 2246 1110 2327 δὲ
1182 2247 1292 2328 ὅτι
1364 2249 2016 2352 μετασχηματίσας
2090 2254 2188 2333 εἰς
2259 2247 2513 2330 ἑαυτὸν
2582 2250 2862 2355 εὐφυῶς
2933 2242 3022 2325 τὸ
3061 2281 3142 2345 15

615 2369 900 2476 προσὸν
938 2377 1039 2479 τῷ
1072 2369 1421 2472 Ἀβραὰμ
1453 2372 1613 2472 ἤτοι
1662 2377 1811 2456 τοῖς
1860 2370 2268 2478 προφήταις
2304 2374 2588 2478 μέτρον,
2626 2376 2758 2453 καὶ·
2783 2371 3024 2473 λέγων

616 2493 709 2573 ‘H
750 2489 915 2602 δόξα
952 2531 1082 2601 μου
1122 2489 1295 2576 οὐδέν
1331 2494 1526 2594 ἔστιν,
1562 2501 1662 2581 εἷς
1697 2493 2105 2596 ἀνάμνησιν
2142 2495 2303 2598 ἄγει
2349 2495 2479 2577 τὸν
2512 2498 2858 2577 Ἰουδαῖον
2891 2501 3027 2574 τοῦ

279 2616 417 2734 ξξέι·
447 2694 525 2746 27·
618 2617 751 2718 μὲν
784 2617 1130 2722 Ἀβραὰμ
1180 2619 1618 2727 σαφέστατα
1671 2620 2017 2723 λέγοντος
2066 2623 2229 2723 περὶ
2277 2621 2531 2702 ἑαυτοῦ
2569 2633 2613 2671 “
2636 2619 2837 2722 Ἐγώ
2880 2624 3028 2719 εἶμι

622 2753 665 2791 “
702 2742 798 2845 γῆ
856 2745 973 2821 καὶ
1028 2743 1365 2840 σποδὸς,”
1407 2749 1552 2824 τῶν
1608 2742 1684 2823 δὲ
1739 2743 2111 2848 μακαρίων
2164 2751 2563 2851 προφητῶν
2618 2747 3020 2846 ἀνακεκρα-

279 2879 365 2995 ξε·
386 2880 464 2931 on.
558 2901 593 2945 e
617 2864 856 2969 γότων
912 2865 1095 2970 πρὸς
1156 2865 1349 2947 Θεόν
1409 2878 1452 2915 “
1482 2865 1881 2967 Μνήσθητι
1953 2867 2065 2948 ὅτι
2126 2876 2299 2973 χοῦς
2359 2869 2641 2967 ἐσμεν.”
2712 2869 2862 2963 ,καὶ
2936 2867 3026 2946 οὐ
3056 2909 3145 2951 20

316 2964 365 3009 ⁴⁶
614 2989 848 3090 δήπου
905 2988 1146 3096 φαμὲν
1202 2987 1320 3070 διὰ
1384 2998 1598 3070 τοῦτο
1652 2994 1781 3090 τῆς
1837 2996 1983 3071 τῶν
2039 2992 2267 3093 ἁγίων
2326 2989 2544 3098 δόξης
2601 2997 3028 3093 κατηγορεῖν

615 3112 743 3194 τὸν
792 3113 1187 3220 δοξάζοντα
1243 3114 1521 3198 αὐτούς.
1613 3116 1783 3193 ἀλλ’
1825 3112 1914 3213 ἦν
1963 3113 2240 3217 ἀνάγκη
2295 3113 2585 3213 λοιπὸν,
2627 3119 2745 3194 καὶ
2799 3115 2839 3193 ὁ
2891 3121 3027 3193 τοῦ

617 3237 983 3341 χρησίμου
1038 3234 1263 3338 λόγος
1321 3235 1560 3317 ἐκάλει
1613 3235 1797 3340 πρὸς
1851 3234 1937 3318 τὸ
1994 3236 2331 3318 δεικνύειν
2375 3236 2596 3318 αὑτὸν
2645 3236 2832 3337 ὅσην
2878 3235 3028 3342 ἔχει

617 3357 751 3459 τὴν
796 3358 1150 3466 διαφορὰν
1195 3360 1240 3459 ἡ
1298 3359 1451 3440 θεία
1504 3394 1584 3441 τε
1639 3362 1756 3440 καὶ
1807 3358 2112 3465 ἅρῤητος
2158 3362 2379 3442 αὐτοῦ
2427 3361 2654 3470 φύσις
2700 3358 2879 3467 πρὸς
2928 3359 3031 3451 τὰ

621 3481 1115 3564 ὑποπίπτοντα
1151 3481 1437 3594 θανάτῳ
1474 3486 1593 3566 καὶ
1629 3489 1899 3593 φθορᾷ.
3059 3519 3145 3581 ²5

1135 3770 1359 3839 Ἔστιν
1411 3771 1449 3840 ὃ
1502 3771 1735 3862 Πατήρ
1787 3792 1912 3849 μου
1963 3771 2002 3839 ὁ
2057 3771 2346 3863 δοξάζων
2398 3795 2501 3850 με.

728 3940 958 4046 ’Υπὲρ
1031 3943 1433 4050 σαφηνείας
1505 3937 1845 4049 ἀκριβοῦς
1915 3947 2034 4026 καὶ
2102 3945 2400 4048 θεωρίας
2463 3949 2610 4024 τῶν
2671 3976 3030 4044 σημαινο-

289 4090 421 4147 579
443 4086 525 4143 Δ.
562 4100 598 4142 a
619 4065 872 4179 με’νων,
908 4074 1054 4151 τοῖς
1091 4068 1332 4151 αὐτοῖς
1364 4066 1958 4174 άποκεχρήσομαι
1994 4066 2261 4171 λόγοις,
2300 4070 2419 4148 καὶ
2454 4065 2571 4148 διὰ
2604 4073 2751 4148 τῶν
2787 4066 3030 4147 αὐτῶν

695 4315 745 4356 2.
780 4300 1132 4383 πλαττόμενος
1164 4301 1415 4385 emend-at
1452 4302 1652 4375 Heyse.
1684 4268 2011 4374 πλατιίίμενος
2047 4303 2114 4358 Β.
2147 4301 2293 4359 unde
2325 4305 2661 4373 πλανώμενος
2698 4301 2883 4358 Holst.
2915 4301 3029 4359 Ed.

623 4386 679 4440 3.
705 4369 876 4441 ἔπε’φυ
899 4369 1059 4426 θᾶιᾶι.
1086 4370 1271 4443 ε’πιφῦι
1296 4373 1424 4442 (sle)
1451 4373 1518 4429 B.
1545 4372 1763 4444 ἔπεφύει
1793 4374 1891 4429 Ht.
1921 4373 2026 4429 Ed.
2052 4372 2253 4445 ἐπεφύη
2278 4373 2527 4429 emendat
2551 4374 2751 4445 Heysse.
2883 4373 2935 4428 8.
2961 4371 3022 4445 ἦ]

628 4446 689 4504 -Ι-
716 4445 811 4495 τοῦ
833 4458 884 4495 a.
1032 4458 1115 4497 12.
1153 4443 1208 4497 τί
1233 4441 1320 4514 [τῆ
1349 4440 1445 4515 Β.]
1468 4446 1573 4569 ζιὰρ
1597 4443 1629 4513 ἦ
1653 4444 1928 4514 ἀνθρώπου
1952 4444 2086 4514 δόξα
2109 4444 2226 4499 B.a.
2252 4449 2314 4514 τῇ
2337 4446 2441 4518 γὰρ
2464 4444 2739 4516 ἀνθρώπου
2763 4442 2897 4513 δόξῃ
2920 4442 3026 4499 Ht.

622 4511 676 4565 τί
696 4511 799 4583 γὰρ
823 4511 1096 4583 ἅνθρῶπου
1118 4512 1249 4581 δόξα
1266 4531 1301 4568 ο
1327 4513 1447 4569 Cat.
1527 4516 1624 4570 arl-
1650 4524 1713 4572 ut
1735 4515 1956 4572 adnotat
1977 4516 2092 4586 ipse
2114 4515 2260 4571 Aub.
2321 4560 2330 4567 .
2481 4528 2565 4587 17.
2601 4515 2663 4570 τὸ
2687 4513 2932 4571 lovanio»
2956 4513 3027 4569 Β.

623 4580 929 4639 emendavit
954 4582 1054 4639 Ht.
1077 4583 1198 4644 τοὺς
1221 4584 1480 4642 malove
1502 4603 1551 4641 a.
1771 4587 1855 4643 18.
1889 4588 2073 4643 ἑαυτοῦ
2097 4603 2147 4642 ι.
2171 4586 2332 4642 αὐτοῦ
2357 4585 2464 4642 Ed.
