3238 5158
591 335 681 398 24.
1194 334 1271 398 Β.
1319 332 1742 399 CYRILLI
1801 331 2373 398 ALEXANDR.
2722 328 2857 394 viii.
2885 328 2991 396 26.

594 497 755 578 οὐδὲ
810 500 906 582 ὡς
959 496 1101 606 ἔξω
1154 499 1487 599 βεβηκὼς
1544 508 1675 580 τοῦ
1727 496 2125 602 πρέποντος
2178 504 2271 604 τῇ
2325 496 2688 604 οἰκονομία
2742 493 2984 599 πράγ-

595 656 839 719 ματος,
892 623 975 702 οὐ
1029 622 1176 726 γὰρ
1228 619 1323 702 ἀν
1376 623 1867 718 ἐβουλεύσατο
1922 656 1993 703 τι
2050 620 2344 720 Θεὸς,
2311 657 2351 701 ο
2405 620 2507 721 μὴ
2561 619 2851 704 πάντως
2903 616 2997 720 ἦν

595 745 934 848 γενέσθαι
989 748 1109 826 καὶ
1159 745 1462 849 πρέπον*
1523 744 1643 827 διὰ
1698 744 1775 826 δὲ
1829 755 1958 826 τοῦ
2013 745 2274 848 λέγειν,
2311 749 2410 830 ὡς
2458 747 2593 851 οὐχ
2641 747 2806 846 ὑμῖν
2859 742 2998 824 ἔδει

598 874 931 969 λαλῆσαι
968 869 1151 950 κατὰ
1187 909 1293 965 την
1327 868 1556 977 ἀρχην,
1595 869 1755 951 οὐδὲ
1792 868 2124 969 θεμέλιον
2159 867 2411 973 ῶσπερ
2447 867 2999 963 καταβαλέσθαι

596 995 764 1095 παρ’
809 994 973 1093 ὑμῖν
1010 998 1138 1115 τῆς
1187 994 1688 1096 σωτηριῶδους
1727 994 2220 1093 διδασκαλίας,
2258 996 2497 1094 ἀληθῆ
2549 994 2666 1074 καὶ
2716 991 3084 1098 φιλεῖν-5

600 1111 892 1219 θρωπον
957 1116 1141 1197 κατὰ
1206 1117 1437 1222 φύσιν
1496 1116 1913 1223 ὑπάρχοντα
1976 1152 2093 1198 και
2156 1152 2285 1200 τον
2345 1115 2638 1219 Πατέρα
2702 1112 3002 1195 δεικνύει

597 1243 716 1319 καὶ
765 1238 1038 1321 ἑαυτόν.
1119 1240 1274 1322 ἶδοὺ
1323 1239 1485 1344 γὰρ,
1523 1243 1753 1322 καίτοι
1807 1238 1909 1340 μὴ
1966 1243 2173 1322 οὖσιν
2208 1241 2435 1350 ἀξίοις
2483 1247 2631 1325 τοῖς
2680 1239 3005 1321 ἀνοσίοις

263 1374 386 1429 512
403 1373 485 1431 A·
537 1388 572 1427 a
596 1365 962 1449 Ἰουδαίοις
1010 1364 1138 1445 τὸν
1185 1364 1546 1469 σωτήριον
1596 1366 1952 1470 ἐχαρίζετο
2002 1367 2249 1470 λόγον,
2287 1369 2362 1445 ἐν
2413 1362 2710 1471 δευτέρῳ
2767 1397 2996 1442 κατα-

597 1488 825 1597 τοίξας
860 1488 1061 1598 τόπῳ
1097 1496 1244 1569 τῶν
1279 1492 1504 1569 ἐθνῶν
1531 1486 1664 1589 τὴν
1688 1488 1998 1589 πληθὺν,
2028 1492 2255 1570 καίτοι
2294 1490 2460 1569 λίαν
2496 1487 3005 1591 εὐπετέστερον

601 1617 715 1693 καὶ
752 1612 1115 1694 πιστεύειν
1152 1614 1345 1721 αὐτῷ
1383 1616 1499 1693 καὶ
1536 1615 1913 1694 πείθεσθαι
1948 1611 2488 1713 μελετήσασαν.
3039 1638 3134 1680 10

712 1738 815 1816 Τι’
846 1738 973 1815 οὖν
1010 1737 1150 1840 ἀρα
1187 1734 1272 1817 τὸ
1310 1739 1713 1817 ἀναπεῖσαν
1749 1736 1966 1817 αὐτὸν
2000 1737 2129 1818 τὸν
2166 1734 2817 1841 σκληροτράχηλον
2853 1740 3007 1815 τῶν

599 1860 964 1942 Ἰουδαίων
1021 1858 1205 1968 λαὸν
1260 1866 1405 1940 τῶν
1460 1861 1718 1964 ἑτέρων
1771 1860 2127 1970 προτάξαι
2184 1864 2300 1941 καὶ
2354 1868 2757 1965 προτιμᾶν,
2818 1857 3009 1962 πρὸς

602 1981 858 2067 αὐτοὺς
920 1981 1313 2084 ἐποιήσατο
1385 1989 1513 2084 τῆς
1585 1984 1903 2093 ἀφίξεως
1968 1984 2102 2086 τὴν
2164 1985 2604 2088 ἐπαγγελίαν
2669 1982 2785 2064 διὰ
2854 1989 3010 2063 τῶν

606 2109 832 2210 ἁγίων
867 2113 1285 2215 προφητῶν,
1325 2108 1563 2192 αὐτοῖς
1601 2109 1644 2208 ἡ
1682 2105 1888 2214 χάρις
1925 2108 2043 2188 διὰ
2078 2107 2242 2192 τοὺς
2278 2108 2589 2211 πατέρας
2627 2108 3005 2214 ὠφείλετο.

265 2230 508 2362 {uffh-
606 2230 724 2310 διὰ
759 2241 970 2312 τοῦτο
1010 2236 1125 2311 καὶ
1163 2231 1483 2337 ἔφασκεν
1522 2242 1565 2278 “
1594 2233 1756 2311 Οὐκ
1805 2231 2234 2333 ἀπεστάλην
2268 2239 2328 2312 εἰ
2375 2231 2476 2332 μὴ
2525 2238 2620 2315 εἷς
2668 2230 2761 2310 τὰ
2807 2227 3000 2332 πρό·
3045 2257 3125 2317 15

534 2360 578 2426 b
610 2365 653 2403 “
689 2363 884 2450 βατα
919 2352 1012 2435 τὰ
1049 2351 1492 2434 ἀπολωλότα
1528 2356 1725 2434 οἴκου
1759 2354 2144 2459 Ἰσραήλ·”
2200 2358 2318 2436 καὶ
2360 2353 2542 2456 πρὸς
2583 2362 2883 2458 γυναῖκα
2925 2354 3008 2434 δὲ
3105 2369 3118 2376 ”

267 2491 349 2542 Ib.
378 2489 457 2541 ²⁶·
610 2476 741 2578 τὴν
769 2478 1426 2583 συροφοινίκισσαν
1453 2488 1495 2524 “
1526 2480 1688 2558 Οὐκ
1727 2479 1885 2559 ἔστι
1919 2478 2149 2559 καλὸν
2170 2487 2424 2572 λαβεῖν
2451 2478 2579 2559 τὸν
2602 2479 2823 2581 ἄρτον
2858 2484 3011 2557 τῶν

607 2613 651 2651 “
686 2603 956 2682 τέκνων
991 2604 1107 2681 καὶ
1156 2594 1429 2697 βαλεῖν
1451 2609 1599 2686 τοῖς
1650 2605 2073 2707 κυναρίοις.”
2151 2605 2403 2684 οὐκοῦν
2443 2606 2482 2684 ὁ
2533 2607 2666 2701 μὲν
2695 2599 3012 2705 Ἰσραὴλ

606 2732 682 2809 ἐκ
749 2729 1006 2811 τούτου
1074 2731 1461 2830 τετίμηται,
1524 2736 1643 2809 καὶ
1716 2729 2189 2833 προτέτακται
2263 2736 2407 2808 τῶν
2467 2731 2710 2824 ἐθνῶν,
2778 2729 3014 2808 καίτοι

608 2854 1039 2957 σκαιοτέραν
1112 2854 1296 2959 ἔχων
1371 2852 1504 2954 τὴν
1577 2855 1898 2956 γνώμην.
2010 2851 2247 2952 ἐπειδὴ
2333 2852 2410 2933 δὲ
2493 2849 2811 2955 ἠγνόησε
2879 2852 3014 2931 τὸν
3044 2886 3128 2927 20

611 2975 950 3057 ἁπάντων
997 2977 1413 3078 Δεσπότην,
1472 2982 1590 3056 καὶ
1654 2985 1801 3057 τῶν
1858 2980 1935 3057 ἐν
1998 2978 2458 3079 ἐπαγγελίαις
2521 2979 2819 3079 ἀγαθῶν
2880 2974 3014 3056 τὸν

609 3099 1010 3201 τελειωτὴν,
1056 3102 1369 3201 μετέστη
1425 3100 1684 3181 λοιπὸν
1730 3104 1841 3181 ἐπὶ
1897 3099 1991 3180 τὰ
2044 3100 2211 3201 ἔθνη
2264 3104 2393 3199 τῆς
2444 3100 2916 3183 διδασκαλίας
2961 3101 3012 3202 ἦ

610 3222 837 3327 χάρις,
894 3223 1000 3308 οἷς
1055 3228 1271 3329 ἐχρῆν
1327 3223 1511 3303 κατὰ
1567 3222 1674 3317 τὴν
1730 3223 1937 3331 ἀρχῆν
1993 3227 2111 3304 καὶ
2167 3226 2242 3303 ἐν
2294 3224 2603 3327 πρώτοις
2659 3226 3016 3327 προσδια-

551 3377 588 3419 ο
614 3351 961 3450 λεχθῆναι
1015 3381 1143 3426 τον
1183 3345 1476 3449 Κύριον,
1528 3349 1665 3453 οὐχ
1720 3382 1901 3428 οσον
1951 3355 2049 3433 εἷς
2102 3345 2235 3447 τὴν
2285 3344 2688 3452 ὑπόσχεσιν
2735 3345 2867 3446 τὴν
2915 3380 3017 3429 εις

611 3468 778 3553 τοὺς
862 3470 1176 3573 πατέρας
1254 3470 1747 3601 γεγενημένην,
1823 3475 1992 3551 ἀλλ’
2066 3506 2247 3552 οσον
2328 3477 2425 3556 εἶς
2500 3469 2632 3570 τὴν
2705 3473 3016 3551 ἐνοῦσαν
3045 3499 3130 3561 25

613 3594 850 3678 αὐτοῖς
907 3594 1319 3674 εὐπείθειαν.
3051 3614 3058 3621 ’

516 3836 591 3891 26
1003 3830 1229 3894 Πολλὰ
1283 3829 1418 3917 ἔχω
1471 3831 1619 3919 περὶ
1675 3831 1855 3908 ὑμῶν
1910 3829 2136 3899 λαλεῖν
2191 3833 2297 3898 καί
2354 3832 2614 3922 κρίνειν.

735 4006 1372 4114 Καταδικαζόντων
1418 4012 1638 4091 αὐτοῦ
1692 4018 1838 4092 τῶν
1873 4013 2239 4092 Ἰουδαίων
2288 4011 2849 4115 προαλέστερον,
2901 4014 3018 4092 καὶ

618 4135 845 4214 οὐδενὶ
899 4132 1031 4234 μὲν
1085 4132 1397 4238 ἐχόντων
1449 4134 1536 4214 τὸ
1590 4134 1937 4240 παράπαν
1991 4137 2344 4239 ἐγκαλεῖν,
2386 4137 2501 4215 ε’πὶ
2556 4131 2740 4241 μόνῃ
2796 4134 2872 4215 δὲ
2925 4141 3018 4241 τῇ

693 4370 741 4408 1.
776 4355 838 4422 τῇ
865 4353 1125 4424 οἰκονομίᾳ
1152 4353 1218 4410 Β.
1245 4353 1275 4423 ἦ
1300 4354 1564 4424 οἰκονομία
1589 4356 1774 4410 Holst.
1801 4353 1905 4408 Ed.
2181 4368 2280 4444 17.
2316 4376 2386 4409 συ
2385 4354 2825 4445 ροφοινίκισσαν
2820 4354 2886 4410 Β.
2916 4354 3019 4410 Ht.

626 4424 1048 4514 συροφοίυισσαν
1072 4424 1217 4479 Aub.
1483 4441 1571 4480 21.
1606 4430 1711 4480 τῶν
1733 4425 1790 4479 ἔν
1811 4424 2142 4496 ἐπαγγελίαις
2165 4424 2373 4496 ἀγαθῶν
2396 4426 2485 4479 τὸν
2511 4425 2578 4482 Β.
2603 4425 2747 4479 τὸν’
2719 4448 2774 4480 εν
2797 4425 3019 4508 ἐπαγ-γε-

615 4495 754 4552 λίαιι·
778 4495 940 4559 ἐθνῶν
967 4493 1065 4562 Ηῐ.
1094 4494 1197 4549 Ed.
1363 4512 1448 4562 24.
1486 4496 1560 4554 εἷς
1583 4498 1732 4567 prius
1758 4494 1942 4549 deest
1929 4513 1983 4549 m
2013 4495 2080 4550 B.
2112 4494 2209 4550 Ht.
2280 4496 2596 4566 Aesumpsit
2617 4514 2648 4551 ο
2674 4495 2794 4552 Cat.
2820 4504 2883 4551 ut
2906 4495 3019 4551 vxd.

617 4564 763 4621 Aub
842 4578 847 4582 ’
981 4580 1066 4637 25.
1101 4567 1438 4638 προπάτορας
1461 4584 1511 4620 a.
1727 4583 1814 4637 29.
1851 4566 2022 4621 οὗδευὶ
2049 4565 2115 4621 Β.
2142 4566 2294 4625 οὐδὲν
2320 4565 2418 4623 Ht.
2444 4566 2551 4622 Ed.
