3238 5158
241 285 369 350 xiv.
398 309 458 372 9.
821 288 937 355 IN
998 289 1063 353 S.
1114 288 1628 354 JOANNEM.
1720 290 1912 354 LIB.
1962 290 2081 353 IX.
2518 286 2642 349 421

240 496 423 572 Λέι-ει
493 498 675 584 αὐτῷ
742 500 781 567 ὁ
845 500 1094 566 Ἰησοῦς
1164 499 1479 583 Τοσούτῳ
1553 500 1769 588 χρόνῳ
1843 500 1987 575 μεθ’
2066 498 2248 575 ὑμῶν
2321 494 2472 577 εἰμι,
2544 494 2717 567 καὶ9

343 623 462 688 οὐκ
533 623 825 699 ἒι-νωκάο
895 648 997 706 με,
1068 624 1411 707 Φίλιππε,
1497 626 1534 692 ὀ
1605 624 1931 715 ἑωρακὼς
2000 624 2116 701 ἐμὲ
2196 622 2457 713 ἑώρακε
2537 619 2651 689 τὸν

343 749 628 839 Πατέρα.
2677 759 2722 823 d

353 895 969 1002 Ἀπροφᾶσιστον
1012 901 1114 1005 τῷ
1163 903 1451 1004 μαθητῇ
1508 896 1643 998 τὴν
1689 899 2005 999 ἀμαθίαν
2049 896 2482 978 ἐπιδεικνύει.
2563 893 2656 975 τὰ

177 1043 217 1104 5
244 1019 374 1119 μὲν
428 1020 574 1123 γὰρ
635 1019 1198 1128 δυσεφικτότερα
1253 1029 1398 1103 τῶν
1454 1021 1957 1125 θεωρημάτων,
2014 1025 2134 1103 καὶ
2186 1019 2369 1126 πρὸς
2427 1017 2648 1100 κατά·

247 1149 483 1251 ληψιν
519 1143 653 1245 τὴν
689 1148 767 1225 ἐν
803 1143 1054 1246 νοήσει
1092 1152 1281 1254 φημὶ
1331 1145 1775 1251 λεπτοτέραν
1813 1149 1891 1225 ἐν
1927 1147 2201 1232 ἑαυτοῖς
2240 1144 2657 1252 ἐξαιτοῦντα

247 1268 378 1370 τὴν
414 1267 772 1368 βάσανον,
812 1276 870 1350 εὶ
920 1274 1038 1351 καὶ
1085 1268 1187 1371 μὴ
1236 1273 1313 1351 ἐν
1357 1272 1586 1378 ὀλίγῳ
1635 1269 1875 1380 χρόνῳ
1928 1268 2171 1378 τυχὸν,
2209 1269 2381 1350 ἀλλ’
2420 1271 2546 1350 οὖν
2581 1271 2658 1349 ἐν

246 1400 552 1498 μακραῖς
589 1391 1059 1499 παρατάσεσι
1094 1400 1242 1474 τῶν
1278 1402 1545 1498 καιρῶν
1580 1393 1788 1475 ἔσται
1840 1393 1927 1496 δὴ
1973 1395 2264 1478 πάντως
2309 1393 2660 1492 ἁλώσιμα

248 1524 394 1601 τοῖς
434 1518 885 1625 φιλομαθέσι
921 1520 1041 1598 καὶ
1078 1523 1462 1626 καταφανῆ
1499 1520 1908 1622 γενήσεται·
1974 1517 2078 1604 οἷς
2128 1518 2203 1599 δὲ
2250 1520 2378 1599 οὐκ
2422 1517 2660 1598 ἔνεστι

142 1666 227 1707 10
251 1640 336 1720 τὸ
383 1643 826 1743 περισκελὲς,
864 1645 1034 1723 ἀλλ’
1076 1645 1350 1724 εὐθεῖαν
1389 1642 1532 1748 ἔχει
1581 1642 1715 1743 τὴν
1760 1644 2059 1745 εἴδησιν,
2096 1642 2372 1727 τούτοις
2423 1642 2514 1721 ἄν
2550 1675 2659 1724 τις

250 1763 693 1867 προσβάλοι,
706 1773 849 1867 ,καὶ
905 1769 1074 1848 λίαν
1119 1766 1410 1847 ἀκονιτί.
1497 1768 1575 1847 τί
1624 1769 1886 1866 τοίνυν,
1925 1771 2180 1875 φησὶν,
2217 1764 2277 1847 ὦ
2320 1771 2652 1856 Φίλιππε,
2680 1798 2717 1842 e

250 1889 433 1994 πρὸς
487 1888 623 1989 τὴν
678 1893 783 1972 ἐπ’
834 1894 990 1992 ἐμοὶ
1044 1890 1349 1972 σύνεσιν
1407 1892 1673 1993 ἀκριβῆ
1734 1890 1817 1972 τὸ
1876 1892 2419 1995 παραποδίσαν,
2476 1889 2652 1971 εἶπέ.

250 2015 479 2094 καίτοι
533 2014 679 2118 γὰρ
734 2017 923 2097 οὕτω
977 2023 1259 2120 μακροῦ
1318 2012 1796 2100 διελάσαντος
1850 2013 2138 2121 χρόνου,
2180 2016 2347 2095 καθ’
2388 2013 2472 2094 ὅν
2520 2021 2657 2117 εἰμι

250 2136 401 2244 μεθ’
437 2140 638 2245 ὑμῶν,
674 2143 792 2220 καὶ
826 2143 1217 2244 ἀρκοῦντος
1260 2146 1357 2223 εἰς
1406 2141 1919 2246 πληροφορίαν
1953 2136 2054 2220 ὧν
2085 2136 2221 2219 ἔδει
2257 2172 2349 2218 σε
2385 2143 2660 2238 μαθεῖν,

143 2285 227 2342 15
252 2262 623 2366 ἐνδοιάζεις,
672 2264 797 2363 ἔτι,
832 2271 1128 2364 μᾶλλον
1166 2261 1244 2343 δὲ
1294 2264 1492 2364 ἥλως
1542 2263 1934 2364 ἠγνοηκὼς,
1972 2265 2080 2347 τίς
2129 2261 2260 2361 μὲν
2292 2259 2434 2364 ἐγὼ
2479 2261 2661 2342 κατὰ

256 2385 487 2494 φύσιν
544 2392 684 2488 εἰμὶ
750 2393 868 2469 καὶ
931 2385 1180 2488 πόθεν,
1236 2388 1466 2468 καίτοι
1519 2395 1667 2467 τῶν
1723 2387 1833 2466 ὅτι
1887 2386 2221 2487 μάλιστα
2278 2385 2479 2490 παρὰ
2538 2387 2662 2466 σοὶ

258 2514 809 2619 θαυμαζομένων
883 2514 1237 2619 εὑρίσκων
1311 2511 1486 2594 ὄντα
1562 2511 2023 2616 δημιουργόν.
2139 2517 2293 2596 πῶς
2374 2509 2451 2592 δὲ
2534 2511 2662 2591 οὐκ

256 2636 502 2740 ἔγνως,
562 2641 816 2746 φησὶν,
873 2638 983 2719 ὅτι
1050 2641 1090 2718 ὁ
1157 2636 1536 2742 θεωρήσας
1597 2637 1718 2743 ἐμὲ
1782 2637 2105 2717 τεθέαται
2175 2635 2277 2716 τὶν
2338 2632 2657 2744 Πατέρα,

259 2764 430 2841 ἀλλ’
482 2762 866 2847 Ἰουδαίους
921 2760 1054 2862 μὲν
1108 2761 1235 2842 οἴει
1290 2759 1454 2845 τοὺς
1509 2759 1743 2841 πάλαι
1797 2759 1931 2860 τὴν
1981 2762 2181 2841 θείαν
2232 2761 2308 2839 ἐν
2356 2763 2459 2865 τῷ
2515 2756 2662 2862 ὄρει
2687 2787 2723 2827 a
2773 2774 2899 2833 '7'7'7
2918 2772 3003 2829 A·

148 2906 234 2949 20
263 2891 444 2965 Σινᾶ
500 2891 881 2966 τεθεᾶσθαι
938 2884 1191 2993 φύσιν,
1249 2883 1625 2987 ἀκηκοέναι
1679 2919 1757 2965 τε
1812 2883 2194 2983 λαλούσης
2250 2884 2488 2981 αὐτῆς,
2545 2881 2662 2961 ὅτε

259 3007 426 3094 τοὺς
463 3011 578 3090 ἐπὶ
617 3017 766 3093 τοῖς
801 3008 1176 3113 πρακτέοις
1211 3010 1423 3090 ἐτίθει
1460 3008 1740 3107 νόμους·
1814 3006 1916 3089 σὺ
1960 3007 2034 3090 δὲ
2080 3010 2279 3089 οὔπω
2316 3005 2657 3107 διετέθης,

259 3134 371 3214 ὅτι
424 3130 554 3215 τὸν
602 3131 897 3238 Πατέρα
951 3133 1292 3214 τεθέασαι
1358 3135 1445 3215 δι’
1497 3136 1673 3233 ἐμοῦ
1727 3169 1805 3214 τε
1860 3136 1978 3214 καὶ
2034 3135 2110 3213 ἐν
2164 3131 2346 3231 ε’μοί·
2431 3141 2461 3213 ὁ
2519 3129 2664 3235 γὰρ

262 3255 571 3367 ἑωρακὼς
609 3256 728 3364 ἐμὲ
773 3257 1022 3366 ἑώρακε
1060 3257 1166 3339 τὶν
1205 3259 1512 3366 Πατέρα.
1595 3260 1713 3339 καὶ
1764 3257 1871 3338 ὅτι
1924 3257 2056 3358 μὲν
2101 3258 2184 3337 οὗ
2239 3252 2663 3355 σωματικήν

260 3416 422 3462 τινα
476 3383 779 3487 θεωρίαν
826 3383 996 3483 ἡμῖν
1039 3384 1555 3483 κατασημαίνει
1601 3377 1951 3486 Χριστὸς,
1995 3383 2078 3462 οὐ
2129 3387 2425 3484 μακρῶν
2469 3377 2665 3476 οἶμαι

151 3517 237 3582 25
265 3509 641 3606 δεδεῆσθαι
698 3505 945 3609 λόγων
999 3504 1162 3590 τοὺς
1219 3508 1735 3610 ἀκροωμένους.
1834 3507 1919 3586 οὐ
1974 3504 2119 3609 γὰρ
2174 3506 2265 3585 ἄν
2317 3540 2425 3589 τις
2484 3504 2667 3585 ε’ίποι

265 3636 408 3710 τῶν
447 3639 615 3711 νοῦν
651 3630 984 3736 ἐχόντων,
1023 3630 1155 3731 τὴν
1191 3639 1320 3711 τοῦ
1359 3637 1550 3712 Θεοῦ
1606 3629 1838 3737 φύσιν
1873 3632 2196 3733 θεωρίαις
2247 3631 2666 3710 ὑποκεῖσθαι

264 3762 729 3852 σωματικαῖς,
777 3755 949 3834 ἀλλ’
999 3752 1161 3834 οὐδὲ
1216 3761 1362 3838 τοῖς
1418 3759 1547 3853 τῆς
1603 3751 1876 3857 σαρκὸς
1932 3755 2341 3859 ὀφθαλμοῖς
2396 3753 2666 3833 κατίδοι
2689 3767 2734 3832 b

265 3910 373 3959 τις
410 3873 499 3954 ἂν
534 3876 618 3956 τὸ
673 3881 769 3963 ὡς
821 3881 937 3957 καὶ
987 3874 1200 3976 μόλις
1254 3880 1329 3956 ἐν
1365 3875 1707 3985 ἐσόπτρῳ
1743 3877 2234 3977 καταληπτόν·
2294 3875 2667 3975 βλέπομεν
2758 3879 2968 3997 ,ἒξ-Οἳ,

268 3997 416 4101 γὰρ
470 4002 567 4083 ὡς
621 4001 700 4079 ἐν
748 4003 1138 4102 αἰνίγματι·
1228 4003 1346 4080 καὶ
1401 3999 1623 4104 μικρὰ
1679 4007 1973 4108 φρονεῖν
2017 3996 2212 4099 οἶμαι
2267 4004 2428 4105 περὶ
2476 4006 2668 4081 Θεοῦ

153 4145 244 4205 30
271 4125 390 4202 καὶ
424 4121 552 4203 τὸν
588 4123 755 4203 λίαν
788 4122 1075 4230 μεγάλῃ
1112 4127 1562 4230 ἐπαυχοῦντα
1598 4124 1893 4227 γνώσει.

344 4308 397 4363 6.
436 4308 736 4397 ἐξαιτοῦντα
762 4310 826 4364 E.
854 4310 956 4365 Ed.
985 4328 1095 4381 mg.
1121 4310 1439 4400 ἐξαιτοῦνται
1467 4310 1571 4366 Ed.
1990 4379 2004 4398 θ
2116 4311 2167 4365 8.
2203 4309 2578 4379 παρατάσσεσι
2604 4307 2671 4363 Ε.
2704 4337 2710 4346 ’

278 4396 363 4436 11.
397 4381 740 4449 προσβαλλοι
766 4380 830 4434 Ε.
981 4398 1061 4435 12.
1099 4379 1204 4452 ἐπ]
1234 4379 1319 4435 ὑπ’
1349 4381 1553 4451 Mlgne.
1711 4397 1791 4451 13.
1829 4382 2182 4436 διελαυνοντος
2208 4380 2273 4434 Ε.
2430 4392 2512 4449 17.
2549 4379 2671 4433 θαυ-

270 4452 558 4520 μαζόμενον
584 4450 646 4505 Ε.
753 4451 935 4519 δημιου
1004 4449 1089 4522 όν]
1122 4458 1177 4515 -4-
1218 4449 1231 4469 ’
1276 4454 1476 4519 νωηκὼς
1511 4453 1588 4508 τίς
1623 4452 1718 4520 μὲν
1752 4452 1854 4521 ἐγὼ
1891 4452 2018 4506 κατὰ
2054 4450 2221 4522 φύσιν
2256 4450 2359 4518 εἰμὶ
2396 4451 2479 4503 καὶ
2514 4449 2675 4504 πόθεν

276 4523 329 4590 (e
354 4521 543 4592 supra)
568 4521 632 4574 E.
848 4537 932 4576 21.
1001 4520 1208 4578 ιετὲθεις
1258 4521 1357 4591 sio)
1387 4521 1451 4576 E.
