3238 5158
610 338 737 401 100
1213 335 1293 400 B.
1340 333 1768 399 CYRILLI
1825 333 2409 400 ALEXANDR.
2744 332 2881 397 viii.
2904 351 3010 414 44„

608 499 743 599 τὴν
798 498 979 580 κατά
1037 497 1260 598 νόμον·
1312 503 1674 603 λατρείαν,
1727 503 1845 581 καὶ
1899 503 2013 582 ἐπὶ
2068 499 2261 581 τέλει
2318 507 2465 582 τῶν
2509 506 2917 650 προφητῶν
2970 502 3011 579 5

276 639 410 694 563
430 637 510 692 A·
550 650 587 690 a
614 624 910 707 Δίκαιος
965 622 1188 707 ὅντως
1243 622 1650 726 ἐπεδήμησε
1706 624 2052 729 Χριστὸς,
2110 625 2196 704 οὐ
2260 623 2576 729 καρποὺς
2640 622 2806 708 τοῦς
2868 623 3010 703 ἀπὸ

612 752 749 850 γῆς
794 746 1303 852 προσκομίζων
1339 753 1438 833 εἶς
1488 749 1753 829 θυσίαν
1790 754 1895 856 τῷ
1939 754 2108 857 Θεῷ
2155 751 2272 829 καὶ
2313 751 2581 852 Πατρὶ,
2626 750 2797 827 ἀλλ’
2838 744 3011 849 ὑπὲρ

609 876 739 970 τῆς
804 868 1143 951 ἀπάντων
1207 872 1386 975 ζωῆς
1455 906 1535 952 τε
1610 907 1727 952 και
1792 875 2157 977 σωτηρίας
2229 875 2326 957 ὦς
2401 872 2703 971 ἄμωμον
2767 876 3012 973 ἱερεῖον

610 996 863 1076 ἑαυτὸν
897 998 1178 1079 ἀναθεὶς
1231 1001 1329 1080 ἐἷς
1378 996 1621 1096 ὀσμὴν
1656 997 1946 1081 εὐωδίας
1991 998 2211 1104 αὐτῷ.
2287 993 2890 1094 ἀποπεμπόμενος
2935 995 3009 1075 δὲ
3035 1025 3070 1085 5

611 1121 652 1199 5
682 1117 868 1204 Θεὸς
906 1123 1022 1199 καὶ
1063 1117 1326 1222 Πατὴρ
1362 1116 1495 1218 τὴν
1532 1120 1717 1200 κατὰ
1754 1118 1974 1216 νόμον
2004 1121 2343 1223 λατρείαν
2371 1123 2469 1203 ὡς
2504 1118 3008 1221 γεωδεστέραν,

608 1242 1027 1348 προσέσχεν
1079 1245 1194 1324 ἐπὶ
1249 1249 1340 1349 τῇ
1397 1246 1619 1351 θυσίᾳ
1675 1252 1805 1323 τοῦ
1859 1248 2192 1347 Σωτῆρος
2250 1244 2452 1343 ἡμῶν
2489 1248 2846 1345 Χριστοῦ.
2923 1241 3008 1323 τὸ

608 1370 696 1447 δέ
742 1368 1161 1472 Προσεῖτχε,
1207 1367 1292 1448 τὸ
1346 1367 1746 1472 προσήσθη
1801 1373 2037 1467 δηλοῖ.
2116 1365 2266 1447 εἶτα
2320 1367 2399 1447 τί
2443 1365 2627 1468 πρὸς
2683 1366 3003 1464 τούτοιςς

606 1492 995 1594 ἐπετιμήθη
1040 1491 1228 1573 Κάἵν
1263 1493 1397 1598 οὐχ
1435 1496 1531 1577 ὡς
1568 1494 1800 1595 ὀρθῶς
1839 1491 2120 1584 διελὼν,
2160 1496 2277 1573 καὶ
2314 1494 2745 1596 διελεγχθεὶς
2781 1489 3012 1571 ἐνόσει

608 1617 737 1697 τὸν
775 1617 1071 1723 φθόνον,
1110 1618 1233 1697 ἐπί
1272 1651 1347 1696 τε
1401 1616 1484 1696 τὸ
1524 1615 1849 1722 φονεύειν
1883 1618 2185 1719 ἀκρίτως
2221 1619 2435 1724 ὁρμᾷ.
2516 1615 2859 1695 ἐνουθέτει
2894 1617 3011 1696 καὶ
3041 1651 3119 1692 ιο

540 1748 583 1813 b
611 1741 798 1824 Θεὸς
852 1743 928 1820 ἐν
962 1745 1119 1848 Υὶῷ
1172 1739 1301 1820 τὸν
1352 1746 1499 1820 τῶν
1532 1741 1903 1821 Ἰουδαίων
1946 1739 2150 1839 λαὸν,
2189 1740 2445 1847 ἀπῄτει
2498 1739 2591 1819 τά
2646 1738 3013 1842 κρείττονα

608 1862 777 1967 παρ’
818 1865 1053 1943 αὐτῶν
1096 1869 1193 1947 εἷς
1244 1866 1719 1971 δωροφορίαν,
1759 1864 1892 1964 τὴν
1929 1864 2112 1945 κατὰ
2163 1862 2384 1965 νόμον
2425 1867 2764 1967 λατρείαν
2799 1869 3004 1963 μεθι-

605 1986 873 2068 στάναι
944 1986 1428 2090 προστάττων
1500 1996 1598 2072 εἶς
1675 1988 2155 2090 πνευματικὴν
2229 1986 2812 2095 καρποφόρησιν,
2891 1989 3013 2067 καὶ

604 2110 1131 2212 μεταπλάττειν
1195 2111 1279 2191 τὸ
1354 2112 1655 2215 γράμμα
1727 2114 2152 2217 προτρέπων
2215 2119 2313 2198 εἰς
2376 2115 2746 2212 ἀλήθειαν.
2831 2113 3005 2190 ἀλλ’

603 2233 1070 2341 ἐλεγχόμενοι
1125 2238 1672 2339 χαλεπαίνουσι,
1711 2239 1829 2316 καὶ
1875 2236 2320 2337 πλήττονται
2368 2235 2501 2337 μὲν
2544 2243 2646 2343 τῷ
2693 2233 3009 2344 πατρῴῳ
3039 2270 3118 2331 15

605 2359 877 2467 φθόνῳ,
944 2365 1231 2466 φονῶσι
1299 2357 1375 2437 δὲ
1450 2364 1566 2439 καὶ
1643 2358 1902 2443 ἀδίκως
1967 2358 2150 2440 κατά
2211 2368 2340 2440 τοῦ
2405 2364 2742 2461 Σωτῆρος
2805 2360 3012 2459 ἡμῶν

607 2487 962 2587 Χριστοῦ.
1038 2480 1410 2584 ἠπάτησεν
1460 2484 1500 2562 5
1561 2481 1753 2563 Κάῖν
1804 2480 1931 2562 τὸν
1971 2480 2241 2583 Ἀβελ,
2293 2486 2410 2563 καὶ
2466 2481 2721 2577 λαβὼν
2769 2488 2867 2566 εἶς
2922 2482 3011 2565 τὸ

605 2607 851 2687 πεδίον
884 2608 1107 2715 ἔδειξε
1156 2606 1430 2709 νεκρόν·
1494 2604 1881 2709 ἠπάτησαν
1919 2610 2178 2707 ὁμοίως
2227 2608 2310 2688 τὸ
2359 2607 2541 2688 ὅσον
2583 2610 2695 2712 ἐφ’
2735 2609 3012 2692 ἑαυτοῖς

545 2730 934 2826 οἸουδαΐοι
1004 2729 1133 2812 τὸν
1197 2729 1530 2834 Χριστὸν
1602 2734 1678 2810 ἐν
1752 2731 2079 2836 σχήματι
2151 2735 2377 2882 φίλου
2452 2731 2580 2811 τὸν
2646 2731 3014 2835 προδότην

606 2854 1259 2953 ἀποστείλαντες,
1229 2892 1306 2940 ος
1358 2856 1475 2935 ἵνα
1522 2860 1826 2962 παραδῷ
1875 2855 2058 2960 πρὸς
2109 2853 2328 2936 αὐτὸν
2363 2856 2762 2961 ἀφιγμένος
2811 2857 3005 2936 ἀπα·
3041 2893 3129 2937 20

262 2983 315 3033 S·
322 2983 513 3034 Matth.
604 2987 842 3080 τηλῶς
915 2978 1415 3082 κατησπάζετο
1503 2976 1744 3079 λέγων
1817 2990 1861 3027 “
1896 2985 2126 3083 Χαῖρε
2206 2979 2506 3082 ῥαββί.”
2603 2976 2806 3057 ἀλλὰ
2890 2981 3014 3059 καὶ

270 3052 406 3099 xxvi.
423 3066 507 3115 49.

265 3226 510 3276 Heb.xiii.

605 3101 958 3199 λαβόντες
1014 3102 1234 3181 αὐτὸν
1292 3107 1394 3186 εἶς
1450 3099 1535 3182 τὸ
1595 3103 1863 3201 πεδίον,
1918 3104 2312 3201 τουτέστιν,
2368 3102 2511 3209 εξω
2575 3107 2705 3201 τῆς
2766 3103 3015 3202 πύλης

605 3225 1103 3331 διεχρήσαντο.
1174 3236 1218 3272 “
1245 3225 1388 3332 ἔξω
1443 3223 1586 3327 γὰρ
1643 3229 1773 3325 τῆς
1826 3226 2111 3327 πύλης”
2151 3225 2467 3308 πέπονθε
2523 3228 2607 3307 δι’
2649 3227 2834 3326 ἡμᾶς
2891 3229 3018 3307 καὶ

604 3348 779 3451 ὑπὲρ
836 3349 1037 3448 ἡμῶν
1074 3350 1114 3428 5
1166 3348 1509 3452 Χριστός.
1589 3352 1764 3457 ὁρᾷς
1813 3350 1940 3430 οὖν
1986 3350 2179 3435 ὅπως
2233 3357 2336 3458 τῷ
2390 3348 2523 3450 μὲν
2558 3348 2906 3452 Ἀβραὰμ
2966 3348 3016 3451 ἢ

600 3479 749 3557 τοῖς
820 3473 909 3578 ἐξ
977 3474 1242 3552 ἐκείνου
1316 3474 1658 3575 γεγονόσι
1730 3481 2115 3579 προσεχῶς
2187 3476 2337 3554 κατ’
2416 3474 2667 3555 οὐδένα
2736 3473 3017 3577 τρόπον
3049 3521 3084 3563 2
3097 3520 3136 3578 5

599 3596 899 3681 ἐοικότες
935 3598 1385 3693 ἁλίσκονται,
1425 3606 1552 3676 τοῦ
1591 3595 1666 3677 δὲ
1703 3600 1883 3677 ἰδίου
1921 3600 2037 3677 καὶ
2072 3596 2470 3702 πρέποντος
2508 3597 2731 3682 ὅντως
2768 3598 3019 3680 αὐτοῖς

598 3718 874 3823 πατρὸς
922 3720 1173 3824 ἔχουσι
1222 3717 1355 3819 τὴν
1405 3718 1661 3816 εἰκόνα,
1700 3720 2143 3829 σύμμορφόν
2185 3756 2263 3802 τε
2321 3725 2437 3801 καὶ
2492 3725 2816 3823 συγγενῆ
2873 3719 3019 3818 τὴν

526 3869 575 3934 d
599 3845 854 3924 κακίαν
891 3845 1083 3951 αὐτῷ
1121 3851 1505 3926 νοσοῦντες
1542 3843 1879 3941 ἐκτόπως,
1919 3845 2201 3929 δικαίως
2237 3843 2624 3924 ἀκούουσιν
2658 3844 2890 3949 Ὑμεῖς
2928 3845 3019 3926 ἐκ

598 3969 710 4049 τοῦ
759 3966 1016 4076 πατρὶς
1066 3969 1177 4047 τοῧ
1228 3962 1561 4059 διαβόλου
1607 3964 1756 4046 ἐστὲ
1811 3976 1928 4047 καὶ
1989 3966 2116 4056 ulf
2168 3966 2529 4074 ἐπιθυμίαις
2585 3970 2696 4049 τοῦ
2743 3969 3019 4076 πατρὶς

599 4089 777 4195 ὁμοῖν
821 4089 1041 4171 θέλετε
1088 4094 1310 4171 ποιεῖν·
1381 4091 1617 4175 ἐκεῖνος
1663 4088 2184 4197 ἀνθρωποκτόνος
2229 4085 2295 4185 ἧν
2339 4097 2469 4171 ἀπ’
2508 4090 2726 4197 ἀρχῆς
2778 4102 2900 4172 καὶ
2956 4094 3021 4174 ἐν
3050 4120 3140 4177 30

598 4216 678 4324 τῇ
728 4212 1012 4324 ἀληθεία
1071 4218 1194 4314 οὐχ
1252 4210 1519 4308 ἕστηκεν
1566 4215 1664 4294 ’ότι
1720 4219 1838 4296 οὐκ
1899 4217 2068 4296 ἔστιν
2115 4211 2396 4309 ἀλήθεια
2453 4216 2513 4296 ἐν
2564 4221 2770 4324 αὐτῷ·
2851 4218 3022 4299 ’ότοιν

669 4436 722 4488 8.
740 4431 1061 4558 προσὴμσθη
1072 4432 1135 4487 Β.
1160 4430 1439 4503 προσήχθη
1469 4432 1651 4486 Holst.
1680 4431 1784 4487 Ed.
2005 4450 2087 4505 1.9
2125 4433 2367 4490 Ἰουδαῖοι
2390 4452 2439 4489 8.
2471 4434 3020 4504 Ηι.Ε(1.ηῖουδαῖοι

826 4504 923 4557 ort
967 4504 1016 4556 οἱ
1042 4504 1306 4558 ἷουδιιῖοι”
1336 4503 1535 4574 Heyse.
1645 4503 1831 4573 φιλιας
1854 4521 1903 4556 a.
2133 4521 2219 4561 20.
2255 4506 2471 4579 παραδῷ
2500 4506 2564 4561 Β.
2587 4528 2660 4561 πα
2660 4507 2877 4576 ραδῶσῃ
2907 4508 3020 4567 Ht.

597 4575 701 4630 Ed.
728 4574 925 4629 desunt
950 4573 1078 4628 haec
1103 4573 1301 4628 verba
1287 4591 1343 4627 m
1367 4590 1416 4627 8.
1564 4589 1649 4643 23.
1687 4571 2064 4645 διεχειρίσαντο
2088 4593 2137 4630 8.
2283 4593 2372 4644 24.
2408 4575 2439 4646 ἢ
2468 4575 2533 4632 Β.
2559 4577 2609 4630 οἷ
2639 4576 2736 4632 Ht.
2765 4576 2872 4633 Ed.
