3238 5158
648 306 778 368 452
1257 303 1338 369 B.
1383 301 1798 367 CYRILLI
1858 302 2434 368 ALEXANDR.
2805 304 2955 367 xiv.
2987 322 3097 367 11.

657 467 1079 566 Πνεύματος
1150 468 1836 573 προκεκηρυγμένων
1899 471 2349 567 ἐμπαικτῶν·
2329 531 2352 567 ,
2431 470 2510 548 τί
2574 468 2724 573 γὰρ
2793 469 3100 552 Ἰούδας

317 588 549 719 {ffJ‘
654 594 824 693 ἡμῖν
859 588 1272 674 ἐπιστελλει
1311 600 1438 673 τοῦ
1475 595 1898 696 Σωτῆρος“
1863 629 1905 673 ο
1949 591 2322 695 μαθητής·
2302 657 2323 690 ,
2383 604 2428 643 “
2452 594 2700 694 Ὑμεῖς
2737 593 2846 691 δε,
2889 596 3091 695 ἀγα-

655 717 976 815 “πητοὶ,
1015 714 1389 817 μνήσθητε
1425 722 1573 797 τῶν
1606 714 1949 823 ῥημάτων
1981 724 2130 798 τῶν
2162 718 2699 821 προειρημένων
2737 716 2892 799 ὑπο
2936 723 3096 798 τῶν

655 849 700 887 “
733 838 1175 922 ἀποστόλων
1207 849 1337 921 τοῦ
1386 842 1660 944 Κυρίου
1708 841 1913 941 ἡμῶν
1944 841 2196 942 Ἰησοῦ
2246 847 2600 945 Χριστοῦ,
2639 841 2756 922 ὅτι
2811 839 3095 944 ἔλεγον

653 973 698 1012 ‘⁴
735 965 901 1063 ὑμῖν
960 963 1070 1045 ὅτι
1128 966 1237 1046 ἐπ’
1294 964 1613 1071 ἐσχάτου
1678 974 1810 1046 τοῦ
1869 967 2136 1072 χρόνου
2199 965 2624 1046 ἐλεύσονται
2679 966 3092 1065 ἐμπαῖκται
3115 994 3146 1052 5
3215 956 3216 963 ¹

655 1096 699 1135 ‘⁶
735 1086 921 1167 κατὰ
981 1085 1111 1173 τὰς
1174 1092 1445 1169 ἑαυτῶν
1501 1089 1877 1188 ἐπιθυμίας
1940 1089 2404 1195 πορευόμενα
2467 1096 2615 1170 τῶν
2647 1091 3087 1241 ‹ie-efflavi».

584 1211 630 1277 d
656 1220 700 1260 “
734 1212 936 1292 ουτοί
966 1246 1152 1292 εισιν
1179 1216 1245 1292 οἱ
1279 1210 1867 1315 ἀποδιοριζοντες,
1895 1217 2216 1321 ψυχικοὶ,
2244 1220 2543 1314 Πνεῦμα
2575 1212 2678 1313 μὴ
2715 1212 3086 1319 ἕχοντες.”

653 1336 879 1420 οὐδεὶς
914 1334 1046 1435 μὲν
1080 1334 1227 1440 γὰρ
1260 1335 1347 1416 τὸ
1390 1336 1740 1439 παράπαν
1775 1338 2010 1446 Αγίῳ
2051 1337 2420 1437 Πνεύματι
2470 1344 2751 1437 λαλῶν,
2789 1347 3098 1442 κατερεῖ

652 1492 724 1539 τι
777 1464 907 1559 τῆς
959 1460 1180 1568 δόξης
1233 1468 1364 1540 τοῦ
1420 1466 1912 1564 Μονογενοῦς.
2010 1470 2224 1543 τοῦτο
2281 1462 2429 1566 γὰρ
2484 1459 2668 1543 εἶναι’
2728 1469 2938 1569 φημι
2997 1498 3088 1544 το

653 1584 896 1687 λέγειν
931 1594 976 1632 “
1001 1584 1371 1683 Ἀνάθεμα
1406 1584 1769 1684 ’Ῑησοῦς.”
1828 1586 2081 1690 ἄνδρες
2117 1585 2196 1667 δὲ
2242 1590 2549 1696 ψυχικοὶ
2597 1591 2717 1667 καὶ
2767 1590 3086 1668 δείλαιοι
3113 1622 3164 1662 ιο

652 1711 772 1788 καὶ
842 1717 973 1789 τοῦ
1033 1708 1293 1810 Ἀγίου
1358 1707 1781 1809 Πνεύματος
1855 1709 2126 1816 ἐρήμην
2188 1711 2470 1816 ἔχοντες
2531 1710 2666 1810 τὴν
2729 1712 3078 1813 καρδίαν,

648 1830 1179 1935 ἀποδιορίζὸυσι
1243 1839 1372 1913 τοῦ
1434 1832 1730 1935 Πατρὸς
1804 1831 1935 1916 τὸν
1994 1834 2199 1932 Yam,
2258 1835 2573 1935 οὐσιῶδη
2648 1835 3085 1939 φάσκοντες

648 1959 835 2062 ἔχειν
889 1955 1109 2037 αὐτὸν
1165 1955 1297 2055 τὴν
1352 1954 1731 2056 διακοπὴν,
1784 1957 2112 2061 καθάπερ
2169 1955 2420 2056 ἀμέλει
2475 1957 2569 2040 τὰ
2621 1959 2903 2062 γενητὰ
2957 1964 3082 2040 καὶ

645 2090 793 2161 τῶν
836 2082 1006 2183 παρ’
1053 2081 1273 2162 αὐτοῦ
1327 2082 1827 2182 πεποιημένων
1875 2083 2210 2182 ἕκαστον,
2257 2080 2442 2164 εἶναί
2486 2117 2567 2164 τε
2625 2084 2814 2163 οὕτω
2880 2090 3076 2189 φρο-

648 2214 934 2291 νοῦντες
970 2203 1190 2287 αὐτὸν
1219 2207 1296 2286 ἐν
1333 2209 1593 2308 Πατρὶ,
1636 2204 1964 2310 καθάπερ
2004 2207 2207 2307 ἡμεῖς
2241 2210 2318 2288 ἐν
2351 2209 2571 2315 αὐτῷ.
3107 2230 3160 2287 ¹5

747 2328 928 2412 Ὅτι
981 2329 1059 2412 δε
1112 2334 1241 2431 τῆς
1294 2335 1393 2414 εἶς
1449 2328 1672 2432 ἄκρον
1727 2332 2036 2429 ἀμαθίας
2097 2332 2273 2413 εἴσω
2331 2331 2701 2433 βεβήκασι
2764 2340 3079 2413 τοιαῦτα

587 2491 624 2535 e
647 2452 955 2562 γράφειν
1011 2452 1535 2556 τολμήσαντες,
1594 2454 1770 2562 φέρε
1834 2454 2035 2558 παρὰ
2100 2460 2228 2555 τῆς
2290 2457 2481 2540 θείας
2541 2459 2835 2561 γραφῆς
2901 2463 3070 2537 δια-

647 2578 1125 2680 σκεπτῶμεθα
1197 2577 1446 2679 πάλιν,
1506 2582 1602 2664 ὡς
1677 2579 1882 2659 ε”στιν
1958 2579 2273 2688 ἐφικτὸν,
2337 2582 2688 2688 ἐπιδειξαί
2754 2615 2835 2660 τε
2919 2588 3072 2666 τοῖς

646 2706 1118 2807 ἀκροωμένοις
1152 2700 1794 2803 οπουδάσωμεν,
1749 2738 1847 2788 ως
1881 2703 2136 2808 ἑτέρως
2171 2704 2302 2805 μὲν
2336 2706 2534 2805 ἡμεῖς
2581 2707 2805 2804 ἐσμεν
2841 2707 2929 2784 ἐν
2965 2711 3072 2813 τῷ

645 2834 823 2937 Υὶῷ,
861 2830 1181 2931 ἑτεροίως
1230 2825 1460 2932 γεμὴν
1496 2830 1538 2909 ὁ
1574 2827 1755 2914 Υἱὸς
1797 2830 1875 2908 ἐν
1919 2835 2024 2938 τῷ
2060 2829 2213 2938 ἰδίῳ
2251 2832 2513 2933 Πατρί.
2593 2831 2678 2910 οῦ
2713 2827 2868 2931 γὰρ
2910 2838 3070 2913 ταῖς
3094 2870 3152 2910 20

646 2952 831 3033 κατὰ
880 2952 1188 3054 θέλησιν
1237 2956 1521 3057 ἀρεταῖς
1574 2950 1759 3056 πρὸς
1811 2951 2032 3034 αὐτὸν
2078 2954 2601 3062 μορφούμενος,
2639 2953 2852 3034 εἰκών
2905 2958 3066 3035 ἐστι

645 3080 773 3176 τῆς
829 3074 1304 3162 ὑποστάσεως
1360 3078 1598 3176 αὐτοῦ,
1647 3074 1766 3156 διά
1811 3110 1890 3157 τε
1946 3077 2164 3158 τοῦτό
2218 3081 2422 3158 ἐστιν
2471 3081 2547 3158 ἐν
2595 3079 2817 3186 αὐτῷ·
2885 3080 3063 3159 ἀλλ’

648 3204 746 3287 ὡς
792 3203 870 3282 ἐν
917 3200 1295 3303 ταυτότητι
1345 3206 1626 3309 φυσικῇ
1675 3205 1794 3282 καὶ
1847 3204 1947 3286 ὡς
1994 3201 2168 3301 μίαν
2210 3201 2397 3307 ἔχων
2435 3200 2621 3305 πρὸς
2669 3199 2896 3283 αὐτὸν
2931 3202 3065 3303 τὴν

308 3345 445 3402 ’199
464 3342 543 3401 Δ.
589 3360 625 3401 a
650 3327 930 3407 οὐσίαν·
994 3325 1497 3428 εἰσκεκλήσθω
1546 3324 1623 3406 δὲ
1671 3324 1946 3429 μάρτυς
1998 3326 2168 3427 ἡμῖν
2206 3328 2322 3408 ἐπὶ
2371 3327 2648 3411 τούτοις
2696 3326 2738 3405 ὃ
2788 3327 3058 3434 σοφώ-

308 3465 344 3569 1¹.
351 3454 550 3583 ssa-Iona.
648 3486 863 3537 τατος
898 3450 1257 3552 Ἰωάννης,
1295 3450 1537 3553 λέγων
1573 3460 1617 3499 “
1647 3453 1798 3530 Καὶ
1834 3450 1879 3550 ἦ
1918 3450 2250 3531 κοινωνία
2303 3448 2379 3530 δὲ
2428 3451 2473 3549 ἡ
2521 3450 2829 3553 ἡμετέρα
2879 3449 3063 3547 μετὰ
3089 3487 3151 3546 25

649 3587 693 3626 “
730 3585 858 3657 τοῦ
917 3575 1210 3678 Πατρὸς
1265 3577 1383 3654 καὶ
1439 3573 1622 3673 μετὰ
1674 3582 1805 3654 τοῦ
1855 3579 2039 3654 Υἶοῦ
2097 3575 2320 3654 αὐτοῦ
2355 3576 2604 3676 Ἰησοῦ
2646 3576 3058 3677 Χριστοῦ·”

644 3708 801 3786 πῶς
864 3702 992 3779 οὖν
1056 3698 1197 3800 ἄρα
1261 3700 1515 3805 φασὶν,
1580 3695 1629 3797 ἢ
1697 3696 1881 3778 κατὰ
1943 3698 2104 3778 τίνα
2170 3699 2722 3804 διισχυρίζὸνται
2798 3704 3060 3803 χρῆναι

643 3827 938 3927 τρόπον,
975 3821 1107 3921 τὴν
1144 3821 1515 3903 κοινωνίαν
1551 3821 1741 3922 ἡμᾶς
1785 3821 1972 3923 μετὰ
2018 3831 2148 3903 τοῦ
2187 3822 2480 3927 Πατρὸς
2529 3826 2648 3904 καὶ
2694 3822 2882 3923 μετὰ
2931 3833 3060 3905 τοῦ

645 3953 827 4028 Υἱοῦ
873 3949 1092 4028 αὐτοῦ
1127 3948 1375 4047 Ἰησοῦ
1411 3952 1791 4050 Χριστοῦ·
1769 4008 1793 4043 ,
1856 3952 1917 4027 εἱ
1968 3944 2101 4046 μὲν
2135 3946 2283 4050 γὰρ
2327 3946 2461 4046 τὴν
2508 3947 2767 4027 οὐσίαν
2804 3944 3060 4052 ’ὥσπερ

644 4068 778 4170 τὴν
814 4072 1085 4152 ἑαυτῶν
1120 4069 1676 4173 ἀναμιγνύοντες
1711 4076 1802 4176 τῇ
1841 4072 1994 4178 θείᾳ
2031 4070 2275 4178 φύσει,
2313 4070 2471 4171 ἤτοι
2513 4076 2617 4178 τῷ
2657 4074 2904 4175 Πατρὶ
2943 4106 3058 4153 και
3084 4099 3144 4160 30

646 4200 747 4302 τῷ
799 4199 977 4303 Υιῷ,
1036 4196 1113 4276 ἐν
1174 4197 1412 4280 αὐτοῖς
1484 4191 1663 4276 εἶναι
1729 4194 2102 4294 νοούμεθα,
2160 4197 2279 4275 καὶ
2345 4196 2506 4301 ουχὶ
2572 4202 2873 4296 μᾶλλον
2930 4201 3060 4297 τῆς

318 1573 477 1652 ¹9⁰¹·

311 1654 400 1689 ιιι.
428 1653 474 1704 3.

719 4433 800 4472 10.
840 4415 1029 4471 δεοω.
1056 4417 1120 4472 Ε.
1341 4432 1424 4489 15.
1461 4417 1698 4487 ἦμεῖςΕ.
1725 4414 1983 4485 ἧμᾶςΕὰ.
2184 4432 2252 4486 23
2217 4432 2270 4486 3.
2307 4415 2557 4479 αὖτὴνΕ.
2767 4416 2967 4509 26-29.
3001 4419 3054 4474 A

640 4487 971 4616 ξέἐτσᾶζῦέἓ
990 4492 1222 4558 Χριστοῦ
1247 4489 1482 4544 transilit
1505 4488 1570 4544 E.
1788 4485 2266 4559 &Legendumne
2290 4486 2468 4556 ἦμῶνὲ
2653 4503 2744 4559 31.
2782 4489 2964 4547 αὐτοῖς
2987 4490 3051 4546 E.
