3238 5158
648 309 780 373 478
1258 308 1337 372 Β.
1384 305 1800 373 CYRILLI
1858 308 2441 374 ALEXANDR.
2798 310 2938 375 xiv.
2967 328 3064 376 20.

649 474 862 579 φησὶ,
895 471 1026 557 τὰς
1060 473 1358 558 ἐντολάς
1392 509 1533 573 μου
1565 473 1890 578 τηρήσει.
1960 474 2134 556 πότε
2173 474 2319 581 γὰρ
2352 475 2486 577 τὴν
2519 475 2716 557 θείαν
2751 475 3071 575 ἐντολὴν

649 596 1083 700 τηρήσομεν,
1108 603 1206 683 εἷς
1243 597 1328 679 τὸ
1363 597 1599 703 παρὸν
1636 599 2187 702 ἀλογήσαντες;
2232 599 2350 681 ὅτε
2388 601 2628 681 τοίνυν
2664 610 3074 682 πιστεῦσαι

648 718 780 816 μὲν
815 719 1042 827 ἀξιον,
1080 721 1189 802 ὅτι
1229 730 1435 829 φιλεῖ
1465 725 1506 802 5
1544 722 1723 808 Υἱὸς
1759 721 1891 803 τὸν
1926 723 2243 828 Πατέρα,
2281 726 2534 832 ἀγαπᾷ
2581 725 2659 805 δὲ
2704 727 2910 826 ἡμᾶς
2959 728 3074 804 καὶ

588 870 627 916 0
647 842 817 946 παρ’
855 846 1057 944 ἡμῶν
1105 848 1492 951 ἀγαπᾶται,
1528 854 1683 931 πῶς
1740 849 1871 927 οὐκ
1925 847 2331 929 ἀκόλουθον
2377 852 2658 946 ἐννοεῖν,
2696 848 2961 953 ἕτερόν
3008 883 3076 928 τι

645 976 1181 1064 βεβουλεῦσθαι
1239 976 1745 1072 κατασημῆναι
1798 972 1927 1052 τὸν
1961 972 2161 1071 Υἱὸν,
2207 976 2324 1052 καὶ
2373 971 2502 1054 τὸν
2550 978 2675 1073 τῆς
2726 975 3072 1057 ἑνώσεως
3095 1002 3125 1060 5

645 1093 918 1194 τρόπον
966 1096 1050 1176 οὖ
1094 1102 1199 1204 τῷ
1251 1101 1378 1197 τῆς
1429 1094 1718 1201 ἀγάπης
1766 1096 2125 1201 ὁρίζεσθαι
2170 1096 2388 1205 νόμῳ,
2425 1105 2719 1196 μᾶλλον
2757 1098 2848 1177 δὲ
2902 1101 3069 1179 καθ’

645 1216 887 1321 ἕτερόν
937 1255 1100 1301 τινα
1153 1218 1425 1323 τρόπον
1473 1221 2028 1319 εἰσκεκομικέναι
2080 1227 2369 1327 σαφῶς,
2412 1220 2586 1302 ὅταν
2630 1222 2830 1328 λε’γῃ
2891 1222 3072 1326 πρὸς

645 1345 830 1444 ἡμᾶς
851 1349 964 1425 Ἐν
1000 1344 1202 1459 ἐκείνῃ
1242 1348 1320 1454 τῇ
1352 1342 1561 1456 ἡμέρα
1593 1343 1928 1447 γνώσεσθε
1963 1343 2057 1424 ’ὄτι
2096 1344 2235 1449 ἐγὼ
2271 1346 2330 1426 ἐν
2365 1355 2459 1454 τῷ
2500 1353 2721 1455 Πατρί
2754 1383 2910 1452 μου
2949 1351 3067 1428 καὶ

645 1473 835 1574 ὑμεῖς
873 1469 932 1550 ἔν
970 1471 1114 1576 ἐμοὶ
1160 1466 1364 1573 κάγὼ
1401 1472 1461 1551 ἐν
1499 1473 1692 1575 ὁρῶς

756 1591 976 1673 Ἀλλ’
1015 1595 1161 1698 ἐρεῖ
1198 1593 1382 1697 πρὸς
1428 1602 1644 1674 τοῦτο
1693 1591 1915 1697 τυχὸν
1960 1595 2000 1673 5
2056 1593 2141 1673 δι’
2181 1593 2523 1688 ἐναντίας,
2569 1592 2676 1672 ὅτι
2725 1594 2891 1697 πρὸ
2941 1592 3067 1693 μὲν
3093 1629 3146 1670 ιο

645 1727 773 1799 τοῦ
810 1717 1084 1803 πάθους
1121 1717 1213 1800 τὰ
1248 1727 1542 1799 τοιαῦτα
1578 1714 1763 1820 πρὸς
1801 1717 1987 1816 ἡμᾶς
2032 1714 2440 1816 λελάληκεν
2475 1719 2516 1796 5
2551 1716 2932 1821 Χριστὸς,
2975 1721 3066 1802 ὡς

646 1846 898 1949 ἀγαπᾷ
951 1841 1082 1942 μὲν
1136 1842 1350 1927 αὐτὸς
1404 1841 1533 1923 τὸν
1583 1842 1877 1946 Πατέρα
1942 1844 2059 1921 καὶ
2120 1843 2618 1944 ἀνταγαπᾶται
2664 1842 2884 1943 παρὰ
2943 1849 3067 1921 τοῦ

575 1977 620 2044 d
650 1967 963 2068 Πατρὸς,
1001 1969 1254 2074 ἀγαπᾷ
1289 1964 1366 2048 δὲ
1402 1972 1520 2047 καὶ
1556 1967 1743 2067 ἡμᾶς
1781 1968 1897 2045 καὶ
1941 1965 2140 2065 ἡμεῖς
2182 1964 2425 2045 αὐτόν·
2486 1964 2669 2064 μετὰ
2713 1967 2804 2045 δέ
2844 2002 2936 2070 γε
2983 1964 3062 2046 τὸ

644 2089 879 2174 πάθος
915 2096 1033 2172 καὶ
1072 2093 1206 2192 τὴν
1238 2097 1316 2173 ἐκ
1356 2100 1624 2197 νεκρῶν
1661 2092 2088 2193 ἀναβίωσιν,
2125 2094 2413 2198 ἐπείπερ
2450 2093 2722 2193 εἴδομεν
2763 2093 3054 2200 διαῤῥή-

645 2215 875 2322 ξαντα
912 2214 1004 2295 τά
1053 2225 1182 2297 τοῦ
1235 2216 1547 2298 θανάτου
1590 2217 1849 2318 δεσμὰ,
1886 2217 2294 2320 ἐγνώκαμεν
2328 2219 2424 2298 ’ὅτι
2460 2218 2520 2299 ἐν
2560 2222 2786 2326 Πατρί
2820 2223 3054 2313 ἐστιν,
3085 2251 3138 2308 15

646 2340 770 2421 ἅτε
808 2338 896 2439 δὴ
935 2346 1052 2422 καὶ
1085 2342 1579 2445 ἀγαπώμενος,
1612 2339 1731 2423 διά
1766 2377 1841 2423 τε
1879 2350 2095 2423 τοῦτο
2131 2345 2250 2422 καὶ
2286 2341 2610 2427 ἀναστὰς
2643 2344 2720 2422 ἐκ
2756 2350 3051 2448 νεκρῶν.

647 2462 766 2545 διὰ
819 2475 1031 2547 τοῦτο
1087 2470 1204 2548 καὶ
1254 2466 1467 2551 αὐτὸς
1522 2469 1600 2548 ε’ν
1651 2467 1822 2568 ἡμῖν
1872 2469 1998 2548 καὶ·
2045 2467 2244 2573 ἡμεῖς
2298 2471 2374 2547 ἐν
2424 2468 2639 2575 αὐτῷ,
2685 2468 2884 2548 κατὰ
2938 2466 3058 2549 τὸν

646 2590 863 2672 αὐτὸν
900 2598 1030 2693 τῆς
1062 2592 1349 2697 ἀγάπης
1387 2594 1638 2696 λόγον.

756 2715 1029 2815 Ἡμεῖς
1060 2719 1135 2799 δὲ
1184 2716 1364 2820 πρὸς
1400 2716 1614 2798 τοῦτό
1666 2724 1906 2822 φαμεν
1945 2715 2311 2796 Μάλιστα
2346 2713 2478 2815 μὲν
2514 2717 2856 2819 ληρώδης
2898 2720 3054 2815 ὑμῖν

646 2845 764 2922 καὶ
808 2841 1154 2928 ἀσύνετος
1201 2848 1576 2925 παντελῶς
1628 2844 1745 2922 καὶ
1795 2839 1913 2921 διὰ
1960 2847 2260 2944 σαθρῶν
2296 2836 2441 2920 εἶσι
2477 2839 2726 2942 λόγων
2761 2842 2810 2941 ἡ
2851 2843 3019 2922 ἀντί
3022 2887 3049 2901 ·
3077 2866 3131 2908 ²0

646 2973 865 3052 θεσις.
941 2965 1166 3068 πλὴν,
1204 2963 1263 3046 ὦ
1298 2972 1635 3070 γενναῖοι,
1674 2965 2183 3071 διασκέψασθε
2220 2964 2448 3045 πάλιν
2484 2963 2594 3044 ὅτι
2629 2964 2772 3068 πρὸ
2810 2971 2950 3068 τῆς
2982 2968 3054 3044 ἐκ

585 3127 621 3170 e
646 3099 914 3194 νεκρῶν
962 3091 1437 3175 ἀναστάσεως
1487 3088 1667 3194 ὅπερ
1718 3088 2033 3193 ἔγνωμεν
2082 3090 2393 3190 ἀληθῶς,
2431 3089 2563 3168 οὐκ
2611 3089 2751 3169 ἔδει
2799 3097 3054 3189 μαθεῖν

642 3216 826 3316 μετὰ
879 3215 1013 3317 τὴν
1064 3214 1496 3297 ἀνάστασιν.
1580 3220 1641 3295 εἶ
1696 3211 1830 3312 μὲν
1878 3213 2024 3316 γὰρ
2078 3215 2354 3302 ἀτελῶς
2406 3213 2882 3312 ἐπιστεύομεν
2935 3213 3054 3296 τὸν

643 3338 822 3420 Υὶὸν
868 3344 1293 3444 ἀγαπᾶσθαι
1329 3338 1461 3439 μὲν
1495 3336 1696 3443 παρὰ
1742 3346 1874 3418 τοῦ
1927 3338 2106 3418 ἰδίου
2146 3335 2460 3439 Πατρὸς,
2493 3340 2785 3441 ἀγαπᾶν
2823 3339 2907 3419 δὲ
2944 3342 3051 3419 καὶ

643 3463 863 3546 αὐτὸν
907 3466 1034 3545 τὸν
1074 3465 1391 3569 Πατέρα,
1430 3463 1825 3569 περιμένειν
1878 3462 2102 3546 ὅντως
2156 3463 2375 3566 ἐχρῆν
2423 3462 2558 3562 τὴν
2609 3460 3046 3558 ἀνάστασιν,
3075 3489 3131 3549 25

641 3589 758 3669 ἵνα
795 3594 923 3690 τῆς
961 3589 1303 3692 γνώσεως
1340 3589 1613 3694 ἔχωμεν
1648 3589 1908 3667 ἐκεῖθεν
1944 3584 2076 3686 τὴν
2112 3584 2552 3686 τελειότητα.
2632 3591 2691 3666 εὶ
2729 3588 2805 3667 δὲ
2846 3588 3044 3696 ἀξιό-

301 3714 550 3846 Ξξξζξὼ·
641 3749 903 3798 πιστος
961 3717 1000 3794 5
1060 3710 1318 3816 Πατὴρ
1376 3716 1495 3791 καὶ
1546 3710 1693 3813 πρὸ
1747 3716 1876 3811 τῆς
1932 3708 2408 3795 ἀναστάσεως
2469 3709 2707 3812 λε’γων
2745 3722 2788 3759 “
2816 3709 3052 3795 Αὐτός

644 3849 687 3887 “
723 3841 924 3920 ἐστιν
975 3840 1016 3918 5
1060 3836 1235 3922 Υἱός
1285 3870 1425 3934 μου
1476 3836 1517 3913 5
1572 3831 2007 3937 ἀγαπητὸς,”
2049 3833 2381 3933 ἀληθεύει
2439 3834 2515 3913 δὲ
2570 3838 2688 3914 καὶ
2743 3836 2963 3922 αὐτὸς
3012 3835 3050 3912 5

301 3959 482 4088 {Rp}
644 3962 901 4067 Σωτὴρ
975 3961 1217 4063 λέγων
1271 3971 1316 4009 “
1349 3963 1447 4041 ‘O
1520 3959 1781 4062 Πατὴρ
1856 3962 2109 4064 ἀγαπᾷ
2167 3957 2295 4039 τὸν
2349 3958 2601 4039 Υὶόν·”
2670 3961 2711 4039 5
2777 3959 2857 4040 δὲ
2926 3964 3050 4061 τῆς

304 4073 429 4166 8Ιὲ
446 4109 529 4168 Δ.
578 4124 616 4164 a
640 4088 931 4190 ἀγάπης
966 4085 1190 4189 λόγος
1240 4089 1316 4167 ἐν
1350 4088 1441 4192 τῇ
1480 4083 1667 4165 κατὰ
1701 4090 1849 4165 πᾶν
1886 4082 2280 4183 τελειότητι
2317 4090 2576 4163 νοεῖται
2609 4080 3047 4187 πρεπόντως,
3068 4106 3127 4167 3ο

639 4213 714 4294 τί
747 4210 1159 4319 φληνάφως
1197 4212 1382 4312 ἡμᾶς
1419 4214 1915 4313 κατακροτεῖτε
1954 4206 2249 4310 λόγοις;
2307 4207 2384 4286 τί
2415 4205 2491 4287 δὲ
2541 4207 2627 4289 τὸ
2676 4211 2807 4307 τῆς
2860 4211 3041 4309 ἀλη-

640 4339 833 4424 θείας
887 4337 1427 4441 παρωθοόμενοι
1483 4333 1783 4429 κάλλος,
1828 4332 1914 4411 τὸ
1969 4329 2290 4416 δυσειδὲς
2344 4331 2514 4432 ἡμῖν
2558 4331 3046 4414 ἀναπλάττετε

858 4583 940 4634 19.
980 4567 1037 4620 δὲ
1064 4583 1160 4636 pro
1183 4566 1277 4633 μὲν
1302 4565 1366 4620 Ε.
1752 4561 1836 4616 26.
1876 4561 2069 4617 ἐκεῖθεν
2091 4562 2292 4631 ἔχωμεν
2314 4562 2529 4616 inverso
2553 4559 2740 4615 ordine
2767 4561 2833 4616 E.
