3238 5158
222 332 352 397 xiv.
382 351 486 420 23.
825 334 941 401 IN
1000 337 1066 403 S.
1116 336 1632 403 JOANNEM.
1724 337 1914 404 LIB.
1962 337 2047 402 X.
2498 336 2630 400 49⁷

225 496 436 582 Θεός·
498 503 566 579 οὶ
610 497 689 581 δὲ
734 499 855 582 διὰ
888 498 1134 603 πάσης
1169 506 1425 606 ἀρετῆς
1454 500 1584 585 τὸν
1617 507 1873 583 οἰκεῖον
1909 500 2630 604 καταλαμπρύνοντες
2654 514 2700 579 d

225 628 418 721 νοῦν,
451 621 731 728 ἔχοντές
778 660 856 706 τε
905 625 1046 727 ἤδη
1094 625 1279 731 πρὸς
1325 623 1412 708 τὸ
1463 626 1846 728 μανθάνειν
1880 626 2287 726 ἐπιτηδείως
2336 622 2429 704 τὰ
2476 623 2633 705 θεῖά

223 778 302 824 τε
357 749 474 827 καὶ
531 749 978 853 κεκρυμμένα
1032 748 1418 853 μυστήρια,
1467 749 1600 851 τὴν
1649 749 1767 831 διὰ
1818 758 1950 831 τοῦ
2003 748 2426 849 Πνεύματος
2483 746 2625 848 λή-

221 873 492 975 ψονται
557 875 966 981 δᾳδουχίαν,
1022 878 1143 955 καὶ
1196 871 1416 956 αὐτὸν
1469 877 1545 955 ἐν
1597 876 1871 960 ἑαυτοῖς
1923 872 2441 955 ε’ναυλισθέντα
2502 869 2631 952 τὸν

145 1003 188 1065 5
230 995 503 1099 Κύρων
537 1005 688 1083 τοῖς
740 1002 870 1098 τῆς
917 1001 1227 1083 διανοίας
1277 997 1824 1102 ἐπαθρήσουσιν
1858 1000 2289 1108 ὀφθαλμοῖς.
2375 998 2631 1078 οὐκοῦν

225 1119 311 1197 οὐ
345 1119 546 1221 κοινὴ
580 1128 731 1206 τοῖς
765 1121 1025 1207 ἄλλοις
1058 1128 1206 1203 τῶν
1241 1123 1469 1225 ἁγίων
1504 1123 1549 1223 ἡ
1586 1129 1881 1226 γνῶσις,
1919 1124 2088 1202 ἀλλ’
2125 1121 2481 1226 ἐξαίρετός
2523 1156 2632 1206 τις

225 1245 343 1322 καὶ
397 1245 830 1348 διωρισμένη
884 1248 1004 1327 καὶ
1056 1244 1352 1347 πολλὴν
1393 1244 1669 1353 ἔχουσα
1720 1245 1854 1347 τὴν
1904 1245 2282 1354 διαφοράν.
2364 1249 2641 1354 ὠφελεῖ

226 1377 610 1471 τοιγαροῦν
646 1369 764 1451 διὰ
812 1368 1085 1455 παντὸς
1134 1371 1322 1472 ἡμᾶς
1372 1368 1606 1475 λόγου
1653 1405 1732 1452 τε
1787 1373 1906 1451 καὶ
1957 1367 2230 1474 τρόπου
2274 1368 2623 1474 Χριστός.

0 1597 10 1614 Ι
222 1497 513 1594 πρῶτον
553 1492 687 1595 μὲν
734 1492 900 1598 γὰρ,
943 1495 1052 1580 τίς
1107 1496 1150 1574 5
1204 1495 1424 1576 αὐτον
1476 1496 1785 1598 ἀγαπῶν
1837 1495 1914 1574 εὖ
1964 1493 2171 1594 μάλα
2225 1494 2688 1598 διορίζεται,ο

0 1619 11 1728 ‘b
110 1644 196 1685 10
228 1612 497 1701 δεικνὺς
545 1652 643 1703 ως
688 1653 774 1720 γε
820 1653 946 1720 μοι
993 1620 1325 1770 φαίνεται
1370 1653 1489 1699 και
1540 1626 1726 1699 νοεῖν
1763 1617 2039 1700 ἔπεισιν
2073 1619 2325 1721 ὀρθῶς,
2362 1621 2458 1703 ὡς
2495 1619 2634 1723 οὐχ

222 1735 504 1820 ἅπασιν
554 1742 823 1850 ἐφεῖται
888 1750 1145 1839 λαβεῖν
1197 1742 1332 1843 τὴν
1383 1750 1516 1823 τοῦ
1572 1741 2024 1848 χαρίεν-ματος
2078 1740 2398 1842 δυναμιν,
2454 1742 2626 1822 ἀλλ’

224 1862 582 1969 οἷσπερ
538 1900 628 1946 αν
669 1864 1075 1972 ἐνυπάρχον
1125 1869 1358 1976 ὁρῷτο
1415 1865 1500 1947 τὸ
1555 1870 1686 1966 τῆς
1737 1869 1836 1951 εἷς
1889 1865 2109 1947 αὐτὸν
2155 1865 2632 1970 γνησιότητος

222 1988 562 2094 καύχημα
598 1988 715 2071 διὰ
749 1999 879 2071 τοῦ
912 1994 1227 2096 τηρῆσαι
1260 1989 1391 2076 τὰς
1426 1987 1750 2075 ε’ντολάς.

340 2110 530 2194 Εἶτα
562 2115 726 2195 τίνα
760 2114 1033 2219 τρόπον
1069 2117 1309 2201 αὐτοῖς
1345 2112 1770 2222 ἐπιλάμψει,
1803 2119 1961 2198 πῶς
2009 2111 2086 2195 δὲ
2134 2114 2372 2200 αὐτοῖς
2407 2116 2623 2218 ε’γκα-

109 2268 136 2308 1
149 2263 190 2325 5
223 2237 784 2339 τοικισθήσεται,
807 2238 1035 2342 λέγει·
1070 2242 1462 2343 Ἀγαιπῆσ-ιι
1498 2238 1645 2342 γὰρ
1682 2240 1876 2320 ath-bv
1906 2247 1936 2320 ὁ
1966 2241 2197 2346 Πατήρ
2231 2275 2384 2344 μου,
2411 2237 2625 2346 φησί.

220 2360 613 2463 τετιμηκὼς
667 2360 812 2467 γάρ
868 2399 974 2449 τις
1028 2362 1119 2443 δι’
1164 2364 1549 2447 εὐπειθείας
1603 2368 1732 2464 τῆς
1795 2366 1892 2447 εἷς
1951 2361 2081 2442 τὸν
2125 2360 2308 2443 Υὶὸν
2364 2361 2493 2444 τὸν
2546 2362 2638 2471 ἐξ
2924 2416 2933 2428 ·

223 2484 446 2590 οὗπέρ
517 2488 677 2567 ἐστι
746 2486 1164 2593 γεννήτορα,
1230 2484 1508 2592 καρπὸν
1580 2486 1725 2595 ἕξει
1797 2494 1929 2567 τοῦ
2000 2485 2425 2591 πράγματος
2498 2486 2631 2589 τὴν
2653 2526 2690 2567 a
2743 2513 2865 2570 881
2883 2512 2942 2569 Δ

221 2609 623 2712 ἀγάπησιν.
723 2609 875 2693 εἶτα
941 2614 1019 2694 τί
1072 2611 1160 2693 τὸ
1226 2615 1546 2693 ἐντεῦθεν
1605 2614 1959 2710 ἀνατελεΐ,
2020 2617 2233 2693 ποῖον
2293 2608 2372 2691 δὲ
2437 2612 2632 2720 αὐτῷ

225 2734 594 2836 περιέσται
640 2734 726 2816 τὸ
776 2735 1018 2840 κέρδος
1067 2735 1306 2844 σαφὲς
1345 2735 1698 2820 καθιστάς
1732 2733 2196 2841 Ἐλευσ-ὅμιθαί
2231 2741 2423 2843 φησι
2460 2735 2629 2843 πρὶς

108 2893 198 2934 20
226 2856 419 2939 affor
481 2858 624 2961 ε’γῶ
691 2867 810 2941 καὶ
880 2869 910 2943 ὁ
977 2859 1234 2968 Πατῆρ,
1294 2867 1414 2942 καὶ
1478 2857 1669 2965 μονῆν
1723 2862 1886 2966 παρ’
1941 2864 2124 2968 αὐτῷ
2178 2858 2621 2965 ποιησόμεθα.

222 2981 786 3084 κατοικήσαντος
835 2983 981 3087 γὰρ
1028 2987 1105 3066 ἐν
1141 2985 1309 3084 ἡμῖν
1343 2991 1475 3064 τοῦ
1512 2987 1851 3085 Σωτῆρος
1900 2983 2104 3083 ἡμῶν
2139 2987 2469 3086 Χριστοῦ
2505 2981 2628 3063 διὰ

221 3113 352 3186 τοῦ
386 3107 642 3208 Ἀγίου
687 3107 1127 3208 Πνεύματος,
1162 3106 1510 3189 συνέσται
1564 3105 1799 3208 δήπου
1849 3105 2140 3193 πάντως
2189 3109 2309 3187 καὶ
2356 3109 2399 3189 5
2447 3142 2620 3210 γεν-

221 3227 453 3329 νήσας
489 3230 728 3313 αὖτόν·
781 3238 1083 3332 Πνεῦμα
1117 3231 1262 3336 γὰρ
1298 3232 1418 3313 καὶ
1455 3233 1674 3314 αὐτοῦ
1707 3239 1838 3313 τοῦ
1877 3230 2170 3334 Πατρὸς
2204 3227 2289 3311 τὰ
2325 3235 2625 3330 Πνεῦμα

217 3358 577 3456 Χριστοῦ·
648 3358 766 3437 καὶ
822 3363 1004 3458 γοῦν
1052 3357 1095 3435 5
1142 3354 1532 3442 θεσπέσιος
1578 3361 1883 3441 Παῦλος
1936 3360 2044 3462 πῇ
2097 3352 2229 3455 μὲν
2272 3355 2453 3436 ἰ’διον
2496 3363 2626 3436 τοῦ

102 3486 184 3549 ²5
221 3478 533 3630 Harp59,
576 3485 684 3587 πῇ
738 3478 817 3561 δὲ
868 3487 1001 3561 τοῦ
1043 3483 1228 3560 Υἶοῦ
1281 3478 1367 3560 τὸ
1426 3478 1730 3580 Πνεῦμά
1784 3487 2040 3587 φησιν,
2089 3482 2175 3560 οὐ
2225 3486 2376 3564 τοῖς
2425 3479 2620 3565 ἰδίοις

216 3604 657 3685 ἀντιτάττων
728 3602 1002 3709 λόγοις,
1075 3602 1452 3704 ἀληθεύων
1524 3600 1599 3683 δὲ
1671 3610 1966 3758 μᾶλλον
2028 3605 2194 3686 καθ’
2255 3603 2611 3708 ἑκάτερον·
2637 3635 2680 3699 b

216 3726 365 3832 ἔχει
418 3762 563 3830 γαρ
618 3731 806 3810 οὕτω
859 3735 953 3835 τῇ
1009 3729 1255 3835 φύσει.
1345 3728 1541 3830 λέγει
1592 3729 1831 3809 τοίνυν
1874 3725 2054 3833 πρός
2102 3762 2323 3826 τινας,
2360 3728 2471 3808 ὅτι
2507 3729 2609 3777 ‘⁶
2576 3762 2618 3808 ο
2706 3737 2916 3854 &mu

217 3852 575 3953 “ε’γείρας
638 3849 973 3956 Χριστον
1028 3852 1321 3953 Ἰησοῦν
1382 3853 1461 3932 ἐκ
1533 3857 1802 3955 νεκρῶν
1865 3849 2287 3954 ζωοποιήσει
2348 3854 2465 3932 καὶ
2526 3887 2620 3933 τα

219 3984 265 4021 “
302 3971 532 4073 θνητὰ
585 3974 901 4076 σώματα
964 3977 1184 4076 ὑμῶν,
1242 3974 1359 4057 διὰ
1417 3984 1549 4057 τοῦ
1611 3977 2049 4061 ἐνοικοῦντος
2105 3976 2325 4057 αὐτοῦ
2389 3977 2618 4057 Πνεύ-

94 4123 187 4183 30
216 4106 263 4145 ‘⁶
297 4130 529 4197 ματος
581 4100 657 4179 ἐν
710 4100 936 4199 ὖμῖν,”
993 4097 1148 4180 εἶτα
1209 4097 1435 4181 πάλιν
1472 4109 1517 4147 “
1543 4096 1722 4180 Ὅτι
1778 4097 1864 4178 δέ
1908 4101 2076 4179 ἐστε
2134 4099 2292 4198 υἱοὶ,
2348 4099 2611 4206 ἐξαπέ-
2707 4125 2955 4177 Gratim.

214 4233 260 4271 ‘⁶
296 4231 588 4302 στειλεν
625 4223 666 4302 5
705 4220 894 4308 Θεὸς
930 4221 1017 4304 τὸ
1053 4228 1353 4323 Πνεῦμα
1388 4230 1518 4303 τοῦ
1551 4228 1738 4304 Υἱοῦ
1773 4223 1993 4304 αὐτοῦ
2029 4229 2129 4310 εἷς
2161 4222 2291 4309 τὰς
2329 4224 2619 4327 καρδίας

3 581 23 628 Γ.

1 965 19 1026 ἓ

2 1089 17 1132 ε

0 1851 8 1890 ἶ

287 4512 341 4567 3.
378 4492 685 4565 κεκριμμένα
713 4493 777 4549 Ε.
970 4509 1022 4567 5.
1059 4493 1451 4565 επαθρῆσουσιν
1476 4494 1541 4550 Ε.
1548 4494 1606 4550 F.
1636 4492 1778 4549 Catt.
1805 4493 1906 4549 Ed.
1937 4512 2046 4566 mg.
2073 4493 2487 4565 ἐπαθροίσονσιν
2515 4493 2619 4550 Ed.

221 4565 305 4622 16.
340 4586 419 4622 τις
441 4574 786 4637 assumptum
809 4583 877 4621 ex
902 4566 967 4621 E.
1184 4580 1270 4635 27·
1304 4569 1335 4619 ό
1359 4575 1701 4636 assumptum
1727 4583 1792 4619 ex
1821 4564 1883 4619 E.

304 4665 447 4713 vot..
480 4667 557 4713 11.
1365 4669 1404 4733 3
1436 4670 1467 4711 s
