3238 5158
246 312 377 379 xiv.
406 315 509 384 28.
802 318 910 384 IN
970 321 1039 386 S.
1086 322 1603 389 JOANNEM.
1692 323 1887 391 LIB.
1932 324 2018 390 X.
2517 321 2642 386 511

246 484 344 564 εἷς
405 484 923 587 πληρεστάτην
975 487 1350 585 εὐσέβειαν
1410 491 1849 589 ἀνακομίσαι
1908 487 2039 571 τὸν
2099 488 2503 593 ἄνθρωπον,
2556 482 2643 567 τὸ
2666 516 2705 562 0

248 608 549 707 Πνεῦμα
594 603 683 688 τὸ
730 613 923 691 θεῖον
964 613 1257 712 δοθῆναι
1309 620 1739 717 παρακαλεῖ,
1789 615 1875 696 δι’
1924 614 2011 696 οὗ
2059 608 2648 715 κατηλλαγμένοι

243 733 349 838 τῷ
383 734 553 841 Θεῷ
586 735 706 813 καὶ
742 737 1003 838 Πατρὶ,
1040 734 1225 841 πρὸς
1277 737 1533 843 φιλίαν
1567 736 2137 841 ἀνακεκλήμεθα,
2174 736 2516 842 δραπέται
2560 730 2647 815 τὸ
2701 722 2714 729 “

244 854 419 955 πρὶν
462 857 1034 961 ἀναδεδειγμένοι
1084 859 1205 941 διά
1250 859 1383 956 τὴν
1417 862 1533 970 ἐφ’
1572 863 1761 964 ἡμᾶς
1801 862 2357 961 βασιλεύουσαν
2402 862 2644 963 ἆμαρ·

182 1000 221 1060 5
246 978 429 1081 τίαν.
522 978 648 1066 δὸς
701 991 1084 1086 τοιγαροῦν
1134 982 1270 1085 τὴν
1321 983 1607 1090 εἰρήνην
1660 987 1851 1087 ἡμῖν,
1889 989 2136 1093 φησὶν,
2173 983 2232 1067 ὦ
2289 985 2641 1082 δέσποτα,

244 1097 487 1183 πάντα
538 1102 684 1209 γάρ
737 1108 1109 1192 ἀπέδωκας
1162 1109 1356 1209 ἡμῖν.
1457 1112 1575 1191 καὶ
1641 1108 1682 1190 ὃ
1736 1109 2082 1206 βούλεται
2144 1116 2415 1210 δηλοῦν
2469 1105 2654 1189 εἶναί

248 1235 440 1332 φημι
511 1239 838 1312 τοιοῦτον
898 1233 1215 1334 Ἐπίδος,
1280 1236 1536 1341 φησὶν,
1602 1230 1662 1315 ὦ
1720 1234 2073 1316 Δέσποτα
2134 1233 2268 1335 τὴν
2330 1233 2639 1338 εἰρήνην·

248 1351 490 1434 πάντα
522 1354 668 1458 γὰρ
710 1353 898 1462 ἔχειν
932 1355 1494 1461 ὁμολογήσομεν
1526 1356 1710 1456 τότε,
1746 1356 2173 1443 ἐλλελοιπὸς
2208 1354 2282 1439 δὲ
2316 1364 2648 1465 φανεῖται

247 1481 396 1557 τῶν
448 1481 746 1582 ἀγαθῶν
799 1480 1005 1563 οὐδὲν
1058 1489 1164 1593 τῷ
1217 1517 1303 1585 γε
1358 1481 1568 1590 ἅπαξ
1614 1481 2077 1591 κομισαμένῳ
2141 1515 2227 1563 το
2278 1479 2647 1586 πλήρωμα

146 1629 226 1669 10
249 1605 607 1704 Χριστοῦ·
685 1604 957 1691 παντὸς
1005 1604 1151 1710 γάρ
1199 1604 1584 1711 πλήρωσις
1634 1609 1938 1711 ἀγαθοῦ,
1982 1609 2424 1755 κατοικῆσαι
2451 1604 2643 1686 Θεὸν
2666 1638 2704 1679 a
2761 1622 2887 1681 841
2903 1621 2988 1680 Δ..

250 1727 330 1806 ἐν
394 1725 562 1826 ἡμῖν
629 1728 748 1810 διά
819 1738 948 1811 τοῦ
1020 1730 1464 1832 Πνεύματος.
1578 1732 1821 1833 ἐπειδὴ
1893 1734 2135 1814 τοίνυν
2209 1728 2648 1811 ἱκανώτατον

251 1848 549 1957 σφόδρα
608 1887 695 1935 το
753 1855 1054 1954 Πνεῦμά
1118 1859 1297 1955 ἐστι,
1355 1855 1594 1939 πάντα
1660 1859 1788 1956 τῆς
1851 1855 2161 1942 διανοίας
2216 1853 2649 1958 καταραΐσαι

251 1975 585 2079 θόρυβον,
624 1981 742 2058 καὶ
775 1985 1029 2059 πᾶσαν
1063 1979 1198 2079 τὴν
1231 1983 1309 2060 ἐν
1344 1981 1512 2081 ἡμιν
1547 1984 2005 2084 καταργῆσαι
2041 1980 2330 2078 δειλίαν,
2357 1976 2649 2086 ἐφόδων

249 2133 501 2204 ωσπερ
555 2107 654 2187 εἶς
708 2103 1037 2205 ἀνδρείαν
1090 2105 1208 2184 καὶ
1255 2104 1654 2212 ἀταραξίαν
1697 2138 1784 2185 το
1833 2103 2227 2205 ἐπιτήδειον
2271 2104 2649 2184 ἐπιδώσειν

146 2248 222 2309 ¹5
248 2223 780 2329 ἐπαγγελλεται
817 2225 1054 2328 λέγων
1092 2230 1338 2338 Εἰρήνην
1377 2263 1486 2324 την
1521 2226 1677 2335 ε’,ιιην
1712 2232 1970 2338 ἀφίημι
2007 2232 2183 2337 ὑμῖν·
2242 2266 2340 2336 μη
2368 2236 2642 2338 ’ταρασ-

251 2348 467 2432 σέσθω
503 2349 684 2458 ὑμῶν
718 2356 756 2448 ἦ
793 2347 1050 2462 καρδία
1081 2348 1253 2461 μηδὲ
1287 2347 1630 2436 δειλιάτω.

242 2622 612 2692 Ἠκούσατε
665 2627 768 2694 ὅτι
820 2624 952 2700 ἵει-ὼ
1005 2618 1191 2692 εἶπον
1246 2620 1393 2703 ὑμῖν
1425 2625 1702 2701 ’Υπάπω
1756 2623 1863 2692 καὶ
1914 2621 2188 2715 ἔρχομαι
2239 2621 2407 2714 πρὸς
2460 2624 2646 2700 ὑμᾶς.
2677 2633 2753 2691 28

2674 2736 2718 2800 b

367 2816 538 2920 Οὐχ
568 2815 827 2921 ἑτέρου,
866 2817 1078 2923 φησὶ,
1112 2814 1537 2899 διεπύθεσθε
1576 2814 1918 2917 λέγοντος
1955 2812 2088 2915 τὴν
2122 2811 2298 2914 ε’μὴν
2334 2814 2653 2893 ε’ντεῦθεν

250 2941 682 3039 ἀποδημίαν·
741 2939 1069 3042 αὐτήκοοι
1127 2938 1272 3045 γάρ
1325 2946 1471 3021 τῶν
1515 2943 1706 3041 ε’μῶν
1753 2937 2094 3044 ῥημάτων
2133 2936 2504 3042 γεγόνατε.
2583 2936 2662 3018 τί

142 3095 227 3138 20
254 3061 329 3144 δὲ
382 3065 547 3162 ὑμῖν
589 3062 1133 3169 ἐπηγγειλάμην
1178 3065 1219 3144 ὃ
1269 3064 1676 3171 ψεύδεσθαι
1728 3062 1829 3164 μὴ
1884 3062 2130 3161 εἶδῶς;
2194 3060 2336 3164 ἐγὼ
2394 3058 2655 3164 ὑπάγω

252 3194 376 3270 καὶ
439 3187 727 3297 ἔρχομαι
792 3187 956 3299 πρὶς
1015 3190 1223 3295 ὑμεῖς.
1333 3193 1393 3269 εἰ
1447 3188 1579 3289 μὲν
1632 3188 1760 3269 οὖν
1814 3184 2330 3290 ἀπαράκλητον
2386 3186 2553 3284 ὑμῖν
2611 3184 2654 3264 ὁ

248 3308 476 3414 λόγος
520 3311 873 3413 ἠπείλησε
913 3309 1048 3412 τὴν
1082 3311 1491 3412 ἀποδημίαν
1537 3313 1655 3393 καὶ
1708 3313 1989 3412 διηνεκῆ
2040 3308 2174 3411 τὴν
2219 3306 2647 3417 ἀπόλειψιν,

247 3433 341 3536 ἦν
400 3435 635 3538 δήπου
709 3439 826 3517 καὶ
897 3435 1102 3537 μάλα
1167 3434 1352 3521 εἶκὸς
1420 3437 1536 3518 ἐπὶ
1595 3434 1829 3546 τούτῳ
1896 3436 2068 3515 λίαν
2130 3431 2653 3541 ἀσχάλλοντας

250 3559 634 3667 ἀφορήτως
671 3560 759 3661 δὴ
795 3559 983 3667 ἔχειν
1019 3563 1138 3642 καὶ
1188 3565 1286 3646 εἷς
1332 3558 1683 3665 ἀκράτους
1720 3558 2120 3661 δυσθυμίας
2156 3563 2646 3639 κατολισθεΐν·

141 3710 220 3771 25
250 3683 490 3785 ἐπειδὴ
539 3685 616 3767 δὲ
663 3683 845 3788 πρὸς
896 3687 1078 3785 ὑμᾶς
1124 3684 1330 3792 ἔφην,
1368 3688 1466 3771 ὡς
1501 3687 1629 3767 οὐκ
1667 3685 2159 3785 ἀπελεύσομαι
2194 3682 2442 3784 μόνον,
2477 3680 2650 3762 ἀλλ’
2677 3705 2714 3751 0

250 3809 363 3891 ὅτι
398 3813 517 3890 καὶ
561 3808 897 3917 ἐπανήξω
945 3807 1129 3891 κατά
1181 3807 1446 3913 καιρὸν,
1484 3809 1561 3890 τί
1589 3807 1701 3910 δὴ,
1740 3811 1951 3918 φησὶ,
1988 3808 2214 3909 μόνον
2248 3804 2335 3888 τὸ
2371 3814 2655 3888 λυποῦν

246 3940 405 4019 ταῖς
458 3936 731 4015 ἑαυτῶν
785 3932 1120 4018 διανοίαις
1171 3934 1680 4039 εἶσοικίζοντες,
1735 3932 1821 4014 τὸ
1875 3932 2195 4040 πεφυκὸς
2250 3931 2653 4039 εὐφραίνειν

245 4064 405 4144 ταῖς
459 4058 887 4159 ἀμνηστίαις
945 4058 1308 4163 ὑβρίζετε,
1378 4057 1899 4163 ἀντεγειρέσθω
1953 4060 2057 4166 τῷ
2113 4052 2512 4156 πλήττοντι
2565 4053 2652 4137 τὸ

246 4181 664 4289 θεραπεύειν
700 4181 906 4283 εἶδός,
941 4181 1468 4266 ἀντιπαλαιέτω
1516 4189 1666 4268 τοῖς
1714 4183 1922 4264 ἀνιᾶν
1964 4179 2373 4289 πεφυκόσιν
2420 4180 2466 4281 ἦ
2521 4188 2651 4262 τοῦ

320 4429 376 4485 6.
412 4430 512 4485 ἀπε
487 4429 664 4485 ε’δοκεν
685 4439 739 4485 et
733 4429 935 4520 pergit
956 4430 1026 4488 ὥς
1046 4430 1150 4502 γὰρ
1175 4429 1294 4485 οὔδε
1270 4452 1325 4484 εν
1347 4432 1441 4485 τοῦ
1428 4431 1626 4516 ,νόμον
1648 4450 1761 4483 τετε
1737 4428 2040 4485 ελειωκότος
2063 4445 2094 4482 e
2126 4444 2289 4498 supra
2315 4435 2377 4480 ut
2401 4442 2557 4494 saepe
2581 4425 2648 4480 Ε.

253 4515 340 4574 15.
378 4498 523 4572 ὗμιν]
558 4508 614 4566 -1-
644 4501 825 4588 ιήτόγω
848 4501 933 4555 καὶ
954 4501 1174 4574 ἔρχομαι
1195 4501 1377 4573 πρὸς’
1354 4502 1482 4571 υμᾶς
1504 4517 1569 4556 ex
1592 4499 1733 4556 infra
1756 4498 1823 4554 E.
2160 4513 2247 4553 22.
2282 4496 2557 4567 ἀπόληψιν
2580 4493 2647 4549 Ε.

250 4589 339 4644 29.
373 4570 879 4644 ἀντεπαγγελλεσθω
903 4571 969 4628 Ε.
