3238 5158
201 335 330 402 xiv.
364 358 463 404 11.
577 340 691 405 IN
752 340 2605 410 S.JOANNEM.1.1B.IX.CAP.1.'433

200 504 604 613 μαινομένω
641 509 759 587 καὶ
792 510 1298 611 παραπαίοντι,
1333 506 1663 614 χαλεπὸν
1702 507 1926 587 οὐδέν·
1988 507 2177 615 ἔργῳ
2225 505 2455 610 γεμὴν
2492 510 2611 586 καὶ

201 624 494 725 δυνάμει
549 634 640 734 τῇ
695 636 1079 737 θεοπρεπεῖ
1124 634 1232 718 τίς
1286 631 1377 713 ἀν
1430 631 1789 738 χρήσαιτό
1843 663 2064 712 ποτε·
2043 692 2066 727 ,
2137 637 2481 736 χαριεῖται
2537 626 2611 710 δὲ

199 752 339 833 τίνι
396 761 543 836 τῶν
592 765 916 859 γενητῶν
963 758 1097 860 τὴν
1150 761 1333 841 ἰδίαν
1381 760 1605 866 δόξαν
1659 761 1699 838 ὁ
1760 757 2065 860 Πατήρ·
2044 818 2067 856 ,
2147 755 2194 858 ἢ
2250 753 2396 858 γὰρ
2453 755 2612 858 οὐχὶ

204 881 397 959 Θεοῦ
472 879 698 988 δόξαν
772 879 954 963 εἷναί
1023 890 1265 989 φαμεν
1328 882 1413 963 τὸ
1487 882 1729 963 πάντα
1802 880 2159 963 δύνασθαι
2231 882 2430 983 δρᾶν,
2495 880 2612 958 καὶ

136 1023 175 1086 5
205 1003 738 1108 παντουργικὴν
794 1007 981 1112 ἔχειν
1036 1007 1278 1113 ἰσχύν·
1367 1009 1596 1087 οὐδενὶ
1653 1003 1884 1109 γεμὴν
1938 1005 2153 1114 ἑτέρῳ
2206 1010 2607 1107 προσεῖναι,
2637 1036 2672 1080 e

207 1133 312 1236 τῷ
346 1163 433 1232 γε
472 1129 663 1214 ὅλως
699 1132 1267 1240 ἐναριθμουμένῳ
1304 1139 1455 1216 τοῖς
1493 1129 1935 1229 κτίσμασιν;
1990 1130 2246 1210 οὐκοῦν
2272 1127 2361 1234 ἐξ
2391 1130 2616 1228 ἀναγ-

209 1255 429 1335 καίων
464 1289 543 1333 τε
592 1257 773 1351 ὁμοῦ
826 1259 944 1335 καὶ
992 1254 1526 1361 ἀναντιῤῥήτων
1563 1254 1999 1361 ἀποδείξεων
2031 1252 2125 1332 τὰ
2162 1250 2328 1332 καθ’
2365 1250 2619 1331 ἑαυτὸν

211 1376 714 1482 δοκιμάζεσθαι
797 1378 1241 1480 βουλόμενος
1323 1381 1366 1458 ὃ
1449 1376 1798 1482 Χριστὸς,
1874 1378 1962 1485 ἐξ
2037 1380 2274 1458 αὐτῶν
2347 1373 2619 1456 κελεύει

210 1502 682 1583 πιστεύεσθαι
732 1512 880 1584 τῶν
916 1505 1168 1608 ἔργων,
1206 1508 1303 1589 ὡς
1355 1503 1461 1604 εἴη
1510 1502 1642 1602 μὲν
1679 1500 1892 1587 αὐτὸς
1940 1505 2016 1583 ἐν
2056 1504 2313 1604 Πατρὶ,
2348 1500 2492 1604 ἔχει
2541 1497 2620 1579 δὲ

98 1654 186 1695 10
216 1627 307 1705 αὖ
360 1625 588 1706 πάλιν
637 1631 712 1707 ἐν
761 1631 987 1737 ἑαυτῷ
1039 1628 1170 1710 τὸν
1207 1629 1523 1732 Πατέρα,
1569 1628 1924 1726 τουτέστι,
1968 1624 2102 1726 τὴν
2148 1633 2278 1705 τοῦ
2327 1621 2620 1726 Πατρὸς
2663 1680 2684 1689 --

217 1747 450 1855 φύσιν
501 1752 578 1829 ἐν
633 1750 935 1860 ὑπάρξει
989 1759 1081 1859 τῇ
1137 1754 1281 1859 ἰδίᾳ
1334 1759 1563 1858 φορεῖ,
1619 1754 1718 1835 ὡς
1773 1750 2075 1853 γνήσιον
2130 1748 2469 1851 γέννημα,
2525 1748 2622 1830 ὡς

218 1872 488 1977 καρπὸς
527 1878 838 1976 ἀληθῶς,
879 1879 975 1962 ὡς
1010 1876 1186 1961 Υἱὸς
1223 1880 1301 1958 ἐκ
1341 1873 1631 1980 Πατρὸς
1668 1873 2008 1981 πεφηνῶς
2045 1880 2394 1980 φυσικῶς.

330 1999 547 2079 Ἀλλ’
590 2002 635 2101 ἡ
694 2001 827 2100 μὲν
862 2001 1276 2101 Ἐκκλησία
1328 2010 1459 2082 τοῦ
1513 2006 1869 2103 Χριστοῦ,
1908 2001 2138 2080 καίτοι
2186 1998 2355 2078 λίαν
2403 1999 2621 2076 ε’παυ·

219 2132 462 2230 χοῦσα
511 2131 601 2231 τῇ
650 2132 796 2206 τῶν
842 2126 1225 2229 δογμάτων
1269 2124 1628 2228 ὀρθότητι,
1664 2125 2003 2224 τοιαύτην
2039 2123 2184 2229 ἔχει
2231 2121 2364 2221 τὴν
2402 2119 2625 2228 δόξαν
2649 2152 2687 2192 a
2725 2137 2859 2196 ’185
2878 2135 2964 2191 Δ·

104 2267 189 2330 15
221 2253 383 2351 περὶ
433 2257 563 2329 τοῦ
608 2257 1096 2353 Μονογενοῦς·
1156 2257 1306 2335 τοῖς
1355 2247 1584 2352 γεμὴν
1623 2247 2003 2352 θεομάχοις
2053 2253 2420 2349 αἱρετικοῖς
2466 2247 2621 2324 ἑτε-

222 2382 384 2477 ροῖα
426 2375 756 2477 παρέστη
803 2382 1095 2481 φρονεῖν
1133 2375 1535 2455 ἀναπείθειν
1580 2371 1749 2458 τοὺς
1801 2381 1951 2456 τοῖς
1999 2373 2349 2474 ὀλεθρίοις
2393 2371 2629 2448 αὐτῶν

220 2497 662 2601 προσιόντας
714 2534 789 2579 τε
840 2503 956 2579 καὶ
1006 2498 1507 2605 προσέχοντας
1563 2498 1837 2601 λόγοις.
1917 2499 2431 2578 ἐπιλυττῶντες
2485 2492 2630 2597 γὰρ

221 2631 379 2706 ταῖς
415 2623 599 2702 κατὰ
633 2630 966 2729 Χριστοῦ
1005 2624 1414 2727 λοιδορίαις,
1455 2630 1995 2731 φιλονεικοῦσιν
2033 2626 2098 2701 οἱ
2142 2621 2469 2717 δείλαιοι,
2514 2622 2629 2698 καὶ

228 2755 703 2828 κατανοοῦσιν
739 2748 1136 2849 ἀλλήλους,
1174 2750 1303 2829 οὐκ
1352 2754 1447 2833 εἰς
1495 2746 1979 2854 παροξυσμὸν
2024 2744 2414 2841 εὐσεβείας,
2456 2744 2626 2823 ἀλλ’
2719 2744 2857 2875 {jb-
2877 2760 2930 2794 ¹·

108 2903 201 2945 20
228 2872 314 2949 ἵν’
354 2871 836 2976 ἀσεβέστερος
884 2872 1207 2974 ἑτερου
1177 2878 1407 2981 ορῷτο
1451 2872 1687 2952 δεῖν’
1644 2904 1903 2973 ετερος,
1940 2906 2057 2951 και
2109 2868 2510 2978 φθέγξαιτό
2561 2901 2630 2947 τι

227 3000 377 3075 τῶν
435 2995 971 3100 ἀπηχεστέρων.
1064 2996 1301 3096 ἐπειδὴ
1362 2994 1508 3100 γὰρ
1568 3030 1699 3075 τον
1756 2997 1834 3074 ἐκ
1891 2992 2238 3094 Σοδόμων
2294 2995 2631 3074 πίνουσιν
2719 3001 2973 3130 Ξΐηῗθζξ·

229 3114 444 3217 οἶνον,
480 3121 596 3199 καὶ
642 3119 978 3222 πικράν’
941 3154 1019 3200 εκ
1065 3118 1441 3225 Γομόῤῥας
1496 3125 1823 3223 τρυγῶσι
1871 3116 2291 3226 σταφυλήν·
2355 3118 2439 3199 οὐ
2488 3114 2631 3218 γὰρ
2653 3131 2699 3198 b

229 3244 308 3322 ἐκ
359 3243 551 3324 θείου
593 3243 921 3350 δέχονται
956 3243 1382 3345 Πνεύματος
1433 3242 1526 3323 τὰ
1576 3246 1685 3325 ἐπ’
1733 3244 1927 3351 αὐτῷ
1977 3241 2435 3346 θεωρήματα,
2475 3240 2633 3322 οὐδὲ

230 3367 319 3474 ἐξ
360 3369 898 3475 ἀποκαλύψεως
955 3375 1083 3466 τῆς
1139 3377 1268 3448 τοῦ
1326 3365 1643 3472 Πατρὸς,
1693 3370 1862 3448 ἀλλ’
1922 3370 2001 3447 ἐκ
2065 3370 2195 3467 τῆς
2257 3374 2387 3446 τοῦ
2451 3364 2629 3469 δρά-
2725 3375 2975 3504 38113813·

118 3509 205 3570 25
233 3526 483 3576 κοντος
539 3498 890 3600 κεφαλῆς·
960 3490 1167 3571 οὐδὲν
1218 3491 1352 3592 μὲν
1408 3500 1767 3599 φρονοῦσι
1831 3498 1977 3571 τῶν
2031 3491 2343 3597 ἐχόντων
2402 3492 2634 3591 ὑγιῶς,

232 3618 462 3696 ἐκεῖνα
525 3614 600 3699 δὲ
665 3617 1036 3720 λέγουσιν,
1096 3613 1143 3695 ἃ
1206 3615 1338 3700 τὰς
1399 3624 1548 3698 τῶν
1606 3618 2078 3720 ἀκροωμένων
2135 3614 2638 3718 ταλαιπώρους

234 3740 617 3846 ἀποφαίνει
651 3740 922 3847 ψυχὰς,
956 3738 1143 3843 πρὸς
1194 3737 1377 3847 ᾅδην
1412 3738 1632 3824 αὐτὰς
1672 3740 2233 3843 κατακομίζοντα
2270 3741 2385 3819 καὶ
2422 3744 2518 3822 εὶς
2554 3736 2639 3817 τὸ

234 3863 429 3943 κάτω
475 3863 870 3967 βάραθρον.
947 3873 1175 3945 ταῦτα
1226 3866 1344 3944 καὶ
1392 3863 1712 3960 βιβλίοις
1764 3869 2062 3946 ἐνθεῖναι
2110 3862 2638 3963 τολμήσαντες,

232 3985 597 4067 ἀθάνατον
634 3985 887 4091 ὥσπερ
919 3988 1052 4089 τὴν
1086 3991 1396 4069 ἐνοῦσαν
1431 3990 1670 4073 αὐτοῖς
1706 3987 2235 4088 ἀνεστήλωσαν
2271 3989 2640 4091 πονηρίαν.

117 4144 207 4203 30
233 4111 374 4191 ἔδει
431 4109 563 4208 μὲν
617 4112 744 4190 οὖν
798 4113 984 4211 ἡμᾶς
1047 4116 1353 4215 διαρκῶς
1419 4111 1790 4217 εἰρηκότας
1855 4117 1953 4196 εἰς
2018 4111 2102 4192 τὸ
2160 4113 2642 4216 προκείμενον,
2666 4146 2702 4188 ο

233 4234 419 4339 ἅπερ
472 4233 562 4334 ἦν
606 4232 788 4319 εἰκὸς
844 4240 1154 4343 ὠφελεῖν
1201 4235 1556 4317 δύνασθαι
1610 4234 1776 4321 τοὺς
1821 4235 2381 4343 ἐντευξομένους,
2419 4238 2634 4340 ὀρθο-

316 4455 359 4493 1.
399 4439 747 4508 παραπαίοντι
772 4439 854 4493 καὶ
878 4439 1193 4509 μαινομένων
1217 4440 1282 4494 Ε.
1440 4440 1493 4495 6.
1530 4463 1593 4511 γε
1621 4439 1686 4494 Ε.
1711 4461 1768 4494 τε
1794 4439 1898 4495 Ed.
2057 4439 2218 4510 6—p.
2235 4456 2360 4511 434,
2380 4439 2413 4493 8
2438 4439 2564 4493 citat
2588 4456 2642 4508 p.

244 4530 263 4566 1
278 4524 354 4634 7d
364 4530 423 4564 τε
447 4527 556 4565 om.
582 4528 638 4581 p.
977 4526 1063 4565 21.
1098 4513 1190 4565 τὸν
1212 4527 1319 4566 om.
1345 4528 1399 4581 p.
1740 4525 1825 4583 23.
1861 4507 2149 4580 πνεύματος
2173 4510 2447 4582 δέχονται”
2435 4525 2647 4564 mverso

237 4599 302 4637 or
341 4597 428 4634 me
453 4598 507 4650 p.

328 4681 471 4727 vot..
507 4682 583 4727 11.
1392 4685 1430 4750 3
1468 4683 1507 4726 x
