3238 5158
217 326 352 391 xiv,
381 346 481 414 19.
594 326 709 392 IN
771 327 839 392 S.
888 326 1398 392 JOANNEM.
1493 328 1683 392 LIB.
1732 329 1853 393 IX.
1948 328 2151 394 CAP.
2201 327 2258 393 Ι.
2498 327 2625 390 473

214 490 581 594 παρέστω
621 494 739 573 καὶ
774 493 1131 595 βοηθήσει
1165 492 1284 575 διὰ
1318 501 1448 574 τοῦ
1487 492 1913 592 Πνεύματος
1958 501 2109 577 τοῖς
2157 491 2629 573 πιστεύουσιν

216 622 322 701 εἷς
375 615 617 716 αὐτὸν,
671 617 877 698 οὐδὲν
923 618 1139 720 ἧττον
1187 613 1743 722 ἐπαγγέλλεται,
1795 615 1930 698 κάν
1978 622 2078 702 εἷς
2132 613 2387 700 αὐτοῦς
2443 618 2623 695 ἀνα·

214 742 441 848 βαίνῃ
494 740 662 826 τοῦς
716 741 1080 846 οὐρανοὺς,
1116 742 1300 840 μετὰ
1351 742 1483 843 τὴν
1530 745 1608 824 ἐκ
1665 749 1930 847 νεκρῶν
1975 743 2398 838 ἀναβίωσιν,
2437 750 2479 788 “
2503 747 2629 819 νῦν
2719 741 2854 870 {3⁴:²¹²-
2881 743 2949 792 ³¹·

216 873 265 911 “
302 865 986 973 ἐμφανισθήσεσθαι
1048 872 1153 975 τῷ
1222 866 1600 977 προσώπῳ
1666 877 1797 948 τοῦ
1859 873 2051 948 Θεοῦ
2116 865 2293 969 ὑπὲρ
2358 863 2621 964 ἡμῶν,”

127 1005 180 1068 5
213 988 410 1070 κατὰ
445 988 578 1090 τὴν
613 1000 742 1072 τοῦ
783 992 1089 1072 Παύλου
1128 989 1401 1100 φωνήν.

211 1272 365 1341 Ἔτι
418 1276 650 1366 μικρὸν
705 1278 813 1343 καῖ
866 1279 904 1346 ὀ
959 1280 1200 1357 κόσμος
1255 1302 1336 1356 με
1390 1279 1606 1345 οὐκετι
1662 1274 1919 1368 θεωρεῖ,
1954 1274 2136 1354 ὑμεῖς
2191 1277 2262 1343 δὲ
2319 1272 2627 1366 θεωρεῖτέ
2662 1298 2734 1353 19

750 1428 850 1486 με,
903 1408 1003 1473 ὅτι
1054 1405 1188 1481 ἐγὼ
1238 1407 1345 1496 ςῶ,
1399 1406 1505 1471 καὶ
1558 1402 1741 1483 ὑμεῖς
1793 1407 2082 1497 ζήσεσθε.
2656 1425 2692 1469 e

343 1593 513 1674 Ἐπὶ
566 1594 814 1698 θύραις
868 1594 1073 1682 ὄντος
1126 1604 1256 1678 τοῦ
1307 1593 1605 1694 πάθους,
1663 1601 1779 1676 καὶ
1833 1592 1961 1677 τὸν
2010 1600 2137 1696 τῆς
2197 1591 2634 1701 ἀναλήψεως

231 1716 485 1821 καιρὸν
539 1718 1121 1824 συνεισάγοντος,
1177 1721 1502 1806 ἄποπτος
1566 1720 1873 1803 ἔσεσθαι
1931 1728 2034 1830 τῷ
2100 1720 2344 1828 κόσμῳ
2406 1721 2629 1825 φησὶ,

95 1871 134 1914 1
149 1871 199 1911 0
230 1842 583 1942 τουτέστι,
641 1852 792 1930 τοῖς
854 1853 1001 1927 τῶν
1063 1846 1272 1928 θείων
1335 1845 1879 1950 προτιμήσασιν
1935 1848 2230 1949 ἀγαθῶν
2292 1841 2425 1944 τὴν
2487 1850 2635 1922 τῶν

227 1969 701 2073 προσκαίρων
736 1967 1172 2070 ἀπόλαυσιν,
1211 1977 1327 2052 καὶ
1362 1977 1510 2051 τῶν
1545 1972 1895 2075 οὐρανίων
1930 1969 2025 2052 τὰ
2065 1971 2337 2073 ἐπίγεια
2377 2002 2625 2049 ποιου·

228 2093 468 2189 μένοις
503 2094 581 2173 ἐν
617 2095 963 2195 ἀμείνοσι.
1039 2098 1158 2175 καὶ
1193 2102 1343 2179 τοῖς
1377 2093 1509 2195 μὲν
1543 2095 1682 2197 ἤδη
1725 2094 2256 2199 προειρημένοις
2305 2091 2636 2200 ἀδελφήν

228 2249 310 2295 τε
366 2219 483 2297 καὶ
538 2216 950 2322 σύνδρομον
1003 2218 1137 2319 τὴν
1194 2218 1511 2300 διάνοιαν
1571 2221 2094 2329 ἐξυφαίνοντες,
2152 2221 2446 2322 ἐροῦμεν
2510 2220 2630 2296 εὑ·-

235 2340 501 2444 λόγως,
558 2341 669 2423 ὅτι
726 2341 855 2422 τὸν
908 2342 1039 2441 μὲν
1092 2342 1584 2449 παράκλητον,
1643 2343 1993 2443 τουτέστι,
2048 2341 2135 2424 τὸ
2195 2348 2496 2442 Πνεῦμα
2551 2341 2635 2421 τὸ

104 2495 136 2536 1
154 2489 200 2551 5
219 2462 487 2569 Ἅγιον,
524 2468 825 2548 δέδωκεν
861 2468 902 2545 ὁ
941 2466 1125 2552 Θεὸς
1163 2471 1279 2548 καὶ
1321 2465 1601 2571 Πατὴρ,
1642 2468 1727 2548 δι’
1764 2473 1946 2548 Υἱοῦ
1982 2466 2341 2568 δηλονότι·
2398 2464 2636 2547 πάντα

230 2591 379 2696 γὰρ
415 2593 503 2673 δι’
543 2593 765 2674 αὐτοῦ
798 2591 998 2696 παρὰ
1035 2591 1351 2696 Πατρός.
1409 2591 1722 2693 ἐλήλυθε
1759 2590 2008 2695 γεμὴν,
2046 2593 2171 2671 οὐκ
2210 2594 2325 2672 ἐπὶ
2359 2592 2635 2676 πάντας
2656 2632 2694 2673 a
2751 2620 2878 2674 814
2894 2617 2974 2675 A.

234 2718 678 2819 ἀδιακρίτως,
719 2717 1075 2820 πονηρούς
1122 2751 1200 2798 τε
1253 2721 1369 2798 καὶ
1418 2715 1755 2820 ἀγαθοὺς,
1794 2717 1964 2796 ἀλλ’
2004 2717 2115 2820 ἐφ’
2155 2715 2279 2800 οῦς
2319 2713 2409 2816 ἦν
2444 2716 2638 2823 αὐτῷ

237 2844 650 2935 βαδιεῖσθαι
679 2841 978 2946 πρέπον.
1036 2840 1218 2923 ὅσον
1255 2842 1387 2943 μὲν
1425 2840 1571 2945 γὰρ
1619 2841 1790 2944 ἧκεν
1826 2847 1922 2926 εὶς
1970 2839 2103 2941 τὴν
2137 2847 2267 2921 τοῦ
2320 2836 2639 2924 διδόντος

237 2964 800 3067 πλουσιωτάτην
834 3002 911 3048 τε
949 2968 1065 3048 καὶ
1103 2967 1429 3074 ἄφθονον
1465 2966 1702 3074 χάριν,
1732 2968 1955 3050 οὐδεὶς
1990 2965 2256 3066 ἔμεινεν
2292 2965 2640 3068 ἀμέτοχος

109 3129 206 3170 20
237 3096 389 3171 τῶν
431 3092 546 3171 ἐπὶ
601 3095 728 3191 τῆς
782 3096 944 3195 γῆς·
1004 3103 1049 3141 “
1082 3094 1363 3200 Ἐκχεῶ
1412 3091 1579 3196 γὰρ,
1617 3094 1850 3199 φησὶν
1894 3093 1971 3171 ἐν
2012 3086 2450 3198 προφήταις,
2494 3085 2640 3170 ἀπό
2725 3086 2858 3203 {ng
2885 3086 2938 3136 ἢ·

238 3225 285 3264 “
323 3224 453 3297 τοῦ
516 3215 920 3316 πνεύματός
981 3252 1121 3317 μου
1177 3221 1292 3299 ἐπὶ
1356 3224 1610 3299 πᾶσαν
1664 3214 1967 3320 σάρκα·”
2037 3214 2342 3298 ἕκαστος
2412 3211 2642 3315 γεμὴν

238 3340 469 3448 ἑαυτῷ
517 3342 891 3445 παραίτιος
939 3342 1208 3444 γίνεται
1253 3349 1384 3422 τοῦ
1440 3345 1834 3442 κεκτῆσθαι
1885 3338 1972 3421 τὸ
2028 3338 2419 3420 θεόσδοτον
2460 3341 2639 3439 ἀγα-

240 3463 396 3562 θὸν,
434 3462 481 3566 ἢ
519 3467 635 3545 καὶ
672 3463 1007 3566 μηδόλως
1050 3465 1262 3547 ἑλεῖν.
1343 3470 1410 3546 οἱ
1458 3463 1590 3566 μὲν
1627 3465 1772 3568 γὰρ
1820 3464 1937 3547 διὰ
1984 3463 2233 3563 πάσης
2279 3464 2645 3549 ἐπιεικείας

238 3589 371 3671 τὸν
408 3595 662 3671 οἰκεῖον
707 3591 1309 3695 ἀποκαθαίροντες
1366 3598 1535 3671 νοῦν
1577 3592 1933 3691 οὐδαμῶς,
1974 3592 2642 3695 ἐμφιλοχωροῦντες
2665 3598 2710 3665 b

115 3736 204 3799 25
239 3714 317 3797 δέ
356 3717 526 3795 λίαν
559 3721 708 3799 τοῖς
745 3714 822 3795 ἐν
858 3711 1114 3823 κόσμῳ
1151 3721 1413 3814 κακοῖς,
1436 3714 1773 3820 ἀμέτοχοι
1809 3719 1937 3815 τῆς
1974 3715 2168 3798 θείας
2200 3715 2646 3811 ἀπομενοῦσι

242 3838 556 3947 χάριτος,
595 3841 726 3920 οὐκ
774 3838 1086 3947 ὄψονται
1120 3837 1453 3943 Χριστὸν
1489 3842 1564 3920 ἐν
1600 3843 1894 3937 ἑαυτοῖς,
1932 3837 2199 3944 ἐρήμην
2234 3845 2365 3920 τοῦ
2407 3845 2479 3920 Π
2485 3839 2640 3920 νεύ-

241 3999 474 4066 ματος
512 3964 795 4071 ἕχοντες
829 3963 963 4065 τὴν
988 3965 1304 4068 καρδίαν.
1370 3965 1489 4045 διά
1527 3998 1639 4045 τοι
1675 3973 1890 4046 τοῦτο
1928 3967 2046 4044 καὶ
2079 3966 2157 4044 ἐν
2184 3961 2385 4071 τάξει
2420 3998 2636 4067 γεγο-

236 4086 441 4175 νότες
509 4096 613 4198 τῷ
673 4088 1056 4195 προστάτῃ
1120 4095 1266 4169 τῶν
1326 4090 1690 4196 ὀρφανῶν,
1756 4087 1896 4170 ὑπὸ
1958 4085 2251 4184 παντὸς,
2317 4091 2413 4172 ὡς
2475 4088 2646 4174 ἔπος

235 4218 481 4312 εἰπεῖν,
518 4211 1024 4317 διαρπάζονται
1071 4220 1202 4294 τοῦ
1244 4219 1698 4294 πλεονεκτεῖν
1735 4210 2136 4318 ἰσχύοντος,
2171 4210 2217 4313 ἢ
2254 4211 2554 4311 πάθους,
2596 4214 2643 4315 ἢ

116 4379 208 4440 30
240 4341 603 4441 δαίμονος,
641 4339 865 4441 ἤγουν
900 4338 1143 4442 ἑτέρας
1177 4335 1369 4422 τινὸς
1404 4336 1777 4437 ἐπιθυμίας
1815 4341 2185 4439 κοσμικῆς,
2224 4341 2340 4417 καὶ
2373 4337 2645 4422 παντὸς

372 4577 567 4634 16—18.
602 4577 872 4649 οὗκ-Ὓᾶρ
897 4594 1005 4632 om.
1032 4577 1098 4634 Ε.
1213 4542 1218 4549 ¹
1320 4594 1401 4652 19.
1444 4599 1501 4632 τε
1525 4594 1635 4633 om.
1662 4575 1727 4632 E.
1941 4588 2029 4648 27.
2066 4575 2121 4630 ἐν
2144 4575 2288 4644 τάξει
2312 4592 2421 4630 om.
2449 4575 2516 4632 E.

323 4682 471 4728 von.
503 4682 581 4728 11.
1411 4682 1450 4747 3
1482 4680 1520 4724 Ρ
