3238 5158
624 355 713 416 44
1230 356 1311 422 B.
1359 358 1776 424 CYRILLI
1835 357 2409 423 ALEXANDR.
2761 350 3036 417 viii.28.

625 550 769 595 τειν
805 519 845 597 5
897 519 981 596 δι’
1022 520 1362 604 ἐναντίας.
1445 522 1684 623 ἐπειδὴ
1741 520 1815 601 δὲ
1870 524 2125 606 ἁπλῶς
2180 524 2297 601 καὶ
2352 517 2735 601 ἀπολύτως
2779 516 3028 595 ἐπενε-

625 640 921 745 χθέντος
976 640 1256 728 οὐδενός
1301 641 1513 726 Οὐδὲν
1558 652 1691 726 ἀπ’
1733 648 2024 751 ἐμαυτοῦ
2079 643 2258 726 ποιῶ
2308 651 2566 748 φησιν,
2602 639 2690 719 οὐ
2741 632 3037 718 πάντως

294 786 425 840 525
446 784 530 841 A.
572 799 608 839 a
630 764 922 865 ἐροῦμεν
964 764 1182 845 αὐτὸν
1228 770 1325 852 ὡς
1380 765 1564 848 κατά
1617 802 1688 849 τι
1742 776 1919 870 γοῦν
1957 770 2230 865 ἀσθενῆ
2283 765 2414 864 τὴν
2450 766 2633 844 Ξδίαν
2669 763 3038 840 καταιτιᾶ-

628 893 806 964 σθαι
860 887 1108 991 φύσιν,
1142 891 1313 969 ἀλλ’
1356 888 1595 993 ἕτερόν
1628 925 1698 971 τι
1750 891 2125 990 σημαίνειν
2169 888 2435 990 ἀληθὲς
2488 889 2606 967 καὶ
2660 878 3028 983 ἀκατηγό-

625 1041 872 1154 ρητον.
949 1012 1065 1090 ἵνα
1100 1011 1244 1114 γὰρ
1280 1012 1389 1093 ἐπ’
1429 1014 1812 1117 ἄνθρωπον
1846 1012 2583 1118 μετασχηματίῷντες
2624 1015 2753 1087 τοῦ
2798 1002 3038 1104 λόγου
3061 1031 3097 1091 5

628 1126 761 1227 τὴν
813 1130 1131 1232 δύναμιν,
1165 1134 1427 1234 ἴδωμεν
1478 1136 1902 1240 ἀκριβῶς,
1864 1173 1905 1216 ο
1960 1143 2218 1242 φησιν·
2282 1134 2621 1214 ἔστωσαν
2668 1129 2796 1209 δύο
2848 1123 3038 1210 τινὲς

628 1252 876 1356 ἄνδρες
911 1290 1132 1361 τυχον
1166 1256 1299 1358 τὴν
1335 1258 1558 1360 αυτὴν
1587 1259 1925 1361 δηλονότι
1963 1257 2310 1364 λαχόντες
2349 1256 2601 1363 φύσιν,
2628 1257 3038 1334 ισοσθενεῖς

626 1410 706 1457 τε
762 1377 1118 1479 ἀλλήλοις
1173 1386 1290 1462 καὶ
1345 1383 1865 1485 ὁμογνώμονες,
1904 1379 2056 1462 ειτα
2102 1381 2379 1483 λεγέτω
2430 1381 2471 1459 5
2521 1377 2621 1461 εἷς
2669 1375 2758 1483 ἐξ
2793 1376 3040 1455 αὐτῶν

627 1500 794 1581 ”Απ
833 1504 1139 1601 ἐμαυτοῦ
1177 1505 1378 1585 οὐδὲν
1412 1514 1623 1586 ποιῶ
1686 1503 1829 1610 ἀρα
1866 1510 1960 1590 ὡς
1999 1504 2342 1605 ἀσθενὴς,
2385 1502 2432 1605 ἢ
2469 1503 2586 1582 καὶ
2623 1503 2803 1601 δρᾶν
2838 1497 3040 1582 ολως

628 1623 829 1704 οὐδὲν
877 1629 1003 1731 ἀφ’
1057 1629 1310 1709 ἑαυτοῦ
1364 1627 1751 1729 δυνάμενος
1803 1664 1888 1710 το
1945 1638 2266 1710 τοιοῦτον
2321 1627 2619 1779 φήσειεν
2670 1621 2782 1722 ἂν,
2826 1618 2874 1721 ἢ
2935 1625 3041 1706 ὥς
3068 1651 3133 1691 10

629 1748 815 1852 ἔχων
870 1751 982 1853 ἐφ’
1036 1748 1270 1831 ἅπασι
1326 1751 1852 1852 συνευδοκητὴν
1905 1754 2025 1832 καὶ
2082 1750 2558 1854 ὁμογνώμονα
2611 1781 2738 1828 τον
2791 1745 3041 1849 ἕτερον

563 1880 607 1946 b
632 1904 747 1949 και
822 1871 1376 1975 συνεζευγμένον
1450 1876 1693 1982 αὐτῷ·
1674 1936 1696 1973 ,
1787 1878 1974 1955 οὕτω
2042 1909 2167 1975 μοι
2241 1872 2383 1954 νόει
2459 1906 2574 1951 και
2647 1870 2759 1976 ἐφ
2827 1873 3038 1964 Υὶοῦ,

630 2000 922 2091 μᾶλλον
961 1991 1035 2074 δὲ
1071 2031 1187 2076 και
1226 1997 1402 2100 ὑπὲρ
1438 2007 1650 2078 τοῦτο
1685 1997 1902 2080 πολύ.
1985 1996 2222 2098 ἐπειδὴ
2275 2032 2419 2101 γαρ
2465 1990 2906 2099 ἐργαζομένῳ
2940 1990 3041 2070 τὰ

629 2116 1009 2225 παράδοξα
1056 2119 1495 2225 παραλόγως
1546 2119 1921 2222 ἐπεπήδων
1954 2120 2397 2219 Ἰουδαῖοι,”
2342 2154 2490 2199 ανω
2537 2152 2615 2198 τε
2669 2118 2786 2196 καὶ
2834 2112 3038 2195 κάτω

629 2236 764 2339 τὴν
835 2250 963 2321 τοῦ
1038 2243 1428 2339 σαββάτου
1504 2243 1726 2323 λύσιν
1799 2244 2308 2343 ἐπαιτιώμενοι,
2385 2245 2501 2322 καὶ
2581 2236 3039 2342 παρανομίαν
3069 2267 3133 2329 15
3215 2277 3216 2284 ¹

630 2366 1101 2466 ἐγκαλοῦντες
1156 2367 1370 2473 αὐτῷ,
1425 2364 1686 2446 λοιπὸν
1734 2368 1845 2472 ἐφ’
1882 2364 2161 2447 ἅπασιν
2213 2368 2859 2466 ὀμογνωμονοῦντα
2914 2362 3040 2439 καὶ

629 2486 1155 2588 συνευδοκητὴν
1192 2489 1580 2569 ἐπεδείκνυε
1617 2488 1746 2570 τὸν
1783 2489 1976 2570 Θεὸν
2015 2493 2130 2570 καὶ
2171 2489 2488 2594 Πατέρα,
2523 2487 2739 2593 τέχνῃ
2776 2488 3030 2564 δυσω·

629 2616 789 2689 πῶν
822 2609 951 2690 τὸν
988 2609 1336 2716 ἀχάλινον
1385 2619 1531 2692 τῶν
1576 2614 2058 2695 ἀπειθούντων
2108 2615 2356 2713 θυμόν.
2430 2609 2522 2712 ἦν
2569 2610 2711 2715 γὰρ
2766 2607 2858 2709 δὴ
2916 2612 3040 2689 καὶ

632 2730 815 2817 εξκὸς
879 2735 1281 2842 ἀποφρίξαι
1345 2733 1478 2837 μὲν
1531 2738 1672 2839 ἤδη
1729 2736 1926 2821 τινάς
1982 2736 2066 2818 τό
2123 2739 2457 2839 ἐγκαλεῖν
2512 2734 2782 2815 ἐθέλειν
2839 2732 3040 2838 αὐτῷ

574 2886 610 2930 0
631 2856 869 2937 πάντα
932 2863 1111 2962 δρᾶν
1169 2858 1456 2963 λέγοντι
1523 2859 1706 2940 κατὰ
1771 2859 2136 2961 βούλησιν
2196 2869 2325 2940 τοῦ
2392 2856 2703 2960 Πατρὸς,
2764 2859 2883 2935 καὶ
2949 2853 3037 2935 τὸ
3067 2886 3142 2928 20

631 2979 810 3060 ἴδιον
847 2983 923 3061 ἐν
959 2987 1061 3089 τῷ
1114 2984 1378 3064 ἐκείνου
1428 2983 1814 3063 δεικνύοντι
1866 2983 2236 3084 θελήματι.
2309 2980 2394 3064 τὸ
2443 2979 2521 3062 δὲ
2566 2978 2806 3062 πάντα
2852 2976 3039 3059 κατὰ

632 3105 935 3203 θέλησιν
1000 3114 1129 3186 τοῦ
1202 3112 1275 3186 Π
1280 3106 1496 3211 ατρὸς
1558 3107 1987 3212 ἐργάζεσθαι
2048 3106 2176 3187 τὸν
2230 3103 2432 3203 Υὶὸν,
2492 3106 2620 3185 οὐκ
2683 3101 3040 3182 ἐλάττονα

631 3226 845 3331 δείξει
882 3230 1000 3305 καὶ
1038 3229 1421 3332 ὑπουργὸν,
1460 3232 1629 3309 ἀλλ’
1668 3231 1756 3337 ἐξ
1799 3231 2017 3310 αὐτοῦ
2070 3233 2188 3310 καὶ
2238 3233 2314 3310 ἐν
2352 3230 2546 3335 αὐτῷ
2595 3229 2710 3307 καὶ
2761 3225 3025 3325 ὄμοού-

633 3380 821 3426 σιον.
902 3348 1138 3449 ἐπειδὴ
1191 3349 1330 3453 γάρ
1380 3355 1582 3432 ἐστιν
1628 3350 1839 3436 αὐτὸς
1894 3354 1941 3453 ἡ
1997 3354 2231 3455 σοφία
2284 3359 2414 3432 τοῦ
2454 3347 2777 3451 Πατρὸς,
2818 3350 2937 3426 καὶ
2988 3347 3036 3445 ἦ

635 3466 835 3571 ζῶσα
892 3470 1150 3571 βουλὴ,
1208 3475 1340 3577 οὐχ
1394 3472 1634 3577 ἕτερόν
1688 3510 1759 3554 τι
1813 3483 2040 3555 ποιεῖν
2095 3477 2444 3575 ὁμολογεῖ
2490 3474 2658 3576 παρ’
2710 3469 2888 3572 ὅπερ
2943 3467 3037 3549 ἂν
3068 3495 3148 3557 25

632 3593 989 3693 βούληται
1026 3592 1247 3699 τυχὸν
1285 3598 1325 3674 5
1365 3597 1645 3699 Πατὴρ,
1684 3598 1767 3677 οὗ
1817 3602 1933 3678 καὶ
1983 3597 2142 3677 ἔστι
2184 3601 2301 3677 καὶ
2338 3596 2572 3700 σοφία
2604 3599 2719 3675 καὶ
2755 3595 3029 3693 βουλὴ,

633 3719 783 3795 ἐπεὶ
820 3720 936 3796 καὶ
979 3716 1273 3803 σύνεσις
1324 3720 1369 3819 ἡ
1417 3722 1493 3800 ἐν
1528 3721 1696 3819 ἡμῖν
1734 3722 1862 3801 οὐκ
1899 3723 2026 3827 ἀφ’
2068 3724 2321 3822 ἑαυτῆς
2366 3753 2436 3800 τι
2486 3725 2691 3815 ποιεῖ,
2731 3715 3038 3817 σύμπαν

635 3837 712 3919 δὲ
771 3841 855 3921 τὸ
922 3840 1089 3940 ἡμῖν
1149 3845 1406 3923 δοκοῦν
1465 3845 1899 3948 ἀποπληροῖ.
2001 3849 2120 3924 καὶ
2182 3841 2438 3947 μικρὸν
2495 3841 2626 3942 μὲν
2692 3845 2789 3926 ὡς
2850 3837 3039 3944 πρὸς

705 4124 757 4172 4.
792 4105 983 4175 ἀληθὲς
1009 4105 1056 4160 Β
1062 4124 1125 4162 .8.
1153 4107 1271 4162 Cat.
1298 4108 1452 4163 Harl.
1475 4107 1682 4177 ἀληθῶς
1708 4107 1811 4164 Ed.
2151 4122 2203 4177 5.
2240 4107 2319 4165 ἐπ’
2344 4107 2630 4175 ἀνθρώπων
2650 4123 2700 4162 8.
2728 4105 2846 4160 Cat.
2876 4105 3037 4161 Harl.

635 4174 686 4229 6.
724 4198 857 4233 τινες
879 4178 1061 4269 ἄνδρες
1084 4177 1213 4233 δύο
1199 4196 1413 4233 mverso
1437 4177 1626 4234 ordine
1649 4196 1699 4234 8.
2018 4179 2070 4233 8.
2108 4179 2293 4262 λε’γετέ
2314 4201 2392 4236 τις
2417 4178 2485 4233 Β.
2508 4176 2723 4249 λέγεταί
2745 4198 2824 4232 τις
2851 4175 3038 4232 Holst.

633 4245 831 4317 λεγέτω
856 4244 929 4304 εἷς
952 4266 981 4302 e
1008 4246 1126 4304 Cat.
1157 4247 1309 4304 Harl.
1334 4249 1637 4303 emendavit
1660 4248 1805 4303 Aub.
1903 4250 1934 4302 ὁ
1957 4250 2224 4320 assumpsi
2249 4267 2313 4303 ex
2337 4266 2386 4303 8.
2607 4264 2690 4303 10.
2726 4245 2951 4333 φήσειεν
2973 4246 3042 4301 ἂν

635 4333 683 4370 8.
697 4269 827 4370 Cat.
857 4317 1010 4373 Harl.
1035 4319 1154 4387 φ’σ
1155 4340 1262 4373 αιεν
1284 4319 1347 4373 ἃν
1374 4318 1437 4374 Β.
1462 4323 1631 4390 φησιν
1658 4318 1755 4374 Ht.
1782 4318 1883 4373 Ed.
2079 4322 2162 4375 18.
2198 4321 2258 4374 τὸ
2281 4319 2530 4390 ἀχάλινον
2551 4323 2655 4372 τῶν
2677 4315 3037 4371 ἀπειθούντων

635 4386 809 4455 θυμῶν
835 4387 898 4442 Β.
925 4341 1229 4444 emengavit
1256 4388 1353 4444 Ht.
1697 4406 1777 4458 19.
1813 4392 1885 4461 τῷ
1915 4389 1981 4445 Β.
2012 4388 2109 4444 Ht.
2136 4390 2440 4445 emendavit
2463 4407 2492 4443 e
2519 4388 2639 4443 Cat.
2666 4396 2727 4442 ut
2751 4386 2860 4442 vid.
2887 4386 3040 4442 Aub.

636 4521 722 4560 20.
761 4506 914 4589 κατὰ]
954 4515 1006 4573 ·-Ι-
1037 4509 1131 4578 τὴν
1153 4527 1202 4564 8.
1430 4525 1516 4564 22.
1552 4509 1963 4578 ἐλάττοναδείξει
1988 4510 2164 4582 (quasi
2190 4509 2410 4564 ε’λάττον
2433 4507 2714 4577 ἀναδείξει)
2742 4505 2807 4562 Β.
2883 4505 3042 4562 Nihil

633 4578 899 4634 varietatis
927 4582 1105 4635 notavi
1129 4599 1192 4635 ex
1218 4597 1267 4635 8.
1485 4595 1572 4647 25.
1611 4579 1781 4651 ζῶσα]
1810 4581 1978 4651 ζωηρὰ
2000 4597 2051 4636 8.
2078 4580 2196 4636 Cat.
2228 4580 2382 4636 Harl.
