3238 5158
579 357 710 420 230
1185 356 1262 419 Β.
1311 354 1735 419 CYRILLI
1796 353 2373 419 ALEXANDR.
2657 373 2718 412 x.
2754 368 2855 428 14,
2889 360 2994 427 15.

486 616 558 678 ¹5
713 605 828 671 Καὶ
882 604 1182 681 Γινώσκω
1235 605 1314 670 τὰ
1371 605 1494 682 ὲμά
1554 604 1662 670 καὶ
1717 603 2101 681 Γινώσκουσί
2154 626 2233 681 με
2287 601 2365 668 τὰ
2420 601 2567 678 ἐμά·
2647 596 2869 663 καθὼς

838 730 1138 805 Γινώσκει
1192 755 1272 808 με
1325 733 1361 798 ὁ
1416 732 1647 821 Πατήρ
1704 730 1884 804 κᾶε-ὼ
1937 728 2238 805 Γινώσκω
2289 727 2403 794 τὸν
2455 727 2745 815 Πατέρα.

694 892 1330 998 Ἀπεριεργότερον
1380 895 1511 993 μὲν
1561 896 1678 976 ἐπὶ
1725 894 1956 1002 τούτῳ
2005 895 2186 1001 φαίη
2234 927 2342 977 τις
2392 890 2481 973 ἂν
2513 891 2751 992 ἕτερον
2788 885 2995 967 οὐδὲν

585 1022 1091 1116 βεβουλῆσθαι
1154 1024 1657 1120 κατασημῆναι
1720 1017 1849 1100 τὸν
1908 1018 2199 1122 Κύριον,
2263 1015 2310 1118 ἢ
2376 1017 2486 1097 ὅτι
2548 1011 2800 1120 σαφὴς
2860 1008 2995 1111 μὲν

589 1138 800 1225 αὐτὸς
865 1139 1072 1222 ἔσται
1139 1150 1286 1227 τοῖς
1353 1144 1629 1242 ἑαυτοῦ,
1685 1145 1801 1224 καί
1866 1150 2015 1227 τοῖς
2081 1148 2178 1226 εἰς
2241 1139 2460 1222 αὐτὸν
2520 1139 2994 1221 πιστεύουσιν
3018 1160 3057 1221 5

590 1266 1098 1370 ἀταλαίπωρον
1131 1274 1479 1372 χαριεῖται
1528 1266 1660 1367 τὴν
1706 1269 1869 1370 περὶ
1918 1267 2136 1346 αὐτοῦ
2185 1272 2481 1369 γνῶσιν,
2518 1263 2995 1366 ἐπιγνώσεται

591 1388 668 1469 δὲ
723 1393 838 1470 καὶ
894 1391 1107 1476 αὐτὸς
1160 1389 1327 1477 τοὺς
1382 1392 1619 1490 ἰδίους,
1672 1393 1800 1473 οὐκ
1856 1389 2200 1491 ἀνόνητον
2245 1387 2580 1492 δηλονότι
2638 1386 2723 1468 τὸ
2779 1385 2994 1489 γινώ-

256 1535 388 1590 652
409 1533 487 1591 A.
530 1548 567 1588 a
591 1520 903 1594 σκεσθαι
951 1512 1303 1600 καθιστὰς
1352 1524 1498 1600 τοῖς
1548 1524 1763 1596 τοῦτο
1812 1515 1901 1614 δὴ
1952 1524 2294 1621 λαχοῦσι.
2382 1516 2458 1595 τί
2503 1512 2648 1617 γὰρ
2699 1514 2997 1615 ἐροῦμεν

590 1639 674 1720 τὸ
711 1638 999 1736 ἄμεινον
1035 1648 1164 1720 τοῦ
1199 1640 1694 1743 γινώσκεσθαι
1732 1646 1947 1749 Θεῷς
2010 1638 2248 1740 ἐπειδὴ
2295 1637 2373 1719 δὲ
2414 1637 2842 1742 πικροτέραν
2878 1635 2993 1742 ἐφ’

590 1766 816 1870 ἑαυτῷ
852 1762 984 1864 τὴν
1020 1763 1356 1859 βάσανον
1393 1767 1663 1872 ἐξαιτεῖ
1703 1801 1860 1851 πως
1909 1764 1994 1846 τὸ
2045 1765 2411 1870 εἰρημένον
2447 1762 2561 1844 διὰ
2612 1759 2697 1843 τὸ
2744 1794 2989 1864 προσ·
3026 1789 3105 1831 10

592 1892 871 1966 κεῖσθαι
907 1887 1237 1984 μάλιστα
1284 1888 1524 1976 Καθὼς
1561 1890 1878 1992 γινώσκει
1925 1927 2017 1995 με
2071 1899 2101 1971 ὁ
2146 1887 2374 1995 Hau-hp
2429 1885 2632 1990 κάγὼ
2682 1892 3000 1988 γινώσκω

593 2011 697 2091 τὶν
737 2009 1033 2119 Πατέρα·
1096 2012 1268 2120 φέρε
1318 2012 1505 2117 πρὸς
1551 2014 1888 2115 τοιαύτην
1923 2015 2141 2113 ἴωμεν
2177 2021 2305 2094 τοῦ
2350 2010 2816 2115 προκειμένου
2864 2008 3001 2109 τὴν

596 2133 889 2217 ἔννοιαν.
966 2137 1051 2215 οὗ
1099 2136 1265 2242 γὰρ,
1305 2135 1524 2237 οἶμαι,
1563 2141 1671 2223 τίς
1718 2141 1867 2242 ε’ρεῖ
1907 2145 2053 2219 τῶν
2090 2138 2487 2243 ἐῤῥωμένον
2524 2135 2837 2242 ἐχόντων
2870 2133 3001 2214 τὸν

596 2266 764 2339 νοῦν
801 2261 1245 2366 κατισχύσαι
1293 2269 1439 2342 τῶν
1485 2260 1714 2344 ὄντων
1759 2260 1919 2343 τινὰ
1967 2262 2303 2363 τοιαύτην
2337 2262 2689 2342 δύνασθαι
2738 2264 3001 2354 λαβεῖν

594 2385 757 2485 περὶ
797 2388 1128 2488 Χριστοῦ
1177 2384 1311 2487 τὴν
1348 2393 1652 2489 γνῶσιν,
1695 2388 2044 2492 ὁποίαπερ
2100 2385 2192 2468 ἂν
2241 2387 2346 2487 εἵη
2400 2383 2621 2491 τυχὸν
2670 2383 2717 2483 ἡ
2773 2385 2847 2462 ἐν
2895 2389 3001 2490 τῷ
3032 2412 3106 2473 15

599 2512 766 2614 Θεῷ
818 2510 934 2588 καὶ
984 2514 1223 2616 Πατρὶ
1271 2514 1432 2615 περὶ
1489 2513 1732 2593 αὐτοῦ.
1814 2511 2033 2611 μόνος
2083 2509 2226 2617 γὰρ
2278 2507 2466 2593 οἶδεν
2515 2512 2556 2591 ὃ
2604 2508 2863 2612 Πατὴρ
2913 2507 3001 2589 τὸ

530 2648 573 2712 b
600 2632 776 2713 ἴδιον
829 2633 1167 2736 γέννημα,
1225 2636 1653 2739 γινώσκεται
1715 2635 1790 2717 δὲ
1850 2636 1988 2717 ὑπὸ
2043 2636 2267 2736 μόνου
2320 2647 2449 2717 τοῦ
2505 2635 2683 2716 ἰδίου
2736 2632 2995 2737 γεννή-

599 2792 849 2857 ματος.
932 2770 976 2807 “
1005 2760 1262 2845 Οὐδεὶς
1309 2760 1455 2864 γὰρ
1506 2756 1651 2841 οἶδε
1701 2760 1829 2840 τὸν
1864 2758 2044 2840 Υἰὸν
2081 2767 2138 2841 εἰ
2182 2760 2284 2862 μὴ
2323 2763 2363 2840 ὁ
2404 2758 2682 2863 Πατὴρ,
2719 2758 2872 2838 οὐδ’
2911 2758 3004 2837 αὖ

601 2894 645 2931 “
683 2883 809 2964 τὸν
833 2884 1128 2988 Πατέρα
1161 2920 1269 2969 τις
1308 2882 1451 2966 οἰδε
1488 2887 1565 2966 τί
1594 2888 1795 2966 ἐστιν
1832 2891 1891 2966 εἰ
1924 2884 2026 2984 μὴ
2063 2887 2102 2964 ὃ
2138 2884 2374 2984 Υἱὸς,”
2402 2883 2585 2966 κατὰ
2615 2883 2748 2984 τὴν
2782 2882 3005 2962 αὐτοῦ

601 3016 728 3089 τοῦ
766 3013 1105 3112 Σωτῆρος
1153 3008 1429 3117 φωνήν.
1493 3008 1603 3090 ὅτι
1653 3009 1785 3109 μὲν
1828 3009 1973 3113 γὰρ
2010 3008 2200 3094 Θεὸς
2250 3012 2290 3089 ὁ
2332 3006 2592 3114 Πατὴρ
2642 3010 2760 3088 καί
2811 3006 3006 3091 Θεὸς
3035 3047 3113 3087 20

603 3133 863 3231 ὁμοίως
900 3134 1239 3231 ἀληθινὸς
1277 3137 1317 3214 ὁ
1355 3134 1551 3232 Υἱὸς,
1591 3134 1804 3231 ἴσμεν
1838 3168 1914 3213 τε
1965 3137 2082 3213 καὶ
2133 3132 2732 3232 πεπιστεύκαμεν·
2794 3129 2881 3212 τὸ
2926 3131 3005 3213 δὲ

601 3257 679 3335 τί
730 3257 882 3336 κατ’
924 3258 1178 3338 οὐσίαν
1230 3262 1431 3338 ἐστὶν
1476 3260 1521 3359 ἡ
1573 3258 1876 3363 ἄῤῥητος
1930 3258 2173 3365 φύσις,
2210 3260 2594 3367 ἀνέφικτον
2627 3263 3009 3341 παντελῶς

602 3380 771 3477 ἡμῖν
819 3414 896 3459 τε
954 3384 1072 3461 καὶ
1128 3389 1275 3490 τοῖς
1327 3383 1582 3468 ἅλλοις
1634 3389 1953 3486 λογικοῖς
2005 3383 2384 3484 κτίσμασι.
2461 3388 2617 3467 πῶς
2671 3383 2796 3462 οὖν
2848 3386 3010 3460 ἰσο-

602 3503 877 3606 μέτρως
929 3501 1271 3600 εἰσόμεθα
1321 3513 1423 3613 τῷ
1472 3510 1713 3612 Πατρὶ
1763 3506 1888 3588 τὸν
1926 3506 2156 3605 Υἰόν;
2219 3508 2567 3612 ἀθρητεόν
2616 3505 2760 3610 γὰρ
2811 3504 3011 3588 ὅπως

544 3665 579 3708 e
604 3628 1140 3729 ἐπιγνώσεσθαι
1215 3629 1346 3728 μὲν
1412 3630 1625 3714 αὐτὸς
1700 3632 1887 3731 ἡμᾶς
1961 3632 2488 3738 διισχυρίζεται,
2557 3628 3010 3734 ἐπιγνωσθῆ-
3046 3656 3120 3718 25

602 3760 869 3835 σεσθαι
933 3751 1008 3833 δὲ
1070 3755 1239 3858 παρ’
1299 3755 1501 3854 ἡμῶν
1558 3758 1656 3840 ὡς
1720 3754 1909 3838 οἶδεν
1965 3756 2176 3844 αὐτὸς
2239 3758 2368 3838 τὸν
2426 3757 2722 3860 Πατέρα
2785 3759 2905 3836 καὶ
2972 3756 3015 3834 ὁ

607 3876 870 3979 Πατὴρ
934 3876 1170 3960 αὐτόν.

719 4002 1008 4081 Οὐκοῦν
1060 4002 1632 4111 ἐπεξεργαστέον
1681 4009 1799 4086 καὶ
1848 4007 2010 4087 τίνα
2057 4013 2205 4093 τοῖς
2254 4005 2637 4111 εἰρημένοις
2683 4003 3015 4113 ἐφαρμό-

604 4158 853 4226 σωμεν
892 4128 1214 4231 θεωρίαν,
1254 4130 1381 4209 οὐκ
1428 4128 1573 4212 ἀπὸ
1618 4138 1749 4210 τοῦ
1789 4131 2255 4234 προκειμένου
2293 4132 2663 4237 φέρουσαν
2698 4137 3013 4211 σκοποῦ·

266 2761 509 2840 S3Matth.

262 2845 332 2880 ιι.
363 2838 440 2892 27.

266 3130 431 3193 Supra

268 3196 330 3258 58
336 3210 364 3258 3
382 3211 429 3247 a.

682 4404 734 4458 9.
770 4388 1104 4461 πικροτέραν]
1130 4390 1422 4463 βαθυτέραν
1446 4410 1493 4446 a.
1523 4392 1643 4448 Cat.
1672 4394 1826 4449 Harl.
2046 4411 2129 4449 10.
2165 4394 2371 4449 ἀπαιτεῖ
2393 4410 2441 4448 ι.
2662 4409 2743 4447 12.
2780 4392 3027 4462 τοιαύτην

612 4457 677 4512 Β.
705 4458 863 4527 αὐτὴν
893 4458 1072 4515 Holst.
1099 4461 1202 4516 Ed.
1447 4464 1529 4519 18.
1567 4463 1632 4520 αὖ
1657 4483 1705 4521 a.
1731 4465 1794 4520 ἂν
1819 4464 1923 4519 Ed.
2184 4483 2267 4537 19.
2304 4466 2356 4519 τί
2379 4465 2526 4520 ἐστιν
2554 4463 2618 4518 Β.
2648 4463 2745 4518 Ht.
2770 4467 2849 4520 τίς
2873 4463 3027 4519 ἐστιν

611 4527 758 4584 Aub.
833 4528 1102 4585 Neutrum
1127 4531 1289 4586 habet
1314 4551 1362 4587 a.
1614 4552 1701 4601 24.
1739 4537 1840 4626 γὰρ
1866 4553 1973 4591 om.
2000 4537 2145 4592 Aub.
2399 4549 2485 4607 25.
2525 4533 3024 4607 ἐπιγνωσθήσεσθαι

608 4599 914 4656 emendavit
943 4618 972 4656 e
999 4601 1118 4657 Cat.
1145 4613 1207 4658 ut
1240 4602 1347 4659 vid.
1375 4604 1519 4660 Aub.
1545 4615 1598 4661 et
1624 4607 1698 4661 ita
1722 4625 1768 4662 a.
1795 4608 2181 4678 επιγνώσεσθιιι
2211 4607 2274 4664 Β.
2304 4607 2402 4662 Ηῑ.
