3238 5158
188 309 327 377 xiv,
357 326 418 393 7.
776 312 886 384 IN
947 312 1015 379 8.
1062 311 1580 379 JOANNEM.
1673 312 1871 379 LIB.
1917 314 2037 379 IX.
2476 314 2603 377 411

307 472 553 564 Οὐδεὶς
608 479 736 559 οὖν
791 477 948 585 ἥξει
1001 478 1169 587 πρὶς
1233 479 1336 560 τὶν
1396 478 1700 584 Πατέρα,
1760 480 2114 577 τουτέστι,
2174 478 2368 560 θείας
2435 480 2607 556 ἀνα-

192 600 655 708 δειχθήσεται
704 602 1000 710 φύσεως
1052 602 1410 703 κοινωνὸς,
1450 611 1503 685 εἰ
1551 602 1648 708 μῆ
1685 602 1805 685 διὰ
1840 609 2172 706 Χριστοῦ
2216 601 2465 704 μόνου.
2546 607 2608 681 εἰ

190 723 297 826 μὴ
352 725 500 829 γὰρ
552 727 968 827 ἐμεσίτευσε
1021 725 1400 830 γενόμενος
1455 728 1852 830 ἅνθρωπος,
1912 730 2042 807 οὐκ
2098 725 2187 807 ἂν
2241 729 2339 811 εἱς
2393 734 2607 807 τοῦτο

193 851 720 955 μακαριότητος
777 854 1066 957 προῦβη
1131 851 1226 932 τά
1284 854 1451 933 καθ’
1513 852 1720 952 ἡμᾶς,
1780 848 1983 931 ἀλλὰ
2046 857 2164 931 καὶ
2228 849 2298 932 εἴ
2346 882 2455 934 τις
2512 848 2606 929 ἰὀι
2629 876 2665 921 ο

117 990 171 1053 5
197 973 384 1080 πρὸς
417 974 549 1056 τὸν
579 976 876 1080 Πατέρα
912 976 1033 1058 διὰ
1066 977 1384 1081 θεωρίας,
1409 981 1537 1077 τῆς
1572 978 1650 1057 ἐν
1683 976 1927 1057 πίστει
1963 978 2151 1083 φημὶ
2187 978 2304 1056 καὶ
2339 973 2609 1077 γνώσει

197 1105 291 1205 τῇ
339 1100 496 1180 κατ’
534 1100 926 1199 εὐσέβειαν,
966 1102 1053 1183 δι’
1093 1102 1313 1182 αὐτοῦ
1367 1100 1597 1182 πάλιν
1632 1099 1791 1207 ἥξει
1843 1108 1974 1181 τοῦ
2025 1102 2363 1203 Σωτῆρος
2406 1098 2612 1198 ἡμῶν

197 1228 556 1328 Χριστοῦ.
634 1225 814 1330 ὅπερ
849 1225 994 1330 γὰρ
1031 1226 1216 1333 ἔφην
1251 1222 1531 1330 ἀρτίως,
1569 1227 1709 1329 ε’ρῶ
1759 1222 1849 1324 δὴ
1898 1222 2145 1323 πάλιν,
2183 1224 2318 1328 οὐχ
2358 1221 2611 1324 ἑτέρως

199 1347 491 1455 ἔχοντος
527 1358 656 1431 τοῦ
705 1350 936 1453 λόγου
984 1348 1212 1449 οἶμον.
1287 1346 1876 1456 προσδεξάμενος
1923 1346 2070 1451 γάρ
2115 1382 2224 1433 τις
2264 1345 2393 1427 τὸν
2428 1344 2622 1426 Υἱὸν

198 1477 300 1558 εἷς
355 1471 510 1555 υἱὸν
562 1475 873 1575 ἀληθῶς,
929 1476 1046 1556 ἐπὶ
1107 1473 1243 1574 τὴν
1293 1483 1423 1555 τοῦ
1481 1478 1676 1555 Θεοῦ
1739 1475 1860 1553 καὶ
1917 1470 2209 1577 Πατρὸς
2273 1470 2611 1578 ἀφίξεται

89 1631 179 1674 10
203 1603 507 1701 γνῶσιν·
598 1596 759 1680 οὐδὲ
816 1596 963 1704 γάρ
1025 1596 1173 1684 υἱός
1238 1597 1586 1705 ὑπάρχειν
1640 1604 1895 1693 νοοῖτο,
1948 1596 2052 1697 μὴ
2108 1597 2270 1701 οὐχὶ
2320 1593 2613 1679 πάντως

203 1723 834 1835 συνεισδεχθέντος
904 1723 1101 1832 αὐτῷ
1171 1731 1304 1804 τοῦ
1375 1720 1707 1806 τεκόντος
1780 1717 2017 1802 αὐτόν.
2116 1717 2611 1823 συνειστρέχει

203 1842 349 1949 γάρ
404 1850 562 1951 Υἱῷ
613 1844 747 1943 μὲν
797 1847 843 1948 ἦ
898 1854 1060 1950 περὶ
1119 1844 1415 1950 Πατρὸς
1468 1852 1764 1949 γνῶσις,
1815 1848 2051 1949 Πατρὶ
2108 1844 2184 1925 δὲ
2238 1844 2330 1925 αὖ
2382 1840 2611 1924 πάλιν

201 1970 250 2070 ἦ
283 1971 449 2074 περὶ
485 1975 686 2053 Υἱοῦ.
763 1973 1020 2052 οὐκοῦν
1055 1972 1336 2072 ἀληθὴς
1372 1974 1413 2052 ὃ
1455 1969 1725 2074 Κύριος
1770 1969 2011 2073 λέγων
2046 1964 2295 2055 Οὐδεὶς
2345 1967 2610 2076 ἔρχεται
2636 1977 2681 2044 d

201 2091 367 2202 πρός
425 2093 530 2176 τὶν
586 2093 869 2200 Πατέρα
928 2103 982 2177 εἰ
1039 2093 1137 2201 μὴ
1197 2092 1278 2176 δι’
1337 2096 1517 2201 ἑμοῧ,
1574 2092 1687 2174 ὅτι
1744 2092 2024 2200 φυσικὴ
2084 2098 2202 2174 καὶ
2260 2091 2614 2192 οὖσιώδης

90 2232 179 2296 15
204 2217 411 2298 εἰκὼν
453 2225 584 2298 τοῦ
633 2223 826 2299 Θεοῦ
882 2222 1000 2299 καὶ
1047 2218 1344 2322 Πατρός
1392 2220 1594 2299 ἐστιν
1645 2220 1686 2298 ὁ
1733 2216 1935 2316 Υἱὸς,
1975 2220 2096 2299 καὶ
2150 2217 2235 2298 οῦ
2288 2213 2614 2317 καθάπερ
2679 2252 2690 2277 ¹

203 2339 417 2449 ἔδοξέ
471 2374 687 2439 τισιν,
746 2344 1077 2428 ἐπακτοῖς
1139 2342 1511 2448 ἀξιώμασι
1574 2339 2050 2448 μεμόρφωται
2112 2339 2297 2445 πρὸς
2358 2338 2608 2438 αὐτὸν,

204 2463 449 2571 ἕτερόν
484 2501 554 2548 τι
588 2469 742 2547 κατ’
784 2467 1044 2548 οὐσίαν
1080 2466 1428 2573 ὑπάρχων
1462 2468 1583 2547 καὶ
1621 2466 2022 2566 νοούμενος.

472 2642 546 2712 Εἰ
597 2645 947 2722 ὲΓνώκειτὲ
998 2670 1100 2729 με,
1154 2644 1262 2713 καὶ
1314 2647 1428 2716 τὸν
1479 2647 1744 2738 Πατέρα
1798 2637 1923 2723 μου
1976 2643 2054 2713 ἄν
2111 2643 2352 2737 ᾔδειτε.
2637 2668 2674 2732 ⁸1

325 2790 568 2873 Αὐτὸν
602 2792 689 2893 δὴ
728 2795 892 2875 καθ’
929 2796 1187 2875 ἑαυτοῦ
1223 2795 1403 2903 φαίη
1442 2828 1552 2880 τις
1599 2793 1688 2874 ἀν
1726 2793 1906 2878 ἴσως
1942 2795 2060 2873 καὶ
2094 2792 2358 2893 οἰηθείη
2394 2787 2614 2895 τυχὸν

93 2954 185 2997 20
210 2916 677 3021 διαλέγεσθαι
731 2916 859 2998 τὸν
903 2916 1107 3001 Υὶόν.
1201 2919 1345 3025 ἕχει
1401 2918 1478 2999 δὲ
1533 2919 1669 3024 οὐχ
1724 2919 1970 3004 οὕτως.
2063 2917 2148 2996 οὐ
2201 2913 2346 3019 γὰρ
2402 2914 2492 2996 ἄν
2545 2947 2617 2994 τι

208 3048 357 3125 τῶν
415 3041 695 3122 εἶκαίων
747 3042 1157 3150 ἐφθέγξατο
1211 3046 1329 3123 καὶ
1385 3050 1764 3147 περιττῶν,
1823 3048 1882 3122 εἶ
1945 3043 2063 3121 καὶ
2123 3037 2233 3121 ὅτι
2286 3037 2618 3140 μάλιστα

210 3165 330 3249 διὰ
386 3163 473 3247 τὸ
531 3164 633 3267 μὴ
697 3165 995 3275 σφόδρα
1058 3166 1418 3248 δύνασθαί
1477 3201 1676 3253 τινας
1739 3173 1887 3252 τοῖς
1950 3164 2363 3269 λεγομένοις
2435 3165 2610 3243 ἀκο-
2640 3203 2678 3248 e

211 3297 520 3389 λουθεῖν,
574 3289 1135 3398 χρησιμωτάτην
1191 3291 1353 3372 ἔσθ’
1408 3289 1522 3372 ὅτε
1581 3298 1885 3374 ποιεῖται
1939 3287 2072 3392 τὴν
2126 3288 2611 3395 ἐπανάληψιν.

210 3413 412 3516 πλὴν
447 3414 524 3495 ἕν
560 3448 646 3517 γε
694 3419 797 3526 τῷ
848 3414 1154 3520 πάροντι
1202 3413 1400 3497 πολὺ
1448 3413 1536 3515 δὴ
1588 3416 1757 3496 λίαν
1805 3414 2127 3516 ὀνίνησιν
2162 3415 2372 3516 ἡμᾶς,
2413 3417 2618 3495 ταυτὶ

102 3567 186 3630 25
212 3545 361 3623 τοῖς
431 3539 741 3643 πρώτοις
813 3537 1353 3645 προσενεγκών.
1460 3537 1704 3640 ἐπειδὴ
1779 3537 1925 3643 γὰρ
2000 3538 2501 3620 διεπυνθάνετο
2576 3540 2617 3618 ὃ

215 3669 488 3765 Θωμᾶς
529 3670 692 3744 Ποῦ
727 3661 873 3768 γάρ
908 3661 1305 3769 ἀπελεύσῃ,
1342 3663 1602 3766 λέγων,
1640 3661 1686 3765 ἢ
1722 3670 1877 3747 πῶς
1913 3661 2001 3742 ἀν
2039 3663 2236 3763 ἡμεῖς
2278 3664 2619 3763 εἰδείημεν

214 3785 348 3887 τὴν
403 3785 590 3887 ὁδὸν,
641 3785 727 3869 τὸ
784 3787 949 3869 ὅποι
1003 3784 1182 3869 ποτὲ
1234 3791 1457 3893 βαδιῇ
1513 3785 1615 3888 μὴ
1667 3786 2168 3891 γινώσκοντες,
2216 3788 2621 3889 ἀναγκαίως

2594 3913 2617 3942 x
2709 3899 2876 3965 Supra

214 3909 534 4021 ἔφασκεν
571 3923 615 3960 “
640 3909 840 4016 Ἐγώ
878 3918 1019 4012 εἶμι
1068 3912 1112 4014 ἡ
1165 3908 1328 3995 ὁδος
1380 3915 1499 3992 καὶ
1548 3911 1593 4011 ἡ
1643 3909 1785 4013 ζωὴ
1833 3912 1955 3991 καὶ
2004 3911 2047 4010 ἡ
2098 3909 2462 4012 ἀλήθεια,”
2502 3945 2619 3991 και
2709 3982 2816 4015 ver
2839 3964 2889 4015 6.

219 4070 331 4117 οτι
393 4046 437 4084 “
465 4037 722 4120 Οὐδεὶς
781 4035 1061 4143 ἔρχεται
1122 4070 1306 4140 προς
1369 4035 1500 4115 τὸν
1564 4037 1879 4139 Πατέρα,
1938 4068 1999 4114 ει
2062 4032 2164 4135 μὴ
2231 4037 2315 4114 δι’
2378 4037 2596 4131 ἐμοῦ)
2601 4037 2682 4106 'a
2727 4051 2860 4109 '7¹70
2883 4049 2965 4106 A.

108 4199 193 4260 30
220 4156 491 4247 δεικνὺς
526 4161 948 4259 ἐντεῦθεν,“
904 4196 1001 4247 ως
1038 4159 1235 4265 εἴπερ
1286 4194 1392 4246 τις
1438 4157 1788 4255 βούλοιτο
1838 4156 1970 4259 τὴν
2007 4155 2174 4239 ὁδον
2210 4153 2488 4256 ειδέναι,
2535 4161 2619 4238 δι’

218 4281 403 4495 ἧς’*
358 4319 450 4365 αν
421 4283 576 4493 όῖῃ
630 4317 812 4387 προς
866 4281 1050 4385 ζωὴν
1103 4283 1238 4386 τὴν
1294 4285 1601 4384 αἰώνιον,
1655 4280 2146 4392 φιλονεικήσει
2198 4280 2287 4383 δὴ
2336 4282 2626 4367 πάντως

565 4439 795 4563 ριστοῦ
820 4435 965 4493 Catt.
1149 4451 1201 4509 7.
1234 4437 1290 4492 δὲ
1316 4437 1383 4493 Ε.
1481 4436 1597 4506 ἐτέρ
1602 4458 1671 4492 ων
1697 4436 1763 4492 E.
1950 4437 2002 4492 8.
2039 4435 2458 4507 παραδεξάμενος
2481 4435 2625 4492 Catt.

313 4510 389 4568 εἷς
441 4510 512 4570 ὥς
452 4460 624 4564 Qu
828 4524 912 4563 12.
947 4506 1133 4581 turpe]
1157 4508 1405 4580 πνεύματι
1434 4458 1597 4565 Cattf
1763 4524 1847 4580 19.
1885 4507 2012 4563 αὐτό
2035 4507 2115 4563 δεῖ
2141 4506 2207 4564 E.
2376 4506 2464 4563 26.
2499 4507 2625 4563 ἀπε-

218 4527 403 4639 {num
429 4581 496 4637 E.
604 4573 843 4652 ἦδείημεν
864 4579 1010 4636 Aub.

1334 4670 1373 4737 3
1405 4668 1445 4713 G
1479 4667 1517 4715 2
