3238 5158
289 2596 367 2645 Of.
395 2611 500 2644 ver.

294 2676 372 2725 ²3·
394 2666 448 2710 et

289 2742 442 2791 supra

290 2808 357 2859 94
372 2808 419 2843 ι.

617 331 747 396 502
1233 335 1310 401 B.
1358 335 1784 402 CYRILLI
1845 302 2426 402 ALExANDR.
2791 336 2931 401 xiv.
2963 355 3064 418 η,

621 497 828 578 ἐστιν
868 496 916 599 ἢ
967 498 1261 604 ἀγαθὸς,
1307 508 1369 582 εὶ
1421 505 1538 583 καὶ
1588 504 1719 584 οὐκ
1773 508 1874 588 εἶς
1925 503 2152 605 ἀκρον
2193 502 2544 605 πονηρίας
2599 499 2862 652 τυχὸν,
2903 501 3066 601 ἤτοι

622 626 753 721 τῆς
805 624 1278 727 ἀγαθότητος.
1360 628 1619 707 οὐκοῦν
1667 625 2052 732 ἰσχύοντος
2105 630 2185 707 ἐν
2227 628 2401 727 ἡμῖν
2446 633 2579 706 τοῦ
2633 623 2822 723 ἐνὸς,
2872 628 3059 704 ἀτο-

627 746 832 848 νήσει
884 747 1175 834 πάντως
1227 747 1314 831 τὸ
1368 748 1631 855 ἕτερον,
1663 750 2019 850 τουτέστι,
2057 749 2145 832 τὸ
2195 750 2527 835 ἐναντίως
2571 783 2775 854 εχον.
2861 754 2932 828 εἶ
2984 749 3064 828 δὲ

557 873 663 942 b'
626 899 702 951 εν
742 878 849 979 τῷ
898 877 1212 975 τηρῆσαι
1260 873 1391 959 τὰς
1433 873 1735 959 ἐντολὰς
1787 873 1874 955 τὸ
1928 879 2059 975 τῆς
2111 877 2369 979 ἀρετῆς
2417 870 2603 958 εἶδός
2655 874 2852 971 ἐστι,
2897 878 3062 957 πῶς

626 997 787 1101 οὐχὶ
851 995 1418 1101 προδηλότατον,
1479 1002 1576 1084 ὡς
1636 1001 1713 1079 ἐν
1766 1005 1873 1107 τῷ
1936 997 2038 1099 μὴ
2102 1003 2417 1102 τηρῆσαι
2477 1000 2610 1096 τῆς
2673 997 2946 1080 κακίας
3009 996 3058 1094 ἦ
3079 1020 3113 1079 5

625 1121 955 1223 γένεσις·
934 1181 957 1218 ‚
1039 1119 1404 1203 ἀπόκειται
1463 1120 1541 1202 δὲ
1608 1120 1861 1225 ὥσπερ
1923 1129 2029 1230 τῷ
2088 1119 2502 1226 τετηρηκότι
2566 1119 2655 1201 τὸ
2718 1120 2924 1225 ἔχειν
2975 1123 3058 1199 ἐν

625 1248 853 1352 ἑαυτῷ
902 1245 1029 1327 τὸν
1068 1247 1364 1349 Πατέρα
1412 1251 1530 1328 καὶ
1578 1246 1708 1328 τὸν
1743 1244 2025 1345 Yzbv,‘'
1985 1280 2163 1350 οπερ
2212 1248 2415 1327 ἐστὶν
2449 1244 2748 1344 ἀπάσης
2797 1251 3050 1344 θυμη-

628 1372 783 1455 δίας
846 1404 924 1451 τε
980 1376 1099 1452 καὶ
1158 1370 1376 1479 δόξης
1439 1368 1630 1477 ἀρχὴ
1695 1373 1813 1452 καὶ
1879 1369 2245 1455 ὑπόθεσις·
2330 1373 2518 1451 οὕτω
2581 1371 2703 1450 καὶ
2765 1374 2881 1475 τῷ
2946 1367 3051 1467 μὴ

627 1492 1025 1600 τηρήσαντι
1073 1494 1165 1576 ’το
1219 1496 1487 1597 ἥκιστα
1540 1501 1934 1601 μετασχεῖν
1987 1499 2116 1594 τῆς
2172 1495 2366 1580 θείας
2419 1528 2498 1575 τε
2547 1496 2665 1574 καὶ
2721 1495 3051 1598 ἀρρήτου

628 1618 941 1728 φύσεως,
980 1619 1155 1724 ὅπερ
1205 1622 1409 1701 ἐστὶν
1434 1619 1733 1706 ὀὐδενὸς
1781 1617 1868 1701 τὸ
1915 1616 2221 1720 σύμπαν
2263 1615 2671 1703 ἀπόλαυσις
2723 1618 3034 1719 ἀγαθοῦ.
3073 1657 3132 1697 ιο

628 1743 888 1824 οὐκοῦν
922 1743 989 1823 εἴ
1014 1778 1118 1853 τῳ
1163 1742 1395 1825 καλὸν
1428 1747 1545 1826 καὶ
1594 1744 2030 1852 ἀξιέραστον
2063 1741 2243 1824 εἶναι
2291 1747 2488 1823 δοκεῖ
2528 1740 2614 1822 τὸ
2660 1744 2796 1841 τῆς
2849 1743 3050 1826 θείας

569 1892 606 1938 0
631 1867 923 1975 φύσεως
988 1876 1442 1975 μεταλαχεΐν,
1499 1868 2037 1967 ἐνδιαιτώμενόν
2096 1901 2177 1947 τε
2238 1870 2356 1949 καὶ
2415 1869 2830 1947 ἐνοικοῦντα
2897 1875 3048 1950 τοῖς

628 1994 757 2091 τῆς
806 1991 1100 2093 καρδίας
1149 1993 1484 2092 ταμιείοις
1518 1990 1661 2073 ’τὸν
1696 1998 1841 2073 τῶν
1878 1990 2075 2072 ὅλων
2111 1990 2297 2096 ἔχειν
2332 1991 2628 2093 Πατέρα
2675 1992 2800 2069 καὶ
2848 1990 3047 2071 Θεὸν

627 2114 713 2195 δι’
754 2119 937 2195 Υἰοῦ
990 2118 1067 2196 ἐν
1104 2118 1494 2217 Πνεύματι,
1529 2114 1892 2220 διανιζέτω
1940 2112 2076 2216 τὴν
2117 2116 2370 2195 ἑαυτοῦ
2421 2111 2694 2221 ψυχὴν,
2734 2117 2860 2194 καὶ
2912 2114 3045 2215 τὴν

627 2241 704 2319 ἐκ
759 2242 891 2338 τῆς
945 2237 1425 2346 φαυλότητος,
1477 2239 1565 2321 δι’
1608 2237 1711 2320 ὧν
1766 2238 1858 2320 ἀν
1911 2239 2200 2321 δύναιτο
2246 2237 2560 2341 τρόπων,
2608 2245 2920 2337 μᾶλλον
2969 2239 3042 2319 δε
3069 2276 3125 2333 ¹5

627 2361 746 2444 διὰ
791 2363 1039 2465 πάσης
1089 2366 1578 2469 ἀγαθουργίας
1625 2366 2073 2468 ἀποτριβέτω
2111 2368 2394 2465 κηλῖδα.
2469 2371 2866 2468 χρηματιεῖ
2895 2362 3040 2465 γὰρ

626 2484 788 2568 τότε
841 2523 1009 2573 ναος
1059 2525 1282 2573 οντως
1317 2494 1537 2570 Θεοῦ·
1599 2488 2097 2569 ἀναπαύσεται
2147 2485 2223 2569 δὲ
2269 2489 2347 2567 ἐν
2385 2487 2580 2595 αὐτῷ
2629 2488 2753 2566 καὶ
2804 2522 3033 2568 κατα·

628 2612 863 2712 λύσει,
902 2613 1086 2695 κατὰ
1134 2649 1220 2696 το
1268 2611 1787 2718 γεγραμμένον.
1863 2614 1948 2694 οὐ
1983 2611 2130 2717 γὰρ
2166 2612 2375 2693 ἔσται
2412 2610 2566 2693 κατ’
2604 2615 2880 2692 ἐκεῖνον
2915 2614 3040 2695 τὸν

627 2739 705 2817 ἐν
746 2745 897 2822 τοῖς
952 2739 1394 2841 εὐαγγελίοις
1449 2737 1743 2839 νομικὸν
1791 2737 2328 2838 ὠνομασμένον,
2365 2733 2445 2821 ὃς
2485 2734 2620 2835 τὴν
2651 2735 2863 2839 παρὰ
2915 2746 3039 2818 τοῦ

631 2865 965 2965 Σωτῆρος
1023 2864 1108 2942 ού
1161 2864 1566 2966 περιμείνας
1614 2860 1847 2967 χάριν,
1892 2859 2336 2962 αὐτόκλητος
2382 2857 2559 2940 εἶναι
2611 2857 2799 2962 πρὸς
2857 2864 3029 2941 ἀκο-
3061 2895 3120 2933 20

558 2995 601 3060 d
628 2986 984 3086 λούθησιν
1038 2987 1202 3096 ἔφη,
1257 2990 1374 3068 καὶ
1432 2985 1564 3087 τὴν
1629 2987 1853 3071 οὕτως
1914 2984 2369 3094 ἀξιάγαστον
2428 2983 2768 3088 ἁρπάζων
2820 2984 3039 3085 τιμήν

523 3118 818 3217 φησι
881 3122 926 3160 “
946 3109 1396 3209 Διδάσκαλε,
1467 3108 1955 3210 ἀκολουθήσω
2029 3144 2154 3190 σοι
2225 3108 2409 3190 ὅπου
2482 3107 2605 3188 ἐὰν
2678 3109 3035 3216 ἀπέρχῃΡ

624 3233 829 3339 ἀλλὰ
882 3237 961 3316 τί
1005 3271 1188 3341 προς
1234 3234 1451 3317 αὐτον
1497 3236 1538 3314 ὁ
1596 3234 1886 3337 Κύριος,
1926 3239 2025 3319 ὡς
2075 3237 2153 3315 ἐν
2188 3237 2584 3339 παραβολῇ
2635 3235 2757 3312 καὶ
2806 3235 3039 3335 αινίγ-

623 3392 843 3459 ματι;
908 3370 951 3408 “
975 3366 1072 3440 Αἱ
1127 3361 1493 3444 ἀλώπεκες
1545 3356 1875 3466 φωλεοὺς
1930 3360 2205 3465 ἔχουσι,
2250 3362 2367 3439 καὶ
2411 3355 2504 3437 τὰ
2555 3354 2854 3437 πετεινὰ
2909 3365 3038 3436 τοῦ

623 3495 668 3533 “
705 3485 1007 3587 ούρανοῦ
1053 3484 1667 3583 κατασκηνώσεις,
1705 3484 1745 3563 ὃ
1784 3481 1862 3563 δὲ
1901 3483 2049 3569 υἱὸς
2091 3491 2220 3564 τοῦ
2271 3480 2657 3586 ἀνθρώπου
2705 3481 2841 3561 οὐκ
2894 3481 3036 3585 ἔχει
3064 3508 3126 3567 25

624 3618 668 3657 ‘⁴
702 3615 847 3689 ποῦ
917 3607 1051 3707 τὴν
1121 3603 1452 3713 κεφαλὴν
1526 3607 1762 3714 κλίνῃ.
1770 3605 1810 3634 ”
1900 3608 2283 3691 ἀλώπεκας
2366 3604 2444 3685 δὲ
2520 3607 2640 3684 καὶ
2722 3606 3038 3709 οὐρανοῦ

618 3729 926 3830 πετεινὰ,
963 3728 1126 3814 τοὺς
1163 3729 1614 3834 πανούργους
1650 3735 1768 3811 καὶ
1805 3729 2251 3833 ἀκαθάρτους
2287 3728 2623 3829 ὠνόμασε
2663 3732 3038 3830 δαίμονας,

620 3858 738 3937 καὶ
798 3852 893 3935 τά
957 3852 1314 3956 ἐγκόσμια
1376 3857 1579 3935 ταυτὶ
1644 3857 1763 3934 καὶ
1825 3853 2027 3957 ἀέρια
2090 3855 2488 3953 πνεύματα,
2550 3849 2600 3931 ἃ
2663 3860 2824 3938 ταῖς
2892 3890 3040 3937 των

623 3977 1041 4087 φιληδόνων
1104 3977 1420 4083 καρδίαις
1487 3980 1985 4084 ἐμφιλοχωρεῖ
2038 4013 2117 4059 τε
2182 3982 2301 4059 καὶ
2363 3974 2831 4079 ἐναυλίζεται,
2907 3978 3040 4077 τὴν

560 4135 597 4179 e
620 4110 767 4185 τῶν
814 4103 1014 4184 ἰδίων
1062 4102 1488 4202 θελημάτων
1534 4099 1794 4207 ἔχοντα
1846 4102 2258 4206 πλήρωσιν,
2307 4101 2907 4207 στενοχωροῦντά
2957 4138 3036 4182 τε
3061 4136 3125 4193 30

621 4230 810 4308 οὕτω
865 4224 995 4312 τὰς
1049 4226 1310 4311 ἀθλίας
1363 4230 1511 4306 τῶν
1565 4224 1968 4331 δεχομένων
2016 4225 2293 4333 ψυχὰς,
2347 4229 2446 4311 ὡς
2499 4224 2727 4306 τόπον
2780 4226 3038 4308 οὖδένα

686 4447 741 4502 8.
777 4445 1008 4520 τῷΕΗΡ
1036 4444 1141 4502 Ed.
1165 4464 1219 4500 m
1266 4447 1364 4501 ,τὸ
1390 4444 1493 4502 Ed.
1638 4462 1692 4516 9.
1728 4466 1858 4535 τηρη
1827 4442 2143 4514 ἦσσντεςΕ.
2307 4459 2392 4569 13.
2429 4443 2775 4535 ταμιείοις-Ε.
2800 4446 3036 4516 ταμείοις

618 4517 722 4574 Ed.
889 4532 973 4589 15.
1010 4520 1187 4587 τρόπω
1441 4516 1525 4571 16.
1562 4515 1650 4570 διὸ
1673 4516 1847 4585 πάσης
1872 4515 1937 4570 Ε.
1963 4515 2030 4571 δι’
2054 4516 2262 4586 ἁπάσης
2286 4515 2333 4570 Ε
2557 4515 2642 4569 28.
2681 4514 2940 4587 ἐνκοσμια
2962 4516 3032 4571 Ε.

614 4595 718 4645 τῶν
740 4602 1085 4661 asumptum
1108 4606 1175 4643 ex
1201 4588 1267 4645 E.
1478 4603 1567 4658 30.
1605 4590 1972 4659 στενοχωροῦν
1997 4587 2063 4643 Ε.
2279 4602 2366 4657 3¹·
2404 4586 2603 4657 ψυχῶν
2627 4585 2697 4640 Ε.
