3238 5158
266 1258 352 1310 En.
365 1257 510 1324 lix.9.

271 2975 438 3037 Supra

269 3040 341 3088 iii.
364 3041 439 3097 18,

268 3106 335 3155 cf.
364 3104 442 3169 36.

592 334 725 396 204
1194 331 1275 396 B.
1323 328 1745 395 CYRILLI
1804 327 2378 392 ALEXANDR.
2775 324 2862 387 ix.
2885 342 2996 408 39.

596 497 899 603 ἀφίκετο
932 495 1063 596 μὲν
1100 495 1246 601 γὰρ
1295 495 1674 604 ἐξανύσων
1711 493 1839 576 τὸν
1875 494 2048 600 ἐξ”
2005 490 2441 597 ημερότητος
2488 493 2617 590 τῆς
2667 494 2767 574 εἷς
2813 488 3001 587 ἡμᾶς

597 621 1036 722 προτεθέντα
1094 619 1399 716 σκοπὸν,
1454 618 1810 716 τουτέστι,
1866 619 2373 725 καταφωτίσαι
2426 614 2857 714 σύμπαντας·
2909 622 3002 717 τῇ

530 750 573 814 b
601 752 730 823 τοῦ
791 742 1211 843 Πνεύματος
1267 744 1631 851 δαδουχία.
1726 747 1939 823 δεινοὶ
1992 740 2069 822 δὲ
2122 738 2305 845 πρὸς
2357 738 2718 820 ἀπείθειαν
2772 732 3002 836 ὑπάρ-

601 901 850 971 χοντες
911 865 1240 947 Ἰουδαῖοι
1303 868 1437 967 τὴν
1493 865 2255 970 καταλαμπρύνουσαν
2313 861 2569 949 αὐτοὺς
2631 864 2715 941 οὐ
2773 894 3002 964 παρε-

603 991 906 1096 δέξαντο
968 988 1201 1095 χάριν,
1267 991 1717 1090 αὐτόκλητον
1780 987 2032 1093 ὥσπερ
2093 989 2210 1095 ἐφ’
2266 987 2558 1072 ἑαυτοὺς
2620 992 3004 1066 καλοῦντες
3033 1006 3071 1067 5

603 1113 731 1192 τὸν
768 1112 1196 1215 σκοτισμόν.
1276 1117 1396 1194 καὶ
1443 1122 1623 1218 γοῦν
1656 1114 2062 1217 γέγραπται
2110 1120 2274 1216 περὶ
2323 1113 2560 1192 αὐτῶν
2595 1113 2672 1190 ἐν
2706 1113 2996 1213 προφη-

604 1244 823 1321 τικοῖς
859 1237 1277 1338 μηνύμασιν
1304 1249 1349 1286 “
1374 1235 1961 1337 ’Υπομεινάντων
1996 1239 2233 1317 αὐτῶν
2269 1243 2428 1343 φῶς
2462 1232 2737 1337 ἐγένετο
2771 1235 3005 1315 αὐτοῖς

606 1371 652 1407 “
689 1361 974 1458 σκότος,
1029 1363 1395 1462 μείναντες
1450 1361 1682 1463 αὐγὴν
1739 1365 1816 1441 ἐν
1869 1360 2100 1467 ἀωρίᾳ
2152 1355 2759 1463 περιεπάτησαν.”
2825 1354 3006 1436 ὅσον

604 1487 750 1591 γὰρ
787 1490 955 1590 ἧκεν
992 1495 1090 1575 εἷς
1127 1487 1211 1570 τὸ
1247 1498 1374 1569 τοῦ
1414 1488 1637 1588 νόμου
1671 1486 2029 1591 κήρυγμα,
2065 1487 2476 1590 περιέμενον
2510 1487 2841 1565 Ἰουδαῖοι
2872 1480 3008 1580 τήν

604 1647 680 1692 τε
741 1611 974 1713 αὐγὴν
1030 1616 1146 1692 καὶ
1202 1610 1289 1694 τὸ
1346 1619 1526 1718 φῶς,
1582 1611 1915 1693 τουτέστι
1973 1609 2327 1714 Χριστόν.
2425 1609 2625 1717 ἥξειν
2680 1606 2824 1711 γὰρ
2890 1607 3006 1684 καὶ
3039 1637 3123 1679 ιο

544 1767 580 1812 c
607 1736 1109 1840 παρεδέχοντο,
1175 1740 1292 1815 καὶ
1354 1736 1823 1840 προσεδόκων
1885 1734 2126 1834 αὐτὸν,
2184 1734 2358 1815 ἀλλ’
2421 1738 2488 1814 οἶ
2551 1730 2737 1815 κατὰ
2795 1737 3008 1811 τοῦτο

607 1863 982 1944 δοκοῦντες
1045 1861 1392 1956 εὐσεβεῖν,
1446 1861 1525 1938 ἐν
1579 1860 1806 1966 ἀωρίᾳ
1862 1858 2420 1963 περιεπάτησαν,
2476 1857 2871 1952 τουτέστιν,
2930 1855 3007 1933 ἐν

607 1980 855 2089 σκότῳ
904 1989 1138 2080 βαθεῖ,
1172 1984 1307 2088 οὐχ
1356 1985 1597 2086 ἑτέρου
1646 1981 1837 2069 τινὸς
1887 1986 2127 2068 αὐτοῖς
2175 1981 2556 2087 γεγονότος
2607 1981 2832 2061 αἰτίου
2878 1986 3006 2059 τοῦ

606 2112 868 2186 παθεῖν
919 2104 1047 2186 τὸν
1100 2106 1534 2205 σκοτισμὸν,
1592 2105 1797 2187 ἀλλὰ
1849 2115 2005 2192 ταῖς
2059 2114 2282 2214 σφῶν
2334 2108 2571 2187 αὐτῶν
2625 2105 3007 2187 ἀπειθείαις

609 2230 1205 2310 αὖτεπίσπαστον
1241 2232 1356 2336 ἐφ’
1395 2234 1669 2315 ἑαυτοῖς
1704 2229 2017 2337 ἐχόντων
2051 2229 2186 2331 τὴν
2219 2230 2467 2312 νόσον.
2546 2231 3007 2333 παραγέγονα
3039 2254 3117 2317 15

607 2357 869 2452 τοίνυν,
895 2358 1105 2463 φησὶ,
1144 2361 1450 2460 τυφλοῖς
1485 2354 1866 2436 ἐπιδώσων
1899 2354 1985 2435 τὸ
2021 2354 2320 2451 βλέπειν
2357 2353 2475 2435 διὰ
2508 2358 2637 2454 τῆς
2673 2354 3007 2446 πίστεως,

608 2480 655 2578 ἡ
703 2478 778 2557 δὲ
828 2486 972 2559 τῶν
1010 2479 1613 2584 ἀχειραγωγήτων
1650 2483 1769 2559 καὶ
1818 2478 2332 2560 ἀνυποτάκτων
2367 2479 2707 2583 ἄτεγκτος
2757 2476 3009 2579 γνώμη

605 2602 800 2684 πολὺ
870 2605 1258 2698 βλέπουσα
1339 2602 1523 2707 πρὸς
1596 2605 1959 2684 ἀπείθειαν
2017 2612 2127 2691 ,εἰς
2198 2605 2602 2712 κατάκριμα
2674 2602 3010 2704 γενέσθαι

541 2745 582 2808 d
607 2726 1154 2829 παρεσκεύασεν
1213 2727 1455 2810 αὐτοῖς
1518 2725 1653 2826 τὴν
1708 2735 1837 2806 τοῦ
1903 2725 2334 2833 φωτίζοντος
2393 2725 2668 2834 ἄφιξιν.
2772 2722 3010 2824 ἐπειδὴ

607 2851 752 2957 γὰρ
791 2852 875 2930 οὐ
913 2850 1367 2948 πιστεύουσι,
1402 2850 1966 2953 κατακρίνονται.
2029 2861 2241 2931 τοῦτο
2279 2850 2365 2931 δέ
2392 2886 2516 2931 σοι
2552 2851 3011 2958 σαφέστερον
3040 2884 3126 2925 20

610 2979 728 3057 καὶ
784 2977 870 3054 δι’
913 2974 1170 3077 ἑτέρων
1207 2974 1483 3079 εἴρηκεν
1516 2975 1557 3053 ὃ
1598 2974 1856 3079 Σωτήρ
1895 2986 1938 3023 “
1967 2972 2207 3076 Ἀμὴν
2256 2972 2444 3075 ἀμὴν
2496 2973 2691 3076 λέγω
2748 2976 2931 3072 ὑμῖν,
2971 2973 3011 3050 ὃ

609 3108 653 3145 “
689 3098 1052 3179 πιστεύων
1101 3104 1200 3182 εἷς
1249 3097 1376 3179 τὸν
1413 3096 1595 3179 Υὶὸν
1632 3099 1717 3179 οὖ
1769 3101 2101 3203 κρίνεται,
2143 3102 2184 3180 ὃ
2234 3099 2310 3179 δὲ
2359 3101 2673 3180 ἀπειθῶν
2721 3105 2824 3205 τῷ
2859 3101 3016 3203 Υὶῷ

611 3234 654 3270 “
691 3222 829 3322 ἤδη
885 3224 1217 3326 κέκριται,
1266 3221 1376 3301 ὅτι
1429 3221 1530 3323 μὴ
1585 3222 2058 3303 πεπίστευκεν
2102 3229 2198 3309 εἷς
2251 3222 2337 3303 τὸ
2392 3223 2619 3320 ὄνομα
2672 3229 2800 3302 τοῦ
2836 3226 3015 3301 Υἱοῦ

611 3356 655 3393 “
691 3353 820 3425 τοῦ
877 3347 1133 3427 Θεοῦ.”
1211 3344 1598 3449 χαριέντως
1657 3355 2040 3448 τοιγαροῦν
2096 3346 2242 3429 ἀπὸ
2307 3356 2434 3428 τοῦ
2497 3346 3014 3450 παρακειμένου

613 3473 729 3548 καὶ
781 3471 858 3548 ἐν
893 3471 1149 3573 χερσὶν
1185 3467 1391 3553 ὄντος
1429 3468 1843 3571 διαλέγεταί
1870 3504 1947 3550 τε
1982 3470 2433 3573 πράγματος,
2473 3507 2589 3551 και
2633 3468 2718 3550 τὸ
2765 3504 3006 3572 παρα·
3043 3505 3077 3544 2
3088 3499 3130 3561 5

611 3592 841 3698 δόξως
878 3590 1368 3672 ἀποτελεσθὲν
1395 3594 1510 3671 ἐπὶ
1545 3598 1648 3699 τῷ
1687 3628 1864 3674 ποτε
1899 3597 2164 3701 τυφλῷ
2197 3591 2487 3699 ῥίζαν”
2428 3629 2677 3697 ωσπερ
2712 3599 3015 3674 ποιεῖται

553 3750 589 3793 e
614 3721 715 3825 τῷ
754 3712 985 3822 λόγῳ·
1049 3714 1472 3822 ἀναβλέψαι
1515 3714 1647 3814 μὲν
1685 3716 1829 3822 γὰρ
1874 3717 2093 3798 αὐτὸν
2130 3719 2216 3798 οὐ
2266 3753 2449 3799 κατα
2496 3753 2713 3817 σωμα
2761 3716 3010 3816 μόνον,

612 3837 813 3918 ἀλλὰ
859 3841 976 3918 καὶ
1027 3837 1210 3919 ὅσον
1247 3844 1343 3923 εἶς
1395 3846 1562 3920 νοῦν
1600 3841 2129 3947 διισχυρίζεται,
2165 3841 2284 3922 διὰ
2330 3839 2415 3923 τὸ
2467 3842 3016 3949 παραδέξασθαι

610 3961 743 4063 τὴν
785 3964 1060 4061 πίστιν,
1095 3970 1352 4044 παθεῖν
1390 3963 1465 4044 δὲ
1514 3962 1598 4044 τὸ
1649 3967 1966 4046 ἐναντίον
2001 3963 2166 4051 τοὺς
2209 3968 2671 4070 Φαρισαίους·
2741 3967 2825 4045 οὐ
2873 3963 3017 4068 γὰρ

681 4222 734 4279 5.
771 4209 1088 4278 αὐτόκλητον
1124 4208 1188 4263 Β.
1192 4227 1242 4264 a.
1282 4207 1464 4264 Holst.
1498 4209 1666 4265 ἀπόκλ
1672 4233 1796 4281 ητον
1827 4210 1972 4267 Aub.
2093 4213 2294 4270 ἑαυτοῖς
2332 4213 2398 4269 Β.
2434 4212 2534 4268 Ht.
2632 4211 2823 4267 Statim
2862 4209 3017 4265 καλέ-

610 4301 798 4336 σαντες
819 4297 869 4334 a.
1060 4296 1141 4334 10.
1180 4279 1446 4370 τουτέστι]
1481 4287 1539 4345 -Ι-
1569 4284 1662 4335 τὸν
1672 4233 1787 4336 ¹⁷.Ht
1815 4282 1919 4337 Ed.
2108 4300 2190 4338 11.
2229 4285 2290 4338 τὸ
2321 4283 2385 4338 Β.
2416 4282 2514 4338 Ht.
2539 4286 2692 4338 τοῦτο
2716 4281 3018 4337 emendavit

612 4350 757 4404 Aub.
965 4366 1046 4405 12.
1082 4372 1248 4440 μωριιξ
1278 4350 1341 4405 Β.
1372 4350 1469 4404 Ht.
1495 4351 1658 4422 ἅωρίᾳ
1683 4353 1987 4409 emendavit
2009 4362 2149 4408 recte
2174 4363 2235 4408 ut
2259 4354 2366 4409 vid.
2393 4354 2537 4409 Aub.
2748 4368 2829 4423 15.
2868 4374 3016 4405 αντε-

608 4421 916 4475 πίσπαστον
943 4420 1008 4475 Β.
1012 4439 1058 4476 a.
1091 4422 1188 4476 Ht.
1215 4425 1639 4477 αντεπίσπαστον
1662 4423 1808 4479 Aub.
1934 4424 2146 4481 ἑαυτοὺς
2182 4442 2231 4479 a.
2331 4425 2525 4480 Statim
2561 4424 2787 4496 ἐχόντων
2817 4423 3017 4477 habent

611 4490 730 4545 B.a.
913 4494 997 4546 16.
1035 4492 1304 4546 ἐπιδώσων
1360 4491 1440 4547 ἐπ’
1464 4491 1597 4549 ἴσων
1619 4512 1671 4551 a.
1855 4507 1938 4564 17.
1976 4494 2006 4561 ἦ
2059 4497 2109 4550 οἱ
2134 4494 2279 4551 Aub.
2387 4495 2633 4569 ἄτεγκτος
2656 4514 2685 4550 e
2712 4495 2830 4550 Cat.
2858 4492 3011 4548 Harl.

609 4561 756 4617 Aub.
784 4570 838 4616 et
862 4561 935 4617 ita
957 4579 1005 4617 a.
1030 4562 1257 4619 ἀτάκτως
1337 4603 1349 4617 .
1380 4562 1479 4618 Ht.
1702 4565 1783 4620 18.
1818 4564 1958 4619 πολὺ
2020 4574 2132 4622 eeet
2153 4566 2210 4621 in
2236 4584 2286 4624 a.
