3238 5158
205 335 349 399 xvii.
377 337 523 403 6-8,
572 339 683 403 IN
746 340 815 407 S.
864 341 1381 410 JOANNEM.
1472 343 1666 409 LIB.
1713 345 1834 410 XI.
1927 346 2134 413 CAP.
2166 346 2328 413 VII.
2467 346 2594 411 685

205 508 422 598 θυμον
458 507 551 587 εἷς
588 503 909 607 ὑπακοὴν
943 514 1091 593 τοῖς
1127 509 1652 596 ἀνενδοιάστως
1698 509 2167 592 πιστεύουσιν
2202 517 2299 594 εἷς
2349 507 2591 590 αὐτόν.

203 628 386 732 φησὶ
439 628 582 732 γάρ
617 624 772 711 “Ort
826 630 920 713 τῖι
970 635 1246 742 ῥήματα
1296 630 1349 715 δὲ
1397 629 1703 721 δέδωκάς
1746 671 1864 743 μοι
1901 630 2174 717 δέδωκα
2210 638 2435 722 αὐτοῖς
2477 643 2597 715 καὶ

203 756 377 832 αὐτοὶ
436 753 688 846 ἔλαβον
738 764 857 836 καὶ
918 755 1213 859 ἔγνωσαν
1256 756 1522 852 ἀληθεῖς
1576 757 1674 840 ’ὅτι
1731 758 1934 870 παραὶ
1987 763 2105 841 σοῦ
2159 757 2417 868 ἐξῆλθον
2477 767 2598 840 καὶ

50 970 55 976 ¹
203 876 597 959 ἐπίστευσαν
661 879 755 960 ’ὅτι
823 880 912 961 σύ
977 917 1068 988 με
1140 884 1597 970 ἀπέστειλας·
1683 886 1958 994 ῥήματα
2031 893 2161 966 τοῦ
2220 890 2413 965 Θεοῦ
2486 890 2602 964 καὶ

44 1038 51 1107 '.
147 1016 179 1077 5
209 1000 511 1104 Πατρός,
548 1001 678 1088 τὰς
732 1005 985 1086 ἑαυτοῦ
1042 1004 1425 1112 διαῤῥήδην
1475 1007 1845 1112 ὀνομάζων
1897 1006 2168 1116 φωνὰς,
2212 1006 2331 1088 διὰ
2384 1005 2485 1088 τὸ
2525 1010 2604 1087 ἐν

206 1126 412 1233 οὐσίᾳ
447 1126 731 1226 ταύτὸν,
768 1131 888 1209 καὶ
922 1131 1208 1233 ἐπείπερ
1245 1133 1404 1212 ἐστὶ
1442 1128 1630 1216 Θεὸς
1669 1130 1909 1235 Λόγος
1960 1139 2106 1214 τῶν
2142 1140 2272 1213 τοῦ
2312 1129 2608 1234 Πατρὸς

207 1251 625 1350 θελημάτων
672 1254 1092 1358 ἐκφαντικὸς
1148 1255 1470 1359 καθάπερ
1526 1255 1778 1355 ἀμέλει
1833 1259 1948 1336 καὶ
2006 1259 2047 1337 5
2102 1259 2181 1336 ἐκ
2237 1262 2381 1336 τῶν
2425 1255 2598 1354 ἡμε-

205 1375 419 1477 τέρων
460 1376 896 1480 προκύπτων
938 1378 1352 1478 πομάτων,
1395 1382 1511 1461 καὶ
1562 1385 1653 1485 τῇ
1704 1378 1894 1533 πρὸς
1938 1377 2020 1460 τὸ
2072 1380 2213 1488 ἔξω
2264 1384 2608 1487 προφορᾷ
2628 1416 2666 1459 ο

44 1586 47 1593 ,
206 1497 331 1594 τὴν
363 1507 493 1579 τοῦ
527 1499 758 1586 πέλας
795 1503 1352 1607 προσαράσσων
1389 1503 1632 1606 ἀκοὴν,
1669 1507 1787 1586 καὶ
1823 1504 1906 1585 τὸ
1953 1507 2029 1585 ἐν
2064 1507 2167 1613 τῷ
2215 1502 2427 1600 βάθει
2479 1508 2607 1603 τῆς

44 1674 47 1735 ¹1
123 1653 188 1693 10
209 1625 492 1726 καρδίας
547 1627 1015 1729 διερμηνεύων
1068 1629 1489 1732 μυστήριον.
1570 1628 1937 1732 τοιγάρτοι
1992 1630 2108 1709 καὶ
2163 1627 2609 1736 προφητικός

210 1780 280 1825 τε
331 1752 495 1852 περὶ
550 1752 771 1831 αὐτοῦ
829 1752 1054 1853 λόγος
1112 1753 1277 1859 ἔφη,
1335 1789 1446 1833 οτι
1501 1764 1546 1801 “
1572 1760 1896 1833 καλεῖται
1953 1750 2039 1833 τὸ
2097 1751 2324 1851 ὄνομα
2391 1753 2609 1832 αὐτοῦ
2700 1781 2784 1832 Es.
2807 1780 2874 1831 ix.
2900 1779 2949 1831 6.

213 1882 277 1937 “·
254 1870 643 1976 -Μεγάλης
706 1880 979 1976 βουλῆς
1035 1875 1418 1981 ἄγγελος.”
1485 1875 1619 1979 τὴν
1674 1876 1819 1982 γὰρ
1879 1911 2102 1961 οντως
2158 1873 2482 1984 ἐξαίσιόν
2536 1908 2611 1955 τε

214 1999 323 2076 καὶ
380 1999 712 2102 ὑπερφυᾶ
764 2003 883 2079 καὶ
935 2000 1264 2103 μεγάλην
1308 2009 1439 2082 τοῦ
1487 1999 1815 2086 τεκόντος
1863 1998 2164 2101 βουλὴν,
2204 2002 2245 2081 5
2300 2001 2378 2080 ἐν
2421 2000 2615 2107 αὐτῷ

216 2128 326 2201 καὶ
385 2122 476 2230 ἐξ
536 2124 755 2203 αὐτοῦ
821 2125 1320 2228 διαπορθμεύει
1378 2128 1643 2229 Λόγος,
1702 2124 1821 2206 διὰ
1883 2123 2016 2227 μὲν
2069 2123 2214 2229 γὰρ
2276 2123 2615 2231 ῥημάτων

49 2322 57 2331 ,
128 2268 148 2308 ¹
161 2266 191 2325 5
213 2253 604 2354 προφορᾶς,
678 2251 774 2332 ὡς
844 2249 1242 2353 ἅνθρωπος,
1318 2249 1435 2331 ὅτε
1507 2250 1763 2354 γέγονε
1836 2250 2002 2331 καθ’
2047 2249 2278 2350 ἡμᾶς,
2348 2246 2465 2328 διὰ
2540 2246 2616 2328 δὲ

215 2371 546 2470 γνώσεως
619 2377 736 2452 καὶ
811 2376 1291 2480 φωταγωγίας
1355 2378 1834 2475 πνευματικῆς
1897 2371 2078 2475 μετὰ
2141 2371 2274 2474 τὴν
2335 2378 2434 2457 εἰς
2497 2373 2616 2452 οὖ-

214 2492 464 2596 ρανοῦς
520 2494 904 2593 ἀνάβασιν·
981 2499 1474 2581 ἀποκαλύπτει
1528 2497 1674 2603 γὰρ
1732 2504 1879 2582 τοῖς
1934 2497 2163 2606 ἀξίοις
2216 2496 2309 2576 τὰ
2363 2499 2616 2578 ἑαυτοῦ
2641 2507 2684 2571 d

217 2619 595 2723 μυστήρια,
651 2656 769 2702 και
827 2622 1270 2728 μαρτυρήσει
1335 2621 1572 2725 λέγων
1633 2625 1674 2703 5
1739 2627 2040 2706 Παῦλος
2098 2630 2142 2669 “
2167 2625 2258 2700 Ει
2319 2618 2616 2721 δοκιμὴν
2708 2653 2735 2689 ²
2751 2638 2866 2688 00¹·-

220 2754 261 2792 ‘⁴
295 2743 559 2847 ζητεῖτε
605 2755 734 2826 τοῦ
781 2750 857 2826 ἐν
904 2749 1057 2846 ἐμοὶ
1113 2755 1513 2832 λαλοῦντος
1556 2746 1991 2850 Χριστοῦ)
1923 2807 1944 2843 ,
2704 2704 2808 2753 mii.
2839 2716 2888 2766 3

43 2863 51 2962 ⁵,
132 2899 198 2940 20
329 2870 854 2975 Μεμαρτύρηκε
910 2872 1147 2954 τοίνυν
1206 2880 1353 2957 τοῖς
1411 2875 1801 2974 ἀγαπῶσιν
1857 2867 2095 2969 αὐτὸν,
2160 2872 2258 2954 ὡς
2322 2867 2613 2971 προσή-

44 2991 45 2994 “
219 3029 431 3076 καντο
519 2999 637 3076 καὶ
718 2993 1152 3100 τετηρήκασι
1239 2994 1404 3081 τοὺς
1491 2995 1829 3079 δοθέντας
1921 2995 2115 3102 αὐτῷ
2205 2989 2408 3095 παρὰ
2492 2999 2624 3073 τοῦ

224 3119 514 3223 Πατρὸς
585 3117 877 3221 λόγους·
973 3118 1664 3228 πεπληροφόρηνται
1739 3116 1817 3198 δὲ
1887 3117 2071 3222 πρὸς
2144 3116 2444 3215 τούτοις,
2515 3114 2627 3197 ὅτι

220 3245 383 3348 παρ’
483 3246 702 3325 αὐτοῦ
794 3245 1057 3353 ἐξῆλθε
1151 3247 1270 3326 καὶ
1367 3243 1849 3342 ἀπέσταλται,
1942 3240 2400 3340 διακειμένων
2493 3242 2628 3347 οὐχ

224 3372 404 3450 οὕτω
498 3375 645 3450 τῶν
727 3368 861 3470 τὴν
939 3371 1264 3450 ἐναντίαν
1350 3368 1763 3450 νοσούντων
1850 3364 2213 3447 ὑπόνοιαν.
2332 3370 2397 3445 οἱ
2484 3364 2629 3467 γὰρ

130 3512 201 3574 25
225 3492 398 3595 μήτε
474 3492 1011 3598 προσηκάμενοι
1082 3492 1249 3580 τοῦς
1321 3494 1488 3596 παρ’
1568 3492 1788 3571 αὐτοῦ
1862 3488 2151 3593 λόγους,
2226 3486 2405 3590 μήτε
2486 3486 2632 3588 μὴν

226 3618 602 3723 ἐλευθέραν
673 3618 1116 3722 τηρήσαντες
1189 3617 1321 3719 τὴν
1392 3618 1672 3714 πίστιν,
1746 3616 1908 3695 οὔτε
1984 3613 2405 3714 διετέθησαν
2472 3613 2633 3693 οὔτε

224 3742 821 3836 πεπιστεύκασιν,
880 3746 976 3827 ὡς
1028 3743 1300 3851 ἐξῆλθέ
1344 3776 1421 3822 τε
1477 3737 1678 3844 παρὰ
1724 3745 1917 3820 Θεοῦ
1972 3742 2089 3821 καὶ
2143 3740 2626 3820 ἀπέσταλται.

227 3869 342 3945 καὶ
398 3874 577 3969 γοῦν
631 3866 959 3974 ἔφασκον
999 3867 1349 3964 Ἰουδαῖοι,
1393 3862 1570 3946 ποτὲ
1624 3864 1756 3965 μέν
1805 3873 1849 3910 “
1878 3859 2117 3963 Εἶκῆν
2171 3863 2376 3948 οὗτος
2430 3860 2634 3966 παρὰ
2723 3887 2892 3966 §upra

229 3999 272 4036 “
311 3995 504 4070 Θεοῦ
554 3992 595 4070 5
644 3990 1048 4095 ἅνθρωπος,
1090 3992 1218 4070 οὐκ
1264 3987 1355 4069 ἀν
1391 3986 1555 4070 ἐ’λυε
1603 3988 1689 4069 τὸ
1742 3985 2190 4086 σάββατον,”
2234 3989 2352 4066 καὶ
2405 3985 2633 4067 πάλιν
2721 3969 2790 4003 '¹¹‘
2817 3951 2897 4002 ¹⁶⁹

132 4144 206 4200 30
231 4123 274 4160 ‘⁴
304 4115 559 4214 Ἡμεῖς
613 4124 742 4197 τοῦ
796 4114 1176 4199 Μωυσέως
1230 4113 1451 4214 ἐσμὲν
1504 4114 1843 4215 μαθηταί·
1923 4112 2123 4212 ἡμεῖς
2179 4111 2469 4211 οἴδαμεν
2524 4109 2632 4190 ὅτι
2723 4146 2804 4196 Ib.
2832 4145 2912 4203 ιε.

233 4246 276 4284 “
316 4243 611 4346 Μωυσῇ
669 4239 1075 4341 λελάληκεν
1118 4241 1158 4319 5
1206 4236 1414 4337 Θεὸς,
1460 4246 1710 4319 τοῦτον
1764 4234 1839 4316 δὲ
1896 4237 2022 4316 οὐκ
2080 4235 2368 4334 οἴδαμεν
2412 4232 2637 4314 πόθεν
2727 4226 2808 4276 '⁹‘

238 4586 273 4640 h
308 4532 398 4641 'luzt
423 4517 525 4643 ἑὴν
548 4515 613 4572 Ε.
638 4518 729 4574 τὸν
752 4515 1028 4589 (asterisco
1051 4514 1321 4583 notatum)
1348 4510 1451 4568 Ed.
1622 4522 1705 4581 15.
1743 4507 1830 4563 ὅτε
1857 4507 1923 4564 Ε.
1947 4507 2029 4563 ὅτι
2055 4505 2158 4562 Ed.
2326 4521 2413 4576 3¹·
2451 4507 2636 4574 μωυσῇ

277 4604 309 4641 a
