3238 5158
594 342 728 408 2⁷6
1202 339 1283 407 Β.
1328 338 1753 406 CYRILLI
1812 336 2390 405 ALEXANDR.
2777 331 2865 397 xi.
2894 326 3011 398 262

1473 559 1811 625 Πιστεύειο
1863 560 2079 645 τούτῳ
2105 589 2122 642 3

716 728 1422 838 Προεξηγησάμενος
1455 739 1587 813 τοῦ
1624 730 1809 812 κατά
1842 730 2060 812 αὐτὸν
2086 728 2489 832 μυστηρίου
2523 725 2658 828 τὴν
2685 724 3007 824 δύναμιν,

604 857 721 935 καὶ
757 854 993 962 δείξας
1028 857 1342 960 ἐναργῶς
1382 854 1489 936 ὅτι
1544 855 1687 960 ζωὴ
1736 853 1920 936 κατὰ
1972 856 2201 961 φύσιν
2238 856 2397 934 ἐστὶ
2432 855 2550 933 καὶ
2589 848 2777 937 Θεὸς
2810 852 2999 949 ἀλη-

539 1000 580 1046 0
605 976 820 1078 θινὸς,
882 982 1172 1059 ἀπαιτεῖ
1225 977 1358 1080 τὴν
1420 982 1534 1060 ἐπὶ
1598 985 1690 1085 τῇ
1753 979 1996 1060 πίστει
2060 977 2495 1073 συναίνεσιν,
2560 974 2788 1056 τύπον
2849 980 3008 1056 ταῖς

603 1103 1016 1204 ἐκκλησίαις
1060 1100 1188 1183 τὸν
1229 1103 1345 1186 ἐπὶ
1399 1103 1633 1211 τούτῳ
1686 1103 1853 1188 θείς.
1932 1101 2074 1208 χρὴ
2122 1101 2267 1206 γὰρ
2322 1102 2406 1182 ού
2456 1100 2777 1181 διάκενον
2820 1099 3005 1198 ἡμᾶς
3038 1121 3078 1182 5

603 1234 700 1313 εἷς
736 1227 913 1331 ἀέρα
944 1229 1372 1330 ῥιπτοῦντας
1410 1225 1685 1334 φωνὴν,
1719 1225 1805 1308 τὸ
1839 1225 2115 1308 σεπτὸν
2152 1228 2534 1329 ὁμολογεῖν
2569 1221 3003 1326 μυστήριον,

604 1353 775 1432 ἀλλ’
815 1355 891 1432 ἐν
942 1351 1196 1459 καρδίᾳ
1252 1355 1369 1431 καὶ
1427 1356 1528 1460 νῷ
1580 1350 1714 1452 τὴν
1761 1351 2013 1433 πίστιν
2055 1349 2520 1455 ῥιζώσαντας,
2558 1345 2835 1451 καρπὸν
2876 1354 3012 1426 τοῦ

603 1473 1030 1579 πράγματος
1062 1481 1425 1557 ποιεῖσθαι
1460 1472 1593 1575 τὴν
1631 1477 2048 1579 ὁμολογίαν*
2088 1473 2230 1581 χρὴ
2265 1473 2342 1554 δὲ
2374 1471 2738 1555 πιστεύειν
2770 1471 3005 1550 ἐνδοι-

605 1608 848 1699 ασμοῦ
902 1634 1094 1685 τινος
1147 1600 1314 1704 δίχα
1369 1603 1490 1681 καὶ
1543 1598 1913 1707 διψυχίας.
1992 1594 2343 1702 ὑβριστὴς
2397 1596 2547 1701 γὰρ
2599 1599 2642 1677 ὁ
2698 1596 3013 1701 δίψυχος

267 1747 320 1799 8.
337 1748 451 1800 Jac.
477 1747 512 1799 i.
606 1727 724 1804 καὶ
774 1724 1119 1829 χωλεύων
1151 1728 1313 1827 περὶ
1355 1721 1491 1824 τὴν
1525 1725 1804 1805 πίστιν·
1885 1722 2004 1805 διὰ
2036 1730 2252 1805 τοῦτο
2287 1724 2405 1802 καὶ
2441 1732 2485 1768 “
2508 1717 3012 1802 ἀκατάστατος
3048 1752 3128 1794 ιο

271 1814 336 1906 8⁰-
585 1858 651 1927 .“
686 1849 762 1927 ἐν
796 1847 1068 1932 πάσαις
1111 1854 1268 1932 ταῖς
1312 1849 1502 1932 ὁδοῖς
1537 1849 1825 1929 αὐτοῦ.”
1900 1846 2147 1930 εἰδέναι
2184 1847 2412 1950 γεμὴν
2450 1849 2860 1948 ἀναγκαῖον,
2898 1844 3013 1928 ὅτι

536 1976 583 2042 (l
608 1977 776 2079 Θεῷ
822 1975 951 2071 τῆς
995 1973 1313 2057 πίστεως
1360 1970 1495 2072 τὴν
1532 1974 1931 2074 ὁμολογίαν
1965 1972 2379 2071 ποιούμεθα,
2419 1971 2555 2051 κάν
2592 1973 2676 2051 δι’
2716 1969 3007 2071 ἀνθρώ-

604 2130 765 2176 πων
807 2096 1266 2197 ἐρωτώμενοι,
1303 2104 1449 2177 τῶν
1491 2102 1824 2201 ἱερᾶσθαι
1874 2095 2251 2203 λαχόντων
2296 2099 2506 2204 φημὶ,
2541 2092 2627 2175 τό
2669 2091 3014 2174 Πιστεύω

604 2218 912 2320 λέγομεν
938 2221 1014 2299 ἐν
1041 2225 1131 2325 τῇ
1166 2219 1592 2329 παραλήψει
1629 2229 1757 2302 τοῦ
1794 2222 2003 2325 ἁγίου
2037 2222 2568 2320 βαπτίσματος.
2629 2213 3011 2300 πάνδεινον

609 2343 734 2423 οὖν
771 2343 914 2447 ἀρα
948 2340 1033 2423 τὸ
1078 2343 1626 2450 διαψεύσασθαι
1671 2349 1787 2425 καὶ
1825 2350 2375 2448 παρολισθῆσαι
2409 2341 2591 2448 πρὸς
2628 2343 3007 2441 ἀπιστίαν,
3046 2368 3127 2429 15

606 2466 724 2546 ἵνα
777 2465 880 2567 μὴ
937 2470 1053 2546 καὶ
1109 2466 1458 2569 δικαστὴν
1508 2470 1625 2549 καὶ
1680 2467 2008 2571 μάρτυρα
2064 2471 2403 2554 ἀπονοίας
2458 2468 2733 2574 ἔχωμεν
2788 2468 3012 2548 αὐτὸν

271 2586 446 2704 ἓξ.
608 2589 737 2672 τὸν
789 2591 1083 2673 πάντων
1137 2592 1532 2694 Δεσπότην
1587 2592 1897 2696 λε’γοντα
1953 2603 1997 2640 “
2028 2596 2174 2674 Καὶ
2247 2593 2390 2697 ἐγὼ
2462 2595 2754 2698 μάρτυς,
2817 2596 3013 2698 φησὶ

280 2732 358 2782 ²³·
611 2727 657 2770 “
697 2715 1034 2819 Κύριος.”
1094 2714 1551 2820 ἐπιτηρητέον
1588 2716 1665 2797 δὲ
1710 2716 1820 2797 ὅτι
1859 2715 2191 2821 Λαζάρου
2237 2719 2555 2817 κειμένου
2591 2721 2709 2797 καὶ
2746 2723 3009 2817 τεθνη-

610 2834 837 2938 κότος,
877 2838 1055 2944 ὑπὲρ
1092 2842 1311 2920 αὐτοῦ
1344 2840 1615 2944 τρόπον
1652 2840 1811 2921 τινὰ
1856 2839 1943 2920 τὸ
1989 2841 2283 2944 γύναιον
2318 2842 2690 2951 ἐξαιτεΐται
2727 2839 2858 2940 τὴν
2895 2843 3017 2920 ε’πὶ

551 3000 588 3044 e
612 2971 702 3072 τῇ
737 2967 978 3047 πίστει
1017 2967 1463 3046 συναίνεσιν·
1520 2965 1640 3045 ἵνα
1673 2964 1901 3045 πάλιν
1938 2966 1978 3044 ὁ
2021 2964 2246 3050 τύπος
2279 2970 2355 3047 ἐν
2391 2973 2545 3051 ταῖς
2596 2965 3015 3066 ἐκκλησίαις
3045 3000 3129 3042 20

612 3088 915 3196 ἰσχύσῃ*
978 3087 1096 3170 ὅτε
1134 3088 1276 3194 γὰρ
1312 3086 1672 3193 ἀρτιγενὲς
1707 3088 2154 3193 προσάγεται
2189 3092 2485 3199 βρέφος,
2521 3089 2565 3193 ἢ
2612 3094 2740 3191 τῆς
2788 3124 3013 3189 κατη-

611 3212 896 3318 χήσεως
944 3210 1029 3293 τὸ
1080 3214 1360 3319 χρίσμα
1412 3220 1690 3313 λαβεῖν,
1737 3213 1895 3313 ἤτοι
1942 3212 2026 3293 τὸ
2076 3217 2205 3315 τῆς
2251 3216 2685 3301 τελειώσεως
2737 3216 2851 3294 ἐπὶ
2907 3219 3019 3323 τῷ

611 3338 798 3445 ἁγίῳ
850 3339 1330 3437 βαπτίσματι,
1369 3338 1411 3416 ὁ
1464 3334 1868 3442 προσάγων
1914 3335 2089 3441 ὑπὲρ
2146 3338 2365 3418 αὐτοῦ
2419 3338 2504 3419 τό
2555 3336 2792 3439 Ἀμὴν
2840 3340 3018 3417 ἀνα-
3052 3428 3079 3451 ·

614 3469 864 3569 φωνεῖ.
947 3460 1125 3565 ὑπὲρ
1167 3460 1243 3542 δὲ
1292 3468 1438 3543 τῶν
1473 3459 1752 3568 ἐσχάτῃ
1803 3459 2001 3571 νόσῳ
2052 3463 2652 3564 κατειλημμένων,
2688 3461 3011 3563 μελλόν-

611 3618 759 3665 των
803 3619 880 3665 τε
940 3583 1057 3664 διὰ
1111 3592 1323 3665 τοῦτο
1375 3584 1882 3688 βαπτίζεσθαι,
1928 3589 2047 3667 καὶ
2095 3584 2623 3671 ἀποτάττονταί
2663 3621 2843 3672 τινες
2896 3590 3019 3669 καὶ
3046 3616 3132 3679 25

613 3706 1156 3805 συντάττονται,
1229 3707 1362 3809 τὴν
1437 3712 1700 3791 οἰκείαν
1770 3709 2021 3816 ὥσπερ
2106 3711 2197 3820 ἐξ
2273 3710 2558 3816 ἀγάπης
2635 3718 3020 3819 κιχρῶντες

690 3944 851 3998 2-p.
872 3939 993 4000 277,
1018 3946 1070 3997 4.
1109 3927 1232 3985 Hoc
1266 3928 1508 3985 scholion
1544 3930 1799 3987 exhibent
1829 3931 1949 3987 Cat.
1976 3931 2131 3988 Harl.
2157 3949 2204 3988 ο.
2233 3931 2418 3997 Cord„
2456 3932 2683 3987 Niketae
2718 3941 2899 3988 autem
2932 3932 3024 3988 ἕκ-

616 3999 767 4055 nom
789 3998 891 4053 alia
917 4000 1094 4071 (cujus
1118 3999 1224 4055 mk.
1250 4001 1592 4072 exemplaria)
1617 4002 1833 4058 omittit.
2183 4019 2233 4058 2.
2269 4002 2380 4058 καθ’
2405 4005 2598 4059 ἑαυτῶν
2624 4003 2748 4075 (sic)
2776 4021 2824 4058 c.
2852 4002 3022 4060 Cord-

617 4086 671 4140 3.
706 4067 905 4141 δείξας]
932 4070 1144 4140 διδάξας
1165 4089 1213 4126 c.
1241 4070 1405 4126 Cord.
1668 4090 1721 4141 4.
1756 4073 2055 4129 συναίνεσιν
2077 4091 2125 4129 c.
2153 4073 2317 4129 Cord.
2343 4073 2559 4130 σύνεσιν
2582 4074 2702 4128 Cat.
2732 4074 2884 4128 Harl.
2913 4075 3023 4131 Ed.

617 4154 670 4211 5.
708 4139 867 4197 τιθείς
889 4158 936 4196 c.
963 4140 1128 4197 Cord.
1330 4142 1382 4197 8.
1419 4142 1669 4213 ποιῆσθαι
1694 4143 1819 4214 (sic)
1845 4162 1892 4199 c.
2001 4144 2103 4216 χρὴ
2130 4145 2187 4200 δὲ
2211 4163 2260 4199 c.
2285 4143 2447 4199 Cord.
2475 4145 2560 4199 καὶ
2584 4144 2703 4200 Cat.
2730 4145 2886 4200 Harl.
2914 4144 3023 4200 Ed.

622 4227 645 4265 1
659 4228 705 4266 1.
742 4210 929 4283 γεμὴν]
966 4235 1031 4268 σε
1064 4212 1167 4284 μὴν
1191 4211 1445 4268 Codicem
1482 4231 1594 4269 non
1630 4232 1840 4285 semper
1874 4214 2027 4270 facile
2061 4215 2348 4286 legendum
2379 4216 2469 4270 vix
2505 4217 2689 4288 legens
2726 4214 3024 4271 Aubertus.

624 4298 707 4337 ια.
745 4282 838 4349 τὴν
860 4299 968 4337 om.
994 4284 1140 4338 Aub.
1327 4301 1409 4357 13.
1446 4286 1584 4357 φημὶ
1607 4303 1658 4341 c.
1686 4285 1850 4341 Cord.
1873 4286 2048 4358 φαμὲν
2072 4285 2191 4340 Cat.
2220 4285 2370 4340 Harl.
2399 4285 2504 4342 Ed.
2677 4302 2760 4354 14.
2797 4286 2865 4340 λ’
2926 4309 3028 4356 μεν

617 4369 799 4407 assum
842 4361 960 4408 tum
983 4371 1049 4408 ex
1073 4372 1118 4409 c.
1150 4353 1315 4409 Cord.
1812 4356 1895 4410 16.
1933 4358 2089 4412 αὐτὸν
2110 4358 2310 4428 ἔχωμεν
2330 4357 2545 4412 inverso
2568 4355 2755 4413 ordine
2778 4375 2826 4412 c.
2936 4357 3023 4413 τᾶ.

623 4424 707 4477 18.
743 4445 805 4477 κα
849 4429 1191 4496 assumptum
1217 4443 1282 4479 ex
1308 4444 1355 4480 c.
1382 4424 1547 4482 Cord.
1750 4443 1831 4498 19.
1868 4427 2061 4495 ἐξαιτεῖ
2083 4446 2130 4482 c.
2159 4427 2324 4483 Cord.
2526 4444 2613 4484 20.
2652 4430 2951 4483 συναίνεσιν
2974 4446 3025 4484 c.

618 4493 784 4549 Cord.
811 4492 1027 4550 σύνεσιν
1050 4495 1170 4552 Cat.
1201 4495 1355 4552 Harl.
1384 4497 1528 4553 Aub.
1679 4514 1766 4552 οι.
1803 4496 1834 4566 ἢ
1859 4507 2199 4570 assumptum
2223 4516 2288 4553 ex
2313 4515 2362 4554 c.
2387 4497 2552 4554 Cord.
2712 4513 2801 4566 24.
2837 4500 3025 4555 νόσσω

617 4567 1017 4638 κατηλημμένων
1040 4585 1086 4622 e.
1302 4584 1391 4636 25.
1428 4590 1484 4623 τε
1510 4585 1616 4624 om.
1643 4586 1690 4624 c.
1719 4567 1881 4624 Cord.
