3238 5158
18 1916 25 1959 ἡ
18 1796 23 1835 ψ-
20 1678 25 1705 -ῐ

216 300 335 365 xiv.
364 304 464 369 28.
601 307 718 372 IN
776 307 842 374 S.
892 308 1409 375 JOANNEM.
1502 310 1695 376 LIB.
1743 312 1827 376 X.
1919 311 2122 377 CAP.
2172 310 2225 374 Ι.
2484 305 2615 369 519

217 476 486 574 χειρῶν,
514 478 767 580 γραφῇ
802 474 1304 578 παραδέδωκεν
1332 475 1418 555 οὑ
1456 474 1780 582 φορητάς
1817 475 2254 582 δυσφημίας·
2270 470 2454 575 κατὰ
2492 477 2622 550 τοῦ

221 601 698 698 Μονογενοῦς,
755 599 1050 703 ἀδρανὲς
1117 600 1358 705 ᾠήθην
1413 601 1530 679 καὶ
1596 601 1766 680 λίαν
1821 597 2283 703 ἀνάρμοστον
2339 598 2624 701 ἐμαυτῷ

216 727 516 822 πρᾶγμα
588 722 826 801 θέλειν
901 723 1377 829 ὑφίστασθαι,
1443 721 1528 803 τὸ
1600 729 1848 828 σιωπῇ
1922 727 2416 828 παραδραμεῖν
2489 717 2623 818 τὴν

218 846 400 923 οὕτω
438 843 672 944 δεινὴν
707 854 835 925 τοῦ
886 846 1491 947 μνημονευθέντος
1540 846 1907 928 ὣτόνοιαν.
1989 848 2244 926 οὐκοῦν
2280 842 2622 945 οἰήσομαι

155 980 192 1043 5
222 972 358 1048 δεῖν
398 970 805 1068 ὑπαντῆσαι
855 969 985 1068 μὲν
1031 969 1214 1051 κατὰ
1263 969 1491 1074 λόγον
1537 974 1749 1080 αὐτῷ,
1789 971 2021 1078 δεῖξαί
2063 1004 2141 1050 τε
2191 974 2457 1073 σαφῶς
2512 967 2621 1047 ὅτι

218 1090 462 1195 σαθρά
497 1128 576 1173 τε
613 1097 730 1173 καὶ
766 1095 1060 1197 γραώδη
1098 1093 1191 1175 τά
1223 1096 1393 1201 παρ’
1418 1098 1644 1181 αὐτοῦ,
1675 1094 2010 1199 μυθάρια,
2043 1097 2160 1175 καὶ
2197 1092 2619 1201 φρονήσεως
2647 1120 2684 1164 0

219 1216 346 1316 μὲν
390 1222 519 1317 τῆς
573 1221 854 1321 ἀγαθῆς
908 1220 1342 1319 ἀμοιροῦντα
1394 1224 1794 1318 παντελῶς,
1832 1217 2169 1325 στροφὰς
2216 1215 2296 1296 δὲ
2343 1217 2624 1297 εἶκαίων

221 1341 476 1446 ἔχοντα
523 1348 930 1443 λογισμῶν.
1005 1343 1112 1422 ἐπ’
1153 1344 1371 1442 αὐτῆς
1421 1340 1497 1423 δὲ
1551 1345 1717 1441 ὑμῖν
1751 1343 2267 1447 ἀναγνώσομαι
2321 1340 2618 1449 λέξεως,

222 1463 269 1544 ἃ
313 1470 679 1546 συνθεῖναι
728 1465 1146 1567 τετόλμηκε,
1184 1464 1318 1567 τὴν
1354 1476 1483 1547 τοῦ
1529 1467 2017 1570 προκειμένου,
2056 1465 2378 1569 καθάπερ
2410 1461 2626 1548 αὐτος

118 1623 197 1663 10
225 1588 438 1696 ᾠήθη,
474 1590 773 1693 θεωρίαν
806 1591 1280 1697 ἐξηγούμενος
1318 1653 1360 1690 ,,
1389 1591 1707 1695 Μείζονα
1747 1589 1895 1671 δὲ’
1859 1598 2111 1671 εαυτοῦ
2155 1624 2283 1671 τον
2322 1587 2620 1693 Πατέρα

223 1773 267 1811 ,,
301 1713 693 1815 κηρύσσων
738 1721 1025 1820 σαφῶς,
1071 1718 1155 1795 ού
1204 1713 1427 1814 μόνον
1476 1714 1608 1817 τὴν
1653 1717 1883 1822 εαυτῷ
1935 1715 2363 1819 πρέπουσαν
2404 1711 2628 1816 παρέ-

224 1899 267 1936 ,,
303 1872 581 1938 στησεν
634 1840 1212 1942 εὐγνωμοσύνην,
1260 1839 1463 1920 ἀλλά
1510 1839 1656 1945 γὰρ
1708 1842 1826 1920 καὶ
1879 1846 2026 1920 τῶν
2069 1842 2145 1918 ἐν
2195 1839 2625 1945 ἀμφοτέροις

223 2022 265 2059 ,,
301 1958 476 2042 εἶναι
515 1961 944 2067 νομιζόντων
980 1963 1065 2042 τὸ
1103 1967 1372 2071 ψεῦδος
1410 1961 1808 2071 διήλεγξε.”
1868 1966 1986 2043 καὶ
2037 1961 2169 2063 τὴν
2207 1962 2625 2057 Σαβελλίου

223 2085 340 2166 διὰ
375 2089 647 2167 τούτων
680 2087 1207 2192 περικροτήσας
1245 2087 1488 2194 δόξαν,
1526 2084 1770 2185 δεινὸς,
1809 2088 1905 2172 ὡς
1944 2086 2183 2185 οἴεται,
2218 2087 2337 2167 καὶ
2375 2085 2624 2190 δριμὺς
2650 2097 2695 2163 d

119 2236 192 2298 15
225 2213 535 2317 ἐπιπ-ηδᾷ
582 2216 727 2296 τοῖς
776 2212 851 2290 ἐν
888 2211 1168 2310 ἰσότητι
1215 2209 1399 2316 πρὸς
1449 2211 1575 2292 τὸν
1613 2212 1910 2314 Πατερα
1952 2215 2211 2292 τιθεῖσι
2247 2208 2375 2290 τὸν
2411 2209 2621 2308 Υὶὸν,

224 2337 409 2416 οὕτω
444 2335 673 2417 πάλιν
708 2334 926 2415 εἶπῶν
959 2396 1005 2433 ,,
1036 2341 1164 2420 Εἰς
1213 2343 1564 2416 τοσοῦτον
1594 2333 1825 2416 πάλιν
1862 2335 2202 2419 ἀπονοίας
2252 2334 2628 2438 προῆλθόν

223 2519 268 2557 ,,
302 2495 513 2558 τινες,
556 2463 652 2544 ὡς
700 2459 879 2560 μηδὲ
928 2459 1118 2545 ὅλως
1168 2462 1551 2565 ἀνέχεσθαι
1602 2459 1886 2563 μείζονα
1936 2457 2112 2540 εἶναι
2162 2457 2291 2540 τὸν
2330 2459 2628 2559 Πατέρα

221 2646 266 2684 ,,
301 2590 431 2685 τῆς
486 2594 616 2665 τοῦ
662 2591 1127 2687 Μονογενοῦς
1183 2584 1514 2686 θεότητος
1566 2585 1831 2687 λέγειν,
1882 2583 2087 2664 ἀλλὰ
2136 2582 2361 2682 μόνον
2411 2581 2630 2662 αὑτὸν

224 2768 268 2806 ,,
304 2710 687 2813 συγκρίσει
741 2715 833 2816 τῇ
886 2710 1050 2812 περὶ
1098 2708 1231 2809 τὴν
1279 2709 1521 2811 σάρκα
1578 2707 1940 2813 ὑπερέχειν
1977 2714 2229 2807 δοκεῖν,
2266 2706 2447 2808 μηδὲ
2496 2705 2631 2787 κᾶν

115 2868 201 2910 20
226 2892 270 2929 „
307 2841 520 2912 τοῦτο
555 2837 868 2912 συνιδεῖν
905 2832 1339 2934 δυνηθέντες,
1379 2834 1476 2917 ὡς
1525 2830 1619 2912 τὰ
1671 2833 2041 2934 ἑτερογενῆ
2080 2833 2407 2929 οὐδαμῶς
2443 2865 2629 2934 συγ-

223 3014 269 3052 ,,
308 2954 672 3058 κρίνεσθαι
708 2955 1026 3036 δύναται.
1097 2959 1323 3040 οὐδεὶς
1357 2954 1502 3060 γὰρ
1538 2953 1629 3037 ἂν
1662 2954 1846 3037 εἴποι
1881 2954 2055 3036 ποτὲ
2097 2954 2207 3036 ὅτι
2246 2956 2628 3058 ἅνθροητος

222 3141 269 3177 ,,
308 3078 729 3189 σοφώτερός
778 3083 938 3160 ἐστι
988 3078 1309 3181 κτήνους,
1346 3081 1508 3160 οὔτε
1546 3078 1693 3181 μὴν
1729 3080 1946 3164 ἵππος
1995 3080 2348 3187 ὀξυτέρως
2395 3079 2627 3186 τρέχει
2652 3115 2686 3157 e

221 3265 266 3303 „
306 3206 651 3309 χελώνης,
689 3205 860 3284 ἀλλ’
901 3203 1284 3309 ἄνθρωπον
1322 3203 1710 3308 ἀνθρώπου
1756 3205 2363 3307 ἐλλογιμώτερον,
2406 3204 2629 3285 ἵππον

222 3391 268 3428 ,,
308 3330 386 3410 δὲ
427 3329 653 3411 ἵππου
695 3329 1037 3436 ὀξύτερον
1074 3329 1451 3436 φέρεσθαι.
1531 3328 1773 3428 μόνων
1807 3329 2045 3408 τοίνυν
2082 3335 2228 3409 τῶν
2266 3330 2631 3430 ὁμογενῶν

110 3489 196 3550 25
224 3515 270 3551 „
306 3451 441 3553 τὴν
476 3449 661 3558 πρὸς
695 3455 999 3552 ἄλληλα
1037 3454 1430 3558 σύγκρισιν
1465 3453 2008 3558 ἐπιδεχομένων,
2043 3452 2322 3554 ἀνάγκη
2375 3451 2632 3538 αὐτοὺς

223 3639 269 3684 ,,
309 3561 883 3679 ὁμολογῆσαι,“’
843 3612 953 3657 οτι
1011 3579 1052 3657 ὃ
1110 3577 1369 3682 Πατὴρ
1421 3574 1678 3679 μείζων
1732 3578 1947 3676 αὐτῆς
2005 3581 2134 3677 τῆς
2198 3584 2326 3658 τοῦ
2384 3582 2632 3657 Μονο-

223 3763 268 3801 ,,
312 3711 562 3806 γενοῦς
617 3700 953 3802 θεότητος
1010 3702 1335 3809 ὑπάρχει.
1418 3707 1481 3782 οἱ
1534 3737 1677 3805 γαρ
1729 3702 2062 3786 ἐναντίως
2118 3696 2632 3808 σφαλλόμενοι

222 3888 270 3927 ,,
310 3835 414 3936 τῷ
464 3861 648 3930 προς
698 3825 833 3927 τὴν
886 3824 1130 3930 σάρκα
1182 3829 1621 3931 συγκρίνειν,
1678 3860 1861 3906 οσον
1919 3824 2004 3905 τὸ
2064 3827 2172 3907 ἐπ’
2231 3827 2489 3923 αὑτοῖς,
2546 3858 2632 3904 το

222 4013 270 4050 ,,
308 3986 657 4054 πατρικον
699 3950 981 4059 ἀξίωμα
1027 3951 1513 4055 καθαιροῦσιῗ

105 4116 197 4175 30
343 4079 574 4157 Ταυτὶ
622 4074 753 4172 μὲν
788 4076 1052 4155 ἐκείνου
1101 4072 1193 4154 τὰ
1243 4075 1534 4175 ὑθλώδη
1584 4073 1995 4177 ληρήματα·
2052 4071 2521 4153 διασκεπτέον
2557 4068 2634 4151 δὲ

223 4198 428 4285 ὅπως
485 4199 645 4281 οὐδὲ
704 4196 942 4280 εἰδότα
1006 4198 1351 4305 δείξωμεν
1408 4198 1516 4280 ὅτι
1575 4206 1726 4283 τοῖς
1788 4200 1985 4282 ἰδίοις
2043 4195 2258 4281 αὐτὸς
2324 4195 2631 4302 μάχεται
2657 4232 2693 4271 a
2736 4215 2972 4276 84'7A.

312 4488 359 4527 ι.
397 4492 536 4541 παρα
538 4471 756 4526 δέδυκεν
780 4472 845 4527 Ε.
870 4472 1164 4543 παρέδωκεν
1188 4470 1292 4526 Ed.
1472 4486 1555 4525 12.
1592 4467 1965 4541 ἀγνωμοσύνην
1987 4468 2055 4524 Ε.
2234 4484 2322 4524 2ο.
2355 4488 2444 4538 γρ.
2472 4464 2636 4538 τούτῳ

226 4542 340 4599 Ed.
368 4561 479 4613 mg.
504 4545 658 4598 τοῦτο
684 4542 847 4599 babet
873 4543 930 4599 F.
1142 4559 1234 4613 31.
1271 4541 1421 4597 offic»
1446 4541 1654 4609 Migne.
