3238 5158
660 348 744 413 18
1031 404 1035 409 .
1265 344 1345 410 Β.
1393 343 1813 409 omum
1871 341 2451 408 ALEXANDR.
2786 340 3064 422 vifi.24.

293 504 568 638 {251292
659 509 943 595 δικαίως
990 507 1245 609 ἤκουεν
1279 519 1326 556 “
1348 506 1528 588 Ὅτι
1576 506 1668 587 τὰ
1720 507 2114 607 σύμπαντα
2162 510 2392 588 δοῦλα
2443 504 2618 586 σά·”
2684 502 2930 602 ἐπειδὴ
2968 501 3064 585 ’δὲ

335 658 344 665 “
655 632 1109 785 πανταχόθεν
1133 632 1319 717 Θεὸς
1355 630 1698 731 ἀληθινὸς
1735 628 2076 736 ὑπάρχων
2113 632 2531 735 εὑρίσκεται,
2558 634 2786 730 δῆλον
2821 626 3064 728 δήπου

653 757 943 843 πάντως
1017 761 1115 841 ὡς
1200 758 1329 836 οὐκ
1415 755 1616 835 ἔστιν
1681 756 1759 837 ἐκ
1832 758 1944 836 τοῦ
2030 760 2287 861 κόσμου
2369 753 2612 845 τούτου,
2687 752 3056 850 τουτέστι,

655 881 978 984 γενητός.
1065 882 1247 982 ὅλην
1298 878 1443 982 γὰρ
1497 886 1645 959 τῶν
1692 877 2187 982 πεποιημένων
2232 878 2366 980 τὴν
2415 878 2645 984 φύσιν
2694 913 2735 958 ο
2795 882 3065 984 κόσμος

655 1006 825 1105 ἡμῖν
888 1007 964 1084 ἐν
1028 1005 1259 1114 τούτω
1331 1005 1870 1106 κατασημαίνει,
1936 1001 2069 1105 τὴν
2135 1007 2230 1088 ὡς
2305 1005 2385 1083 ἐκ
2458 1001 2716 1105 μέρους
2777 1003 2894 1082 ἐπὶ
2971 1035 3060 1082 το
3089 1021 3123 1082 5

655 1128 960 1225 σύμπαν
1014 1163 1099 1209 το
1152 1131 1594 1227 πεποιῆσθαι
1651 1128 2029 1227 νοούμενον
2080 1126 2581 1231 παραπέμπων
2634 1124 3059 1229 σύγκρισιν,

594 1282 631 1324 e
654 1250 908 1355 ὥσπερ
962 1252 1087 1332 οὖν
1143 1250 1394 1351 ἀμέλει
1447 1251 1696 1353 πάσης
1750 1251 2001 1332 ἑαυτὸν
2057 1251 2440 1360 ὑπεξάγων
2492 1254 2620 1350 τῆς
2675 1248 2861 1353 πρὸς
2921 1248 3062 1349 τὴν

318 1371 449 1503 ξω·
474 1372 545 1421 ¹³·
654 1377 892 1457 κτίσιν
939 1376 1293 1483 ὀμοφυΐας
1349 1378 1425 1455 ἐν
1467 1374 1876 1483 προφήταις
1928 1375 2070 1480 ἔφη
2116 1374 2303 1460 Θεός
2340 1386 2383 1424 “
2407 1376 2615 1455 Διότι
2665 1373 2853 1457 Θεὸς
2907 1372 3062 1475 ἐγώ

365 1543 370 1547 ·
654 1510 700 1547 “
735 1505 875 1599 εἰμι
931 1504 1048 1581 καὶ
1108 1502 1236 1581 οὑκ
1294 1497 1744 1604 ἀνθρωπος.”
1829 1501 1946 1579 καὶ
2002 1501 2131 1579 οὐκ
2183 1499 2469 1601 ἐπείπερ
2521 1497 2663 1604 ἔφη
2717 1497 2817 1598 μὴ
2874 1495 3058 1579 εἶναι

651 1625 817 1704 καθ’
879 1625 1066 1723 ἡμᾶς
1132 1624 1529 1728 ἅνθρωπος,
1596 1623 1717 1702 διὰ
1778 1631 1989 1703 τοῦτο
2052 1622 2339 1707 πάντως
2398 1621 2618 1702 αὑτὸν
2676 1619 3055 1723 ἀγγέλοις,
3088 1651 3155 1693 10

649 1747 875 1850 ἤγουν
913 1748 1172 1852 ἑτέροις
1208 1749 1360 1826 τισὶ
1395 1753 1543 1827 τῶν
1577 1753 1916 1849 γενητῶν,
1955 1744 2433 1854 συντάξομεν,
2469 1746 2639 1825 ἀλλ’
2678 1747 2757 1825 ἐκ
2793 1746 3058 1850 μέρους

649 1873 765 1952 ἐπὶ
802 1869 887 1952 τὸ
925 1871 1229 1971 σύμπαν
1266 1869 1505 1970 ἰόντες,
1543 1869 1782 1974 ἕτερόν
1817 1905 1886 1951 τι
1924 1868 2105 1951 κατὰ
2141 1871 2370 1976 φύσιν
2409 1867 2748 1975 ὑπάρχειν
2783 1871 3058 1969 ὁμολο-

649 1993 979 2097 γήσομεν
1012 1996 1140 2075 τὸν
1178 1991 1370 2074 Θεὸν
1403 1993 1604 2098 παρὰ
1638 1993 1877 2075 πάντα
1912 1993 2006 2073 τὰ
2039 1993 2324 2097 γενητά.
2407 1996 2632 2078 οὕτως
2669 1990 2865 2093 οἶμαι
2905 1997 3060 2073 δεῖν

2476 2122 2510 2139 Α

320 2120 478 2199 ¹53⁰*-
649 2119 1127 2215 εὖσεβοῦντας
1176 2125 1360 2200 νοεῖν
1404 2117 1496 2198 τὰ
1549 2119 2147 2221 παρεμπίπτοντα
2193 2122 2533 2224 δυσχερη·
2591 2128 2637 2165 “
2672 2116 3058 2217 Βλέπομεν

312 2201 418 2235 ²²¹¹·
440 2198 516 2238 ¹²·
651 2251 696 2291 ιι
731 2241 877 2346 γὰρ
950 2246 1026 2324 ἐν
1097 2242 1434 2351 ἐσόπτρῳ
1507 2242 1594 2322 δι’
1673 2243 2157 2344 αἰνίγματος,”
2234 2239 2554 2347 καθάπερ
2630 2242 2671 2321 ὁ
2749 2240 3055 2328 Παῦλῦς
3082 2267 3147 2331 15

651 2371 906 2473 φησιν.

311 2486 453 2546 808
470 2486 554 2548 Δ.
591 2503 629 2544 a

548 2647 625 2704 ²4
756 2636 958 2712 Εἶπον
1009 2640 1125 2714 οὖν
1176 2639 1322 2722 ὑμῖν
1376 2647 1478 2713 ὅτι
1529 2640 1967 2714 ἀποθανεῖσθε
2017 2644 2089 2713 ὲν
2142 2640 2285 2712 ταῖς
2338 2643 2687 2735 ἁμαρτίαις
2741 2642 2948 2722 ὑμῶν.

762 2842 877 2921 Δι’
920 2840 1194 2944 ὀλίγων
1228 2842 1641 2949 ἀνατρέψας
1690 2840 1823 2942 τὴν
1857 2839 2359 2941 ἀβουλοτάτην
2395 2848 2542 2922 τῶν
2574 2842 2803 2921 ἐκεῖνα
2853 2842 3044 2921 διεν-

647 2965 1107 3067 θυμουμένων
1191 2965 1554 3058 ὑπόνοιαν,
1633 2968 1751 3045 καὶ
1833 2974 2231 3070 ληροῦντας
2311 2967 2423 3072 ἐφ’
2507 2966 2738 3073 ἑαυτῷ
2817 2963 3054 3045 πάλιν

645 3088 969 3197 ἐλέγξας,
1008 3088 1371 3171 ἐπάνεισιν
1408 3086 1660 3193 ὥσπερ
1709 3091 1823 3171 ἐπὶ
1870 3087 1999 3169 τὸν
2048 3089 2139 3196 ἐξ
2180 3092 2408 3195 ἀρχῆς
2454 3089 2892 3194 προτεθέντα
2940 3094 3051 3196 τῷ
3081 3124 3148 3164 20

648 3211 851 3320 λόγῳ
887 3210 1191 3310 σκοπὸν,
1230 3216 1347 3292 καὶ
1383 3214 1460 3292 ἐν
1496 3211 1699 3297 ὅσοις
1736 3213 2027 3293 ἔσονται
2068 3220 2331 3312 κακοῖς,
2364 3221 2919 3317 περιπεσοῦνται
2972 3212 3051 3293 δὲ

648 3335 865 3434 τίσιν,
931 3335 1370 3437 ἀλογώτατα
1440 3337 1983 3440 παρωθούμενοι
2051 3336 2136 3417 τὸ
2216 3338 2580 3418 πιστεύειν
2650 3338 2868 3446 αὐτῷ,
2928 3338 3052 3418 καὶ

651 3462 965 3542 εἰσαῦθις
1020 3456 1504 3551 ἐπαναλαβὼν
1556 3460 1957 3567 ὑποφαίνει.
2036 3466 2281 3567 χρῆμα
2337 3462 2413 3542 δὲ
2467 3460 2887 3571 διδασκάλῳ
2940 3468 3053 3569 τῷ

581 3597 627 3666 b
652 3586 872 3689 σοφῷ
907 3584 1025 3661 καὶ
1062 3584 1350 3662 ἐπιεικεῖ
1375 3585 1972 3687 πρεπωδέστερον
2008 3584 2099 3664 ἂν
2136 3586 2242 3686 εἴη
2278 3590 2397 3666 καὶ
2431 3594 2664 3666 τοῦτο·
2721 3590 2868 3666 δεῖν
2902 3584 3051 3689 γὰρ

648 3701 844 3803 οἶμαι
903 3702 1032 3784 τὸν
1087 3703 1541 3802 διδάσκοντα,
1596 3706 1698 3807 μὴ
1764 3713 1918 3793 ταῖς
1981 3715 2126 3789 τῶν
2184 3709 2655 3813 ἀκροωμένων
2713 3711 3052 3806 ἀμαθίαις
3082 3735 3151 3796 25

587 3939 590 3940 γ
649 3835 1099 3936 φιλονεικεῖν,
1137 3825 1315 3929 μηδὲ
1365 3832 1492 3929 τῆς
1546 3835 1642 3913 εἰς
1688 3830 1941 3941 αὐτοὺς
1986 3834 2366 3936 φροντίδος
2401 3836 2796 3937 ὀλιγωρεῖν,
2834 3837 2893 3912 εἶ
2927 3835 3054 3913 καὶ

647 3951 749 4054 μὴ
805 3954 975 4032 λίαν
1029 3952 1327 4051 ἑτοίμως
1381 3951 1898 4058 παραδέχοιντο
1951 3953 2172 4061 τυχὸν
2226 3964 2371 4037 τῶν
2421 3954 2866 4058 μαθημάτων
2915 3956 3052 4058 τὴν

647 4082 945 4178 γνῶσιν,
985 4074 1189 4156 ἀλλὰ
1226 4078 1343 4156 καὶ
1381 4081 1702 4161 εἰσαῦθις
1736 4076 1828 4158 τὰ
1863 4078 2065 4178 αὐτὰ,
2097 4087 2390 4176 μᾶλλον
2426 4080 2501 4161 δὲ
2538 4085 2655 4161 καὶ
2688 4079 3050 4166 πολλάκις

646 4200 1191 4280 ἀνακυκλοῦντα
1255 4199 1513 4303 λέγειν,
1573 4203 1693 4281 καὶ
1756 4199 1876 4283 διὰ
1940 4209 2086 4285 τῶν
2144 4205 2386 4285 αὐτῶν
2450 4203 2623 4286 ἰέναι
2678 4203 3045 4310 ῥημάτων.

644 4453 793 4568 Aa
806 4439 867 4495 τὸ
891 4456 1000 4495 om.
1025 4438 1173 4495 Aah.
1377 4441 1429 4497 8.
1441 4441 1572 4534 ἐγώ
1595 4440 1702 4513 clm
1723 4441 1828 4499 hoc
1848 4440 2039 4499 ordine
2064 4442 2132 4499 Β.
2338 4444 2423 4500 18.
2458 4441 2899 4513 διευθυμοιιμενων
2921 4443 3047 4513 (oio)

1013 4527 1097 4584 19.
1134 4509 1298 4586 ἐαυτῷ
1324 4530 1374 4568 a.
1396 4513 1536 4588 αυτῷ
1563 4512 1669 4570 Ed.
1885 4530 1971 4581 24.
2007 4514 2444 4585 πρεπωδέστατον
2465 4533 2514 4572 ι.
2543 4514 2662 4572 cat.
2690 4514 2847 4572 Harl.
2940 4513 3050 4574 δεῖν

646 4590 989 4656 assumptum
1013 4599 1079 4638 ex
1106 4581 1174 4637 B.
