3238 5158
262 336 683 414 xvii.20,‘21.
760 332 876 397 IN
939 333 1006 396 S.
1047 331 1568 397 JOANNEM.
1661 331 1855 396 LIB.
1889 331 2011 397 XI.
2087 331 2452 396 CARXI.
2551 333 2675 397 737

266 500 522 604 ἑαυτῷ.
585 493 836 599 ὥσπερ
875 495 1017 600 γὰρ
1055 501 1180 596 τῆς
1218 497 1422 598 ἁγίας
1465 494 1739 599 σαρκὸς
1789 495 1834 595 ἡ
1885 495 2178 596 δύναμις
2222 493 2677 594 συσσώμους

266 625 608 703 ἀποτελεῖ
650 618 815 705 τοὺς
863 622 939 701 ἐν
976 619 1078 707 οἷς
1129 619 1219 699 ἀν
1267 620 1568 723 γένοιτο,
1606 618 1735 701 τὸν
1782 618 1998 701 αὐτὸν
2042 617 2235 718 οἶμαι
2290 620 2560 725 τρόπον
2603 619 2680 699 ἓν

268 744 354 827 τὸ
391 749 468 826 ε’ν
498 751 732 826 πᾶσιν
767 743 1157 847 ἀμέριστον
1194 748 1570 844 ε’νοικῆσαν
1598 749 1895 844 Πνεῦμα
1929 749 2124 826 Θεοῦ
2158 743 2341 848 πρὸς
2380 742 2680 844 ἑνότητα

270 869 404 969 τὴν
460 867 942 970 πνευματικὴν
1002 871 1300 971 συνάγει
1365 867 1528 953 τοὺς
1592 867 1889 952 πάντας.
1993 867 2113 950 διὰ
2171 875 2385 949 τοῦτο
2448 866 2678 949 πάλιν

204 1030 242 1091 5
273 995 442 1094 ἡμῖν
479 994 518 1075 ὁ
572 992 959 1078 θεσπέσιος
1009 992 1466 1099 προσεφώνει
1515 997 1818 1080 Παῦλος
1851 1003 1894 1041 “
1919 991 2378 1098 Ἀνεχόμενοι
2429 990 2667 1092 ἀλλή-

273 1127 320 1166 “
355 1129 511 1199 λων
582 1121 658 1198 ἐν
731 1118 1002 1224 ἀγάπῃ,
1066 1115 1587 1221 σπουδάζοντες
1661 1124 1899 1222 τηρεῖν
1972 1115 2104 1218 τὴν
2177 1117 2476 1218 ἑνότητα
2547 1125 2677 1198 τοῦ

274 1252 318 1289 “
359 1243 776 1341 Πνεύματος
828 1244 904 1321 ἐν
947 1248 1051 1350 τῷ
1095 1242 1486 1348 συνδέσμῳ
1536 1245 1665 1341 τῆς
1714 1242 2012 1344 εἰρήνης,
2052 1240 2127 1322 ἓν
2168 1247 2389 1341 σῶμα
2436 1244 2553 1322 καὶ
2603 1239 2679 1322 ἓν

275 1376 318 1414 “
352 1374 654 1465 πνεῦμα,
694 1363 931 1450 καθὼς
985 1369 1101 1446 καὶ
1157 1363 1503 1468 ἐκλήθητε
1561 1369 1638 1446 ἐν
1686 1371 1819 1472 μιᾷ
1871 1365 2110 1444 ἐλπίδι
2163 1369 2295 1463 τῆς
2350 1365 2680 1466 κλήσεως
2705 1381 2749 1447 b

273 1500 319 1539 “
358 1492 583 1589 ὑμῶν·
651 1488 749 1575 εἷς
804 1488 1061 1594 κύριος,
1103 1491 1231 1590 μία
1286 1490 1552 1588 πίστις,
1600 1488 1677 1570 ἓν
1725 1487 2131 1588 βάπτισμα,
2168 1485 2267 1573 εἷς
2321 1488 2510 1574 Θεὸς
2565 1493 2683 1572 καὶ

163 1648 248 1689 ιο
274 1624 319 1660 “
352 1611 593 1717 πατὴρ
655 1612 969 1712 πάντων,
1037 1616 1077 1693 ὁ
1138 1616 1255 1696 ἐπὶ
1322 1611 1613 1695 πάντων
1679 1616 1794 1694 καὶ
1868 1611 1985 1694 διὰ
2056 1610 2350 1694 πάντων
2411 1616 2530 1694 καὶ
2605 1615 2684 1694 ἐν

274 1748 320 1786 “
353 1738 646 1821 πᾶσιν.”
706 1735 861 1824 ἑνὸς
894 1736 1041 1842 γὰρ
1076 1737 1243 1838 ἡμῖν
1280 1735 1816 1841 ἐναυλιζομὲνου
1858 1743 1988 1817 τοῦ
2028 1735 2465 1837 Πνεύματος,
2503 1735 2603 1821 εἷς
2641 1738 2682 1818 ὁ

274 1868 421 1943 τῶν
458 1861 653 1942 ὅλων
693 1860 951 1966 Πατὴρ
994 1864 1072 1943 ἐν
1107 1863 1274 1964 ἡμῖν
1309 1862 1517 1944 ἔσται
1554 1861 1744 1945 Θεὸς
1794 1860 1879 1942 δι’
1921 1867 2102 1942 Υὶοῦ
2149 1860 2334 1965 πρὸς
2383 1859 2683 1963 ἑνότητα

273 1986 622 2090 συνέχων,
650 1986 782 2087 τὴν
817 1992 914 2071 εἶς
951 1986 1250 2086 ἄλληλα
1286 1989 1401 2067 καὶ
1439 1983 1619 2092 πρός
1656 1984 1927 2084 εαυτὸν,
1963 1983 2057 2064 τὰ
2092 1992 2221 2066 τοῦ
2262 1984 2685 2087 Πνεύματος

275 2108 565 2215 μέτοχα.
641 2108 751 2191 ὅτι
802 2108 878 2190 δε
931 2117 1035 2220 τῷ
1078 2113 1309 2220 Αγίῳ
1362 2109 1731 2210 Πνεύματι
1780 2107 1965 2190 κατὰ
2016 2108 2303 2217 μέθεξιν
2347 2109 2685 2190 συνενού-

168 2275 196 2315 ι
211 2272 247 2330 5
275 2239 479 2335 μεθα,
541 2233 770 2336 δῆλόν
824 2270 980 2320 πως
1051 2235 1258 2315 ἔσται
1324 2238 1439 2316 καὶ
1497 2232 1616 2314 διὰ
1680 2232 1956 2315 τούτου.
2057 2238 2114 2313 εἶ
2176 2231 2321 2338 γάρ
2387 2232 2687 2340 ἀφέντες

275 2391 362 2438 το
426 2357 936 2440 πολιτεύεσθαι
999 2364 1350 2465 ψυχικῶς,
1406 2365 1553 2444 τοῖς
1613 2366 1743 2437 τοῦ
1803 2359 2223 2458 Πνεύματος
2288 2355 2533 2459 νόμοις
2600 2356 2685 2439 τὸ

278 2479 605 2591 εἶσάπαξ
643 2490 924 2587 κρατεῖν
961 2482 1683 2589 παρακεχωρήκαμεν,
1719 2487 1874 2567 πῶς
1910 2482 1994 2563 οὐ
2028 2481 2252 2562 παντί
2282 2516 2387 2590 τῳ
2426 2479 2685 2563 λοιπὸν
2708 2514 2744 2556 c

277 2608 806 2714 ἀναμφίλογον,
863 2606 974 2689 ὅτι
1036 2606 1168 2710 τὴν
1220 2609 1401 2689 ἰδίαν
1457 2606 1709 2710 ὥσπερ
1767 2604 1950 2709 ζωὴν
2005 2605 2510 2711 ἀρνησάμενοι,
2568 2607 2686 2688 καὶ

278 2739 409 2812 τοῦ
457 2733 1013 2832 συμπλακέντος
1063 2733 1229 2834 ἡμῖν
1262 2733 1518 2834 Ἀγίου
1558 2730 1979 2830 Πνεύματος
2026 2729 2159 2829 τὴν
2197 2728 2687 2834 ὑπερκόσμιον

167 2898 251 2940 20
280 2854 770 2951 ἀναλαβόντες
832 2854 1240 2963 μόρφωσιν,
1306 2856 1690 2959 μονονουχὶ
1766 2856 1882 2934 καὶ
1955 2860 2052 2939 εἷς
2121 2854 2367 2956 ἑτέραν
2434 2850 2686 2959 ὥσπερ

277 2978 775 3080 μεθιστάμεθα
839 2980 1092 3086 φύσιν,
1155 2981 1284 3060 οὐκ
1356 2979 1723 3084 ἅνθρωποι
1785 2978 2026 3078 μόνον,
2083 2977 2288 3058 ἀλλὰ
2362 2982 2479 3059 καὶ
2553 2981 2686 3059 υἱοὶ

283 3109 476 3184 Θεοῦ
511 3108 627 3184 καὶ
667 3100 976 3206 οὐράνιοι
1014 3102 1562 3208 χρηματίζοντες
1597 3101 1982 3208 ἅνθρωποι,
2022 3100 2140 3183 διὰ
2188 3101 2270 3183 τὸ
2319 3108 2448 3204 τῆς
2496 3102 2688 3187 θείας

283 3226 577 3335 φύσεως
641 3225 1150 3334 ἀποπεφάνθαι
1210 3226 1639 3324 κοινωνούς;
1723 3225 1799 3307 ἓν
1854 3234 2235 3331 τοιγαροῦν
2295 3232 2361 3307 οὶ
2425 3227 2689 3312 πάντες

284 3348 501 3449 ἐσμὲν
547 3354 623 3432 ἐν
662 3356 903 3455 Πατρὶ
957 3353 1073 3431 καὶ
1129 3356 1287 3461 Υἶῷ
1340 3355 1456 3432 καὶ
1511 3351 1743 3460 Ἀγίιρ
1801 3352 2190 3450 Πνεύματι,
2238 3351 2313 3432 ἓν
2367 3349 2453 3431 δέ
2499 3355 2689 3457 φημι

176 3507 257 3567 25
285 3479 402 3555 καὶ
450 3480 543 3582 τῇ
598 3477 762 3558 καθ’
801 3474 954 3582 ’ἕξιν
989 3475 1390 3577 ταυτότητι·
1453 3478 1711 3582 χρῆναι
1747 3473 1891 3579 γάρ
1929 3470 2125 3576 οἶμαι
2160 3476 2689 3575 διαμεμνῆσθαι

284 3604 431 3680 τῶν
467 3602 545 3681 ἐν
582 3603 859 3708 ἀρχαῖς·
928 3603 1045 3681 καὶ
1098 3601 1177 3681 ἐν
1225 3601 1605 3706 μορφώσει
1660 3605 1751 3705 τῇ
1809 3599 1959 3680 κατ’
2000 3598 2371 3695 εὐσέβειαν
2424 3602 2541 3679 καὶ
2595 3599 2685 3704 τῇ
2710 3622 2756 3688 d

286 3724 613 3831 κοινωνίᾳ
647 3728 773 3824 τῆς
810 3725 1017 3828 ἁγίας
1051 3720 1325 3827 σαρκὸς
1360 3732 1490 3805 τοῦ
1527 3728 1879 3828 Χριστοῦ,
1918 3726 2034 3804 καὶ
2068 3726 2158 3829 τῇ
2196 3724 2523 3832 κοινωνίᾳ
2558 3729 2687 3804 τοῦ

286 3844 444 3932 ἑνὸς
479 3850 595 3928 καὶ
633 3848 841 3950 ἁγίου
881 3845 1320 3949 Πνεύματος,
1356 3848 1679 3952 καθάπερ
1714 3847 1850 3949 ἤδη
1886 3848 2322 3951 προείρηται.

357 4031 480 4087 6-8.
517 4032 1010 4104 τηρεῖν-ἐκλήθητε
1035 4050 1145 4088 om.
1171 4052 1226 4105 p.
1536 4050 1624 4091 21.
1660 4033 2049 4160 μεθιστάμεθαω
2041 4034 2107 4089 Ε.
2188 4034 2555 4105 μεθιστάμενοι
2580 4031 2684 4090 Ed.

289 4120 377 4160 22.
415 4104 505 4174 τῆς
528 4121 635 4159 om.
664 4103 728 4159 Ε.
945 4118 1030 4177 25.
1067 4104 1444 4174 ταυτότηταΕ.
1663 4118 1750 4175 27.
1786 4104 1947 4174 τῆςΕ
1990 4053 2185 4175 ruffi.

1177 4399 1401 4450 AozA
1468 4398 1798 4448 xpls‘rn.

379 4679 522 4726 vm..
554 4680 629 4727 11.
1468 4677 1508 4748 5
1542 4679 1579 4724 Β

2765 998 2895 1063 Eph.
2917 999 2986 1047 iv.

2770 1063 2878 1115 2-6.
