3238 5158
112 351 264 415 xvi.
296 371 392 430 12,
424 372 525 438 13.
593 353 701 417 IN
760 354 827 417 S.
875 352 1391 418 JOANNEM.
1482 352 1675 416 LIB.
1723 351 1806 416 X.
1898 351 2101 417 CAP.
2148 350 2245 415 ΙΙ.
2400 350 2526 413 627

113 520 621 597 καταθεᾶσθαι
676 515 950 603 κάλλος
1004 519 1356 624 ἐντιθείσῃ
1412 517 1859 619 θεωρήματα.
1941 516 2050 597 ὅτι
2096 514 2173 596 δὲ
2215 513 2360 618 πρὸ
2399 513 2530 611 μὲν

114 643 263 737 τῆς
298 641 377 719 ἐκ
413 647 680 745 νεκρῶν
715 643 1188 727 ἀναστάσεως
1231 649 1360 722 τοῦ
1397 645 1734 745 Σωτῆρος
1767 642 1969 741 ἡμῶν
2006 645 2366 744 Χριστοῦ,
2412 640 2528 717 καὶ

112 766 305 867 πρὶν
371 764 449 842 ἐν
511 765 792 872 μεθέξει
854 765 1190 868 γενέσθαι
1259 774 1390 846 τοῦ
1463 764 1902 864 Πνεύματος,
1961 760 2530 864 Ἰουδαῖκῶτερόν

114 920 291 969 πως
335 885 575 991 διεζων
608 894 677 969 οἱ
725 893 1061 989 μαθηταὶ,
1100 890 1217 969 καὶ
1253 893 1383 988 τῆς
1418 887 1601 969 κατὰ
1641 887 1858 988 νόμον
1894 889 2255 972 πολιτείας·
2292 886 2524 966 ἀντεί-

65 1034 377 1114 ἱχοντο,
434 1016 492 1091 εἶ
547 1015 663 1091 καὶ
716 1012 952 1117 μεῖζον
1007 1014 1320 1115 ἀκριβῶς
1392 1010 1478 1092 τὸ
1551 1014 1666 1093 ἐπὶ
1732 1018 2038 1120 Χριστῷ
2112 1008 2531 1114 μυστήριον,

121 1131 499 1236 θεωρήσαι
552 1169 659 1220 τις
714 1132 826 1234 ἂν,
881 1137 998 1216 καὶ
1053 1137 1221 1216 λίαν
1275 1133 1605 1219 εὐκόλως.
1696 1138 1813 1215 καὶ
1869 1144 2047 1238 γοῦν
2102 1138 2142 1215 ὃ
2188 1133 2532 1236 μακάριος

129 1255 445 1359 Πέτρος,
481 1260 709 1339 καίτοι
762 1266 908 1340 τῶν
962 1261 1188 1362 ἁγίων
1234 1260 1768 1363 προεκκείμενος
1817 1265 2179 1359 μαθητῶν,
2236 1263 2527 1359 διηγου-
2560 1277 2603 1340 d

126 1377 327 1488 μένῳ
379 1380 554 1463 ποτὲ
607 1388 712 1491 τῷ
768 1388 1050 1485 Σωτῆρι
1105 1382 1190 1464 τὸ
1245 1386 1361 1463 ἐπὶ
1413 1389 1517 1490 τῷ
1571 1388 1868 1489 σταυρῷ
1924 1380 2175 1480 πάθος,
2243 1384 2361 1461 καὶ
2426 1378 2536 1459 ὅτι

131 1506 284 1585 δέοι
320 1513 470 1590 τοῖς
502 1504 910 1592 Ἰουδαϊκοῖς
964 1510 1549 1611 ἐμπαροινεΐσθαι
1584 1506 2051 1607 τολμήμασιν
2085 1503 2537 1613 ἐξηγουμένῳ

66 1674 105 1715 0
132 1630 539 1733 χρησίμως,
598 1631 1074 1739 ἀντανεφώνει
1129 1632 1366 1733 λέγων
1421 1641 1465 1677 “
1489 1628 1746 1715 Ἵλεώς
1802 1664 1928 1710 σοι
1981 1629 2229 1733 Κύριε,
2295 1629 2378 1708 οὐ
2435 1626 2537 1726 μὴ
2627 1628 2872 1746 {gfff-

134 1763 181 1801 “
219 1752 433 1833 ἔσται
486 1788 610 1834 σοι
666 1756 926 1836 τοῦτο·’
1035 1756 1262 1835 καίτοι
1317 1753 1701 1860 διαρῤήδην
1755 1752 2340 1858 ἀνακεκραγότων
2395 1757 2540 1832 τῶν

137 1877 372 1979 ἁγίων
430 1884 846 1984 προφητῶν,
900 1880 1033 1985 οὐχ
1085 1914 1194 1959 οτι
1249 1878 1573 1959 πείσεται
1624 1876 1876 1979 μόνον,
1942 1878 2143 1959 ἀλλὰ
2202 1875 2360 1960 τίνα
2423 1880 2541 1956 καὶ

139 1998 393 2081 ὁπόσα
438 2003 789 2102 ὑπομενεῖ.
863 2006 979 2083 καὶ
1027 2002 1172 2103 μὴν
1209 2005 1487 2083 κάκεῖνο
1535 2003 1719 2105 πρὸς
1767 2001 2000 2111 τούτῳ
2044 1999 2536 2082 διασκεπτεον.

140 2127 241 2208 ὡς
301 2158 446 2227 γαρ
479 2128 555 2206 ἐν
591 2132 743 2210 ταῖς
796 2126 1113 2275 πράξεσι
1167 2133 1312 2206 τῶν
1347 2127 1789 2208 ἀποστόλων
1836 2127 2243 2230 γέγραπταί
2291 2159 2367 2205 τε
2422 2130 2540 2204 καὶ

78 2275 114 2336 5
142 2248 671 2350 ἀνεγνώκαμεν,
723 2249 1157 2353 πρόσπεινος
1211 2248 1302 2349 ἦν
1355 2284 1529 2332 ποτε
1585 2254 1702 2331 καὶ
1756 2251 2071 2351 ἠθέλησε
2129 2249 2537 2353 γεύσασθαι
2629 2261 2870 2391 ἓῑωχὸἳ·

145 2373 187 2450 ὁ
229 2371 531 2476 Πετρος,
568 2369 721 2453 εἶτα
768 2373 1175 2476 τέσσαρσιν
1212 2378 1463 2524 ἀρχαῖς
1498 2373 1911 2475 καθιεμένην
1947 2375 2034 2482 ἐξ
2064 2376 2368 2477 οὐρανοῦ
2405 2372 2537 2473 τὴν
2562 2397 2599 2442 Θ
2643 2409 2718 2444 10

146 2494 413 2595 ὀθόνην
468 2495 663 2594 ἔδων,
721 2498 798 2576 ἐν
852 2494 900 2604 ᾗ
951 2495 1190 2577 πάντα
1243 2497 1645 2603 ἐγέγραπτο
1708 2495 1854 2606 ζῷά
1917 2532 1993 2578 τε
2053 2499 2360 2604 χερσαῖα
2425 2499 2543 2576 καὶ

151 2618 378 2719 νηκτὰ
434 2623 551 2700 καὶ
596 2620 818 2725 ἀέρια,
856 2625 971 2701 καὶ
1018 2627 1265 2729 φωνῆς
1320 2622 1726 2727 ἐνεχθείσης
1772 2621 2044 2702 ἄνωθεν
2098 2632 2142 2669 “
2177 2618 2546 2713 Ἀναστὰς
2637 2641 2815 2701 Ib-13·

153 2751 196 2788 “
236 2745 471 2847 Πέτρε
507 2750 737 2824 θῦσον
772 2748 886 2824 καὶ
924 2744 1175 2851 φάγε,”
1215 2746 1775 2849 ἀνταπεκρίνατο
1816 2746 2052 2848 λέγων
2097 2755 2140 2794 “
2174 2748 2551 2844 Μηδαμῶς
2639 2756 2818 2818 Ib.14.

67 2900 127 2943 10
153 2871 196 2911 “
240 2866 483 2970 Κύριε,
544 2867 654 2948 ὅτι
720 2870 1055 2949 οὐδέποτε
1121 2869 1397 2976 ἔφαγον
1456 2876 1604 2950 πᾶν
1671 2869 1908 2951 κοινὸν
1968 2868 2014 2968 ἢ
2078 2867 2548 2972 ἀκάθαρτον.”

155 2988 271 3069 διά
307 3025 419 3071 τοι
456 3001 668 3072 τοῦτο
703 2993 984 3078 δικαίως
1033 2993 1385 3097 ἠλέγχετο
1437 2991 1664 3074 πάλιν
1714 2994 1993 3075 ἀκούων
2050 3004 2094 3040 “
2117 2989 2223 3072 ι“Α
2272 2996 2311 3073 ὁ
2366 2990 2553 3077 Θεὸς
2644 3018 2823 3078 lb.15.

157 3123 201 3161 “
235 3114 615 3219 ἐκαθάρισε
645 3114 746 3197 σὺ
778 3116 879 3216 μὴ
914 3118 1217 3198 κοίνου.”
1287 3117 1512 3198 καίτοι
1542 3121 1730 3224 χρῆν
1766 3114 1996 3217 δήπου
2032 3120 2555 3216 διαμεμνῆσθαι

157 3238 516 3323 πολλάκις
559 3247 688 3319 τοῦ
717 3241 1133 3394 Σωτῆρος
1093 3247 1296 3341 ημῶν
1332 3243 1689 3345 εἰρηκότος
1725 3241 1906 3346 πρὸς
1945 3242 2328 3323 Ἰουδαίους
2366 3250 2409 3287 “
2438 3241 2556 3320 Οὐ
2645 3223 2890 3340 {3⁵th

161 3361 327 3442 “τὸ
363 3362 857 3468 εἰσερχόμενον
893 3370 989 3449 εἷς
1034 3399 1119 3446 το
1169 3365 1414 3490 στόμα
1469 3371 1698 3447 κοινοῖ
1736 3365 1865 3446 τὸν
1902 3362 2351 3467 ανθρωπονῗ
2425 3362 2560 3466 ὅρα
2583 3390 2619 3431 a
2658 3376 2790 3433 925
2809 3371 2890 3427 A·

71 3518 135 3578 ²5
164 3493 342 3586 γοῦν
388 3483 582 3572 ὅπως
634 3489 826 3597 αὐτῷ
869 3493 997 3588 τῆς
1043 3487 1162 3569 διὰ
1217 3496 1344 3568 τοῦ
1385 3489 1806 3589 Πνεύματος
1862 3489 1997 3569 ἔδει
2054 3490 2556 3640 φωταγωγιάς.

166 3608 336 3716 ὁρᾷς
390 3608 584 3697 ὅπως
631 3613 850 3717 ἐχρῆν
884 3619 981 3699 εἷς
1024 3611 1270 3716 ἑτέραν
1308 3612 1459 3721 ἕξιν
1492 3613 2150 3719 μεταχαλκεύεσθαι
2188 3616 2316 3713 τῆς
2356 3612 2554 3693 ἐνού-

170 3765 309 3832 σης
348 3734 713 3820 Ἰουδαίοις
749 3735 883 3836 τὴν
917 3737 1179 3836 ἀμείνω
1227 3741 1342 3817 καὶ
1378 3737 1856 3845 σοφωτερανς
1914 3742 2030 3818 καὶ
2068 3745 2245 3840 γοῦν
2282 3736 2397 3819 ὅτε
2432 3734 2563 3836 τὴν

170 3853 438 3937 ἄνωθεν
494 3861 611 3937 καὶ
665 3860 752 3966 ἐξ
802 3860 1102 3963 οὐρανοῦ
1150 3859 1695 3961 πλουτήσαντες
1733 3860 1943 3967 χάριν
1977 3861 2341 3969 ἤλλαξαν,
2382 3860 2564 3941 κατὰ
2654 3864 2738 3992 {²52
2757 3863 2826 3911 ¹¹·

173 3978 253 4059 τὸ
309 3982 825 4085 γεγραμμένον,
871 3982 1106 4089 ἰσχὺν,
1163 3987 1277 4064 καὶ
1334 3984 1659 4083 ἀμείνους
1702 3984 1748 4088 ἢ
1793 3986 2141 4091 πρότερον
2196 3985 2379 4065 κατὰ
2432 3985 2565 4085 τὴν

76 4131 151 4186 30
175 4111 446 4203 γνῶσιν
502 4105 871 4208 γεγόνασι,
908 4106 1069 4188 τότε
1115 4105 1204 4207 δὴ
1251 4109 1429 4207 μετὰ
1482 4111 1892 4213 παῤῥησίας
1948 4107 2311 4212 λεγόντων
2349 4110 2561 4208 ἠκού-

249 4390 300 4444 3.
335 4397 459 4446 πριν
483 4394 592 4432 om.
620 4377 824 4448 Migne.
1152 4396 1202 4449 9.
1243 4376 1376 4449 δέοι]
1403 4378 1592 4446 μέλλοι
1619 4379 1684 4434 Ε.
2025 4379 2105 4435 16.
2142 4378 2481 4448 καθιργμένην
2505 4377 2570 4433 Ε.

188 4458 270 4509 24.
307 4448 367 4501 τὸ
390 4447 756 4539 εἷσερχόμενον
780 4449 851 4505 εἷς
875 4451 933 4502 τὸ
962 4449 1025 4503 Ε.
1062 4449 1122 4503 τὸ
1147 4452 1207 4503 τὸ
1233 4450 1600 4519 εἰσερχόμενον
1625 4451 1697 4507 εἷς
1730 4451 1884 4521 (preli
1901 4450 2228 4532 sphalmate)
2255 4448 2400 4503 Aub.
2425 4446 2572 4502 undo

181 4515 240 4566 τὸ
263 4517 626 4609 εἰσερχόμενον
649 4519 721 4576 εἷς
748 4520 953 4590 Migne.
1358 4537 1426 4588 24
1463 4538 1667 4613 usque
1668 4521 1735 4576 ad
1761 4522 1852 4576 fin.
1880 4521 1998 4575 libri
2025 4522 2150 4576 citat
2173 4538 2273 4611 p.
2347 4516 2425 4571 ἵσ.
2450 4517 2574 4587 apae

186 4582 285 4640 Ed·
310 4605 421 4660 mg.
446 4588 597 4644 eed‘'
566 4612 663 4660 ορα
687 4590 940 4646 exhibent
965 4590 1023 4646 F.
1030 4608 1080 4661 p.
1483 4607 1568 4662 25.
1607 4592 1745 4664 αὖτῷ
1769 4610 1824 4663 p.
1850 4593 2015 4647 αὐτῶν
2039 4591 2103 4645 Ε.
2130 4591 2300 4645 αυτοῖς
2326 4586 2429 4642 Ed.

1285 4692 1467 4753 4L2
