3238 5158
598 324 684 388 38
1205 326 1281 389 B.
1328 325 1745 390 CYRILLI
1805 326 2388 391 ALEXANDR.
2730 325 2868 389 viii.
2898 323 3015 391 28.

267 502 482 557 521A.
541 517 576 555 a
601 490 853 568 οὐκοῦν
889 490 1185 593 ἐροῦμεν
1222 491 1703 575 εὖδιαστόλως
1754 490 2030 569 ἕκαστα
2078 497 2224 570 τῶν
2259 489 2644 592 εἰρημένων
2680 491 3016 584 εὐσεβῶς

602 614 1236 696 ἀπολεπτύνοντες·
1324 617 1408 692 οὐ
1482 616 2009 710 διαλελοίπατε,
2076 617 2287 718 φησὶ,
2353 620 2499 696 τοῖς
2571 616 2765 709 ἐμοῖς
2838 616 3003 691 ἐπι-

603 734 1045 832 σκήπτοντες
1110 735 1358 838 ἔργοις,
1428 740 1524 819 ὡς
1588 735 1903 819 ἐκτόπως
1974 771 2052 817 τε
2125 739 2240 816 καὶ
2316 737 2624 819 ἀνοσίως
2696 769 3004 838 γεγενη-

605 859 858 957 μένοις,
912 861 1358 960 κατεκρίνατε
1412 858 1773 943 πολλάκις
1829 863 1926 942 ὡς
1978 867 2418 961 παρανομεῖν
2474 860 2558 938 οὐ
2613 855 3012 960 παραιτού-

606 1015 842 1078 μενον,
917 985 1013 1064 ὧς
1086 980 1175 1060 τὰ
1249 981 1618 1088 ἀπᾴδοντα
1695 988 1798 1088 τῷ
1883 981 2228 1088 νομοθέτῃ
2313 986 2489 1082 δρᾶν
2564 982 3002 1078 εἰθισμένον.
3044 1004 3087 1063 5

561 1132 566 1137 ·
606 1103 924 1184 ἀπέλυον
959 1104 1090 1203 μὲν
1123 1103 1266 1206 γὰρ
1308 1111 1434 1205 τῆς
1485 1108 1672 1185 οὕτω
1721 1113 1997 1208 μακρᾶς
2047 1107 2453 1209 ἀῤῥωστίας
2489 1103 2617 1184 τὸν
2652 1102 3003 1207 πάρετον,

607 1226 865 1326 ἠλέουν
901 1228 1280 1332 ἄνθρωπον
1315 1231 1391 1308 ἐν
1426 1227 1809 1335 σαββάτῳ.
1887 1230 2056 1308 ἀλλ’
2100 1227 2290 1326 ἰδὼν,
2328 1232 2582 1335 φησὶν,
2619 1230 2735 1308 ἐπὶ
2771 1227 3013 1334 τούτῳ

611 1351 1211 1457 φιλεγκλήμονας,
1247 1351 1414 1436 τοὺς
1460 1351 1836 1454 θαυμάζειν
1874 1352 2320 1454 ὀφείλοντας,
2361 1356 2477 1431 καὶ
2519 1352 2715 1432 πολύ
2748 1385 2820 1431 τι
2854 1355 3013 1428 τῶν

539 1474 582 1539 b
607 1476 760 1572 ἐμοὶ
809 1473 1228 1577 πρεπόντων
1263 1477 1894 1582 ἀπεσφαλμένους,
1930 1474 2130 1555 ἀλλὰ
2182 1479 2298 1556 καὶ
2351 1475 2653 1578 ἔναγχος
2702 1476 2867 1573 ὑμῖν
2913 1472 3015 1552 τὰ

605 1596 788 1700 πρὸς
836 1598 1202 1702 σωτηρίαν
1251 1599 1779 1699 εἰσηγούμενος,
1817 1601 1932 1676 καὶ
1981 1599 2293 1701 βαδίζειν
2337 1599 2704 1677 ἀνέπειθον
2752 1599 2866 1676 ἐπὶ
2918 1594 3010 1675 τὸ
3050 1632 3127 1671 10

606 1719 1007 1814 βούλεσθαι
1056 1729 1445 1825 μετασχεῖν
1481 1718 1745 1827 φωτός.
1828 1718 1982 1802 εἷτα
2015 1721 2100 1801 τὸ
2140 1728 2298 1826 φῶς
2335 1722 2499 1818 ὑμῖν
2534 1722 2618 1802 τὸ
2656 1720 3013 1821 ἀληθινὸν

608 1845 1065 1923 ἐπεδείκνυον·
1126 1843 1259 1942 τὴν
1307 1844 1448 1946 γὰρ
1502 1847 1808 1944 ἐμαυτοῦ
1867 1845 2096 1951 φύσιν
2146 1845 2640 1952 ἐξηγούμενος,
2678 1845 3014 1950 ἔφασκον

273 1953 484 2067 ῗξέῗῗ,
612 1977 655 2013 “
680 1967 876 2068 Ἐγώ
914 1974 1053 2065 εἰμι
1087 1966 1173 2047 τὸ
1209 1972 1369 2074 φῶς
1403 1977 1531 2048 τοῦ
1566 1966 1907 2066 κόσμου,”
1937 1971 2128 2066 ὑμεῖς
2166 1969 2242 2048 δὲ
2278 1965 2505 2048 πάλιν
2542 1964 3013 2062 ἀβουλότατα

612 2094 912 2193 δρῶντες
978 2095 1094 2169 καὶ
1160 2092 1606 2190 βουλόμενοι,
1662 2096 1809 2170 τῶν
1859 2094 2048 2189 ἐμῶν
2104 2091 2669 2197 κατεξανέστητε
2728 2089 3004 2191 λόγων,

277 2224 356 2274 1¹²·
381 2237 458 2285 13·
612 2212 863 2312 ἀνέδην
922 2218 1138 2294 εἰπεῖν
1197 2215 1683 2315 τετολμήκατε
1738 2226 1782 2262 “
1818 2216 1921 2295 Ἡ
1988 2216 2339 2319 μαρτυρία
2404 2249 2544 2295 σου
2610 2215 2739 2292 οὐκ
2803 2214 3010 2293 ἔστιν
3048 2244 3120 2303 15

554 2355 590 2396 0
613 2347 658 2383 ‘⁶
694 2336 1037 2436 ἀληθής.”
1117 2336 1291 2417 ὅταν
1355 2340 1479 2418 οὖν
1546 2337 1895 2443 ὑψώσητε
1960 2337 2088 2416 τὸν
2144 2336 2326 2416 Υὶὸν
2385 2346 2514 2416 τοῦ
2587 2338 3004 2436 ἀνθρώπου,

609 2461 1001 2560 τουτέστιν,
1057 2461 1229 2542 ὅταν
1282 2461 1499 2541 αὐτὸν
1552 2469 2068 2564 περιβαλεῖσθε
2131 2459 2440 2568 θανάτῳ,
2499 2464 2617 2540 καὶ
2676 2466 2822 2540 τῶν
2876 2468 3011 2539 τοῦ

611 2583 919 2664 θανάτου
975 2590 1265 2685 δεσμῶν
1319 2587 1688 2690 κρείττονα
1740 2584 2080 2684 βλέπητε·
2165 2583 2673 2684 ἀναστήσομαι
2728 2582 2871 2687 γὰρ
2927 2586 3009 2664 ἐκ

613 2715 896 2811 νεκρῶν,
931 2711 1211 2812 ἐπείπερ
1248 2714 1384 2808 εἰμὶ
1421 2708 1605 2789 κατὰ
1642 2706 1872 2816 φύσιν
1911 2707 2114 2791 eede-
2155 2707 2316 2788 τότε
2352 2707 2750 2808 γνώσεσθέ
2772 2713 3012 2812 φησιν

615 2830 723 2911 ὅτι
762 2827 932 2912 οὐδὲν
968 2838 1096 2913 ἀπ’
1130 2835 1417 2939 ἐμαυτοῦ
1461 2831 1636 2913 ποιῶ
1683 2832 1892 2912 ἄλλα,
1946 2829 2167 2918 καθεὶς
2221 2827 2504 2938 Mihi?
2544 2866 2634 2935 με
2680 2839 2710 2910 o‘
2751 2828 3005 2937 Πατῆρ,
3042 2871 3121 2910 20

617 2953 777 3033 οὕτω
832 2954 1063 3035 λαλῶ.
1139 2955 1565 3056 μαθήσεσθε
1624 2955 1767 3059 γὰρ
1824 2955 1999 3035 ὅταν
2052 2955 2245 3053 ἴδητε
2302 2952 2487 3034 κατὰ
2545 2952 2775 3058 φύσιν
2829 2951 3009 3032 ὄντα

614 3075 804 3158 Θεὸν
859 3081 976 3158 καὶ
1019 3078 1220 3175 Υἱὸν,
1280 3082 1376 3164 ὡς
1432 3083 1569 3177 εἰμὶ
1626 3078 1757 3176 μὲν
1812 3078 2255 3180 ἶδιογνώμων
2310 3079 2655 3176 οὐδαμῶς,
2701 3083 3004 3157 συνεθε-

613 3199 835 3300 λητὴς
890 3199 965 3280 δὲ
1021 3205 1128 3280 ἀεὶ
1181 3207 1284 3308 τῷ
1330 3208 1496 3308 Θεῷ
1547 3206 1663 3282 καὶ
1706 3206 1970 3304 Πατρῖ,
2011 3205 2127 3281 καὶ
2178 3201 2455 3305 ὅσαπερ
2503 3200 2592 3280 ἂν
2639 3200 2820 3304 ἐργά
2856 3235 3010 3280 οιτο

545 3330 588 3395 d
613 3332 840 3402 ταῦτα
886 3329 1001 3403 καὶ
1054 3321 1264 3406 αὐτὸς
1312 3332 1538 3404 ποιεῖν
1570 3326 1699 3404 οὐκ
1736 3326 1985 3422 ὀκνῶν,
2025 3331 2280 3404 λαλῶν
2318 3324 2395 3404 δὲ
2441 3323 2668 3405 πάλιν
2706 3324 2852 3404 ὅσα
2889 3329 3011 3404 καὶ

613 3446 828 3526 αὑτὸν
863 3444 1019 3526 οἶδα
1063 3448 1396 3549 λέγοντα.
1471 3454 1596 3548 τῆς
1650 3447 1793 3551 γὰρ
1847 3450 2063 3547 αὐτῆς
2114 3448 2363 3532 οὐσίας
2414 3454 2551 3546 εἶμι
2598 3453 2702 3556 τῷ
2755 3447 3006 3549 γεννή-
3041 3489 3121 3549 25

613 3604 851 3650 σαντι.
928 3570 1351 3674 ἐθεράπευον
1385 3572 1515 3671 μὲν
1550 3572 1694 3676 γὰρ
1732 3577 1835 3680 τῷ
1871 3570 2234 3679 σαββάτῳ
2271 3570 2400 3651 τὸν
2435 3568 2773 3674 πάρετον,
2815 3574 3011 3669 ὑμεῖς

614 3693 690 3773 δὲ
725 3693 953 3775 πάλιν
992 3698 1105 3774 ἐπὶ
1136 3694 1367 3803 τούτῳ
1405 3697 1750 3776 διέκεισθε
1787 3703 2079 3799 πικρῶς,
2108 3698 2276 3775 ἀλλ’
2305 3693 2594 3798 ἐνεργὸν
2632 3697 2793 3793 ὑμῖν
2832 3692 3003 3774 ὑπέ-

614 3818 810 3925 δειξα
854 3816 982 3899 τὸν
1019 3816 1310 3922 Πατέρα
1346 3822 1464 3899 καὶ
1500 3822 1576 3898 ἐν
1611 3819 2002 3927 σαββάτῳ·
2062 3818 2321 3921 ἐ’λεγον
2360 3817 2500 3920 γάρ
2539 3828 2582 3864 “
2609 3818 2708 3897 ‘O
2751 3814 3011 3921 Πατήρ

277 3812 441 3874 Supra
461 3825 508 3860 v.

282 3890 303 3925 1
314 3887 357 3939 7.

682 3995 734 4052 6.
770 3997 993 4068 πάρετον
1018 3995 1084 4051 Β.
1112 3995 1294 4051 Holst.
1317 3997 1617 4065 παράλυτον
1641 3996 1785 4051 Aub,
1928 3997 1980 4052 8.
2016 3995 2137 4054 τοὺς
2162 3996 2433 4065 θαυμάζειν
2456 3995 2768 4068 ὀφείλοντας
2795 3994 2895 4049 Ht,
2915 3998 3012 4049 τοῦ

611 4067 882 4137 θαυμάζειν
904 4066 1244 4138 ἐγκλήνοντας
1267 4067 1576 4154 ὀφείλοντας
1605 4066 1669 4121 Β.
1696 4072 1790 4122 τοῦ
1814 4066 2086 4137 θαυμάζειν
2108 4067 2416 4158 ὀφείλοντος
2439 4067 2583 4121 Aub.
2794 4083 2847 4135 9.
2882 4065 3012 4119 ἀπε-

610 4139 948 4262 σὲκιλμένους
975 4137 1039 4191 Β.
1066 4137 1428 4208 ἐσφαλμενους
1455 4137 1551 4192 Ht.
1580 4137 1685 4192 Ed.
1870 4154 1951 4192 12.
1989 4139 2310 4192 ἐπεδεικνυον
2336 4137 2401 4192 Β.
2428 4137 2754 4191 ὑπεδείκνυον
2780 4137 2877 4190 Ht.
2905 4135 3011 4194 Ed.

615 4223 638 4261 1
684 4248 699 4262 .
735 4208 967 4279 δεσμῶν]
996 4205 1215 4278 κέντρων
1238 4226 1285 4262 a.
1525 4224 1611 4263 21.
1649 4210 1751 4279 γὰρ
1783 4207 1846 4262 Β.
1873 4207 1930 4262 δὲ
1960 4207 2058 4263 Ht.
2084 4208 2188 4262 Ed.
2441 4225 2470 4261 2
2513 4246 2527 4260 .
2564 4208 2645 4261 ἀεὶ
2669 4215 3015 4276 assumptum

610 4295 677 4332 ex
703 4277 820 4333 B.a.
1155 4294 1241 4345 24.
1278 4278 1437 4332 ὀκνῶν
1465 4278 1528 4333 Β.
1553 4279 1687 4334 ὀκνῶ
1717 4278 1815 4332 Ht.
1843 4278 1946 4332 Ed.
2041 4277 2235 4332 Statim
2258 4281 2437 4332 λαλῶν
2463 4224 2580 4332 ga.
2606 4280 2754 4332 λαλῶ
2782 4276 2878 4329 Ht.
2908 4275 3015 4331 Ed.

612 4361 699 4415 25.
727 4350 882 4417 αὐτῆς
904 4348 1086 4405 οὐσίας
1107 4347 1211 4403 boc
1235 4348 1419 4403 ordine
1444 4348 1561 4404 B.a.
1689 4350 2033 4420 γεγεννηκότι·
2075 4348 2160 4404 ἐθε
2194 4350 2398 4403 άπευσα
2422 4366 2470 4402 a.
2786 4345 2872 4399 26.
2907 4347 3013 4470 ἔὰά)

608 4431 946 4492 assumptum
985 4437 1049 4473 ex
1091 4419 1205 4473 B.a.
1324 4423 1397 4492 τῷ
1424 4421 1682 4489 σαββάτῳ
1710 4417 1985 4490 [σαβατων
2011 4418 2148 4473 Cod.
2208 4419 2324 4474 BA.
2351 4419 2479 4474 κατὰ
2514 4419 2574 4471 τὸ
2608 4419 2882 4482 σάββατον
2936 4417 2950 4433 “
2997 4458 3011 4471 .

607 4490 830 4560 πάρετον
857 4491 971 4545 B.a.
998 4491 1297 4560 παράλυτον
1323 4490 1425 4544 Ed.
1627 4505 1713 4560 27.
1751 4490 1837 4544 ἐπὶ
1860 4490 2025 4563 τούτῳ
2051 4489 2304 4545 διέκεισθε
2338 4489 2453 4544 B.a.
2477 4490 2609 4560 πρὸς
2632 4492 2786 4542 τοῦτο
2809 4488 3015 4543 ἔκεισθε

613 4559 711 4615 Ht.
735 4564 868 4633 πρὸς
891 4564 1044 4617 τοῦτο
1071 4562 1332 4617 διάκεισθε
1357 4579 1386 4615 e
1412 4560 1532 4616 Cat.
1562 4559 1720 4613 Harl.
1747 4558 2050 4616 emendavit
2074 4560 2218 4614 Aub.
