3238 5158
212 326 343 393 xiv.
365 347 469 415 30,
491 328 813 415 31.·1N
872 329 939 397 s,
987 329 1506 398 JOANNEM.
1596 331 1792 398 Lm.
1839 332 1923 398 x,
2014 330 2216 398 cAP.
2264 330 2321 399 1.
2485 327 2616 394 529

210 491 572 597 ἐπήγοντο
624 497 932 601 σπείρας
984 499 1103 577 καὶ
1155 506 1286 579 τοῦ
1339 495 1602 596 ταύτης
1657 498 2030 602 ἄρχοντος,
2076 494 2156 582 ὃς
2210 498 2328 577 καὶ
2381 529 2616 598 παρα-

209 619 478 700 δώσειν
514 619 731 701 αὑτὸν
767 621 1272 724 ἐπηγγείλατο,
1311 622 1907 727 συλληψομένων
1948 655 2024 702 τε
2071 622 2210 722 ἤδη
2261 625 2378 701 καὶ
2426 619 2613 719 με’λ·

209 740 497 824 λόντων
539 744 869 826 ἀποίσειν
912 747 1039 826 οὐκ
1090 752 1186 832 εἰς
1230 744 1514 850 μακρὰν
1549 752 1648 830 εὶς
1696 744 1790 827 τά
1837 749 1951 827 ε’πὶ
2001 751 2104 853 τῷ
2150 751 2446 853 σταυρῷ
2499 748 2618 825 καὶ

205 865 358 972 πρὸ
412 875 545 950 τοῦ
597 878 920 973 σταυροῦ
972 867 1193 971 πάθη,
1250 868 1685 978 καταλήξειν
1738 870 1876 972 ἤδη
1934 879 2063 951 τοῦ
2118 867 2299 975 πρὸς
2364 868 2619 954 αὐτοὺς

128 1003 173 1066 5
207 993 356 1100 ἔφη
432 993 685 1098 λόγου.
786 993 1285 1076 συνεστάλθαι
1356 994 1501 1098 γὰρ
1580 1000 1699 1077 καὶ
1773 1002 1869 1080 εὶς
1941 994 2027 1076 τὸ
2099 995 2320 1096 μηδέν
2385 1001 2619 1101 φησιν

203 1115 476 1198 ἐλάσαι
528 1117 659 1200 τὸν
713 1117 984 1223 καιρόν·
1066 1125 1195 1220 τῆς
1249 1118 1393 1224 γὰρ
1441 1120 1806 1202 Ἰουδαίων
1854 1122 2266 1228 μιαιφονίας
2317 1119 2619 1220 ἡβῶσης

206 1276 292 1323 τε
365 1243 535 1324 λίαν
596 1243 702 1325 ἐπ’
769 1245 947 1343 ἐμοὶ,
1012 1248 1129 1325 καὶ
1202 1251 1440 1348 θυρῶν
1503 1244 1681 1325 εἴσω
1751 1242 2016 1326 λοιπὸν
2079 1244 2461 1348 ὅρωμένης,
2532 1245 2617 1324 οὐ

205 1365 552 1472 ῥημάτων
605 1368 708 1449 ε”τι
762 1374 910 1449 τῶν
962 1366 1146 1473 πρὸς
1210 1371 1410 1468 ὑμᾶς,
1465 1370 1637 1449 ἀλλ’
1696 1370 1915 1450 αὐτοῦ
1973 1377 2103 1450 τοῦ
2158 1375 2414 1450 παθεῖν
2468 1367 2609 1448 ε’νέ-
2639 1392 2675 1436 Θ

207 1521 481 1592 στηκεν
502 1494 573 1572 ·5
628 1490 888 1597 καιρός·
944 1490 1147 1593 πλὴν
1181 1494 1351 1596 ἥκει,
1391 1497 1645 1603 φησὶν,
1685 1504 1715 1576 ὁ
1766 1496 1878 1575 τοῦ
1930 1494 2185 1599 κόσμου
2228 1491 2453 1601 ἅρχων
2493 1500 2612 1574 καὶ

95 1639 182 1681 10
214 1617 278 1696 ἐν
311 1617 455 1721 ἐμοὶ
494 1616 632 1716 ἔχει
673 1616 869 1700 οὐδέν.
950 1616 1382 1725 τεθνήξομαι
1431 1618 1509 1699 δὲ
1556 1621 1676 1698 καὶ
1727 1617 1896 1698 λίαν
1938 1615 2269 1715 ἀσμένως
2322 1619 2438 1696 καὶ
2488 1614 2617 1696 τὸν

213 1738 392 1844 ὑπὲρ
465 1745 593 1840 τῆς
656 1742 994 1825 ἁπάντων
1057 1743 1238 1847 ζωῆς
1302 1741 1815 1843 ὑποστήσομαι
1879 1739 2213 1834 θάνατον,
2277 1740 2468 1822 αἶδοῖ
2522 1746 2613 1847 τῇ

207 1862 395 1967 πρὸς
446 1861 576 1944 τὸν
626 1865 1018 1972 γεννήτορα
1074 1868 1191 1948 καὶ
1255 1864 1504 1972 ἀγάπῃ
1569 1870 1661 1973 τῇ
1723 1865 1905 1970 πρὸς
1960 1862 2180 1945 αὑτὸν
2235 1864 2614 1967 ἐθελοντὴς

205 1986 574 2089 ὁμιλήσας
628 1993 747 2071 καὶ
801 1999 950 2077 τοῖς
1003 1991 1204 2095 παρὰ
1255 1991 1573 2094 γνώμην,
1617 1991 1735 2072 ἵνα
1789 1989 1921 2091 τὴν
1971 1991 2189 2090 αὐτῆς
2236 1991 2614 2094 πληρώσω

203 2111 600 2213 βούλησιν.
683 2117 726 2196 5
773 2115 906 2216 μὲν
946 2118 1073 2197 οὖν
1107 2124 1236 2196 τοῦ
1284 2115 1748 2219 προκειμένου
1794 2111 2072 2198 σκοπὸς
2115 2115 2366 2215 γένοιτ’
2407 2112 2500 2194 ἂν
2535 2115 2614 2194 εὖ

90 2259 173 2319 15
203 2237 414 2336 μάλα
460 2240 539 2318 ε’ν
572 2239 850 2325 τούτοις
900 2239 1269 2347 διαφανής·
1348 2237 1771 2346 ἰσχνότερον
1816 2238 1890 2320 δὲ
1941 2238 2034 2319 τὰ
2088 2241 2163 2318 ἐν
2205 2239 2398 2347 αὐτῷ
2449 2243 2605 2318 δια·-

200 2359 689 2464 πτύσσοντες,
748 2363 968 2446 ε’κεῖνό
1033 2371 1274 2471 φαμεν
1325 2364 1424 2445 ‘O
1488 2360 1618 2461 μὲν
1680 2362 1828 2467 γὰρ
1892 2371 2020 2444 τοῦ
2092 2363 2341 2465 γένους
2408 2363 2613 2462 ἡμῶν

201 2485 613 2593 ἀρχηγέτης
648 2488 890 2590 Ἀδὰμ
931 2489 1058 2570 τὸν
1096 2491 1175 2570 ἐκ
1211 2492 1341 2590 τῆς
1383 2488 1577 2572 θείας
1622 2490 1799 2594 ἀρᾶς
1846 2485 2062 2568 ὑπέδυ
2111 2485 2450 2586 θάνατον,
2494 2486 2613 2566 διὰ

200 2620 338 2692 τοῦ
390 2622 816 2716 παραλῦσαι
869 2611 1004 2714 τὴν
1046 2618 1383 2696 δοθεῖσαν
1424 2611 1744 2713 ε’ντολὴν,
1790 2610 2004 2696 αὐτός
2057 2645 2134 2691 τε
2186 2613 2306 2717 ὑφ’
2356 2613 2610 2692 ἑαυτοῦ

204 2738 326 2815 καὶ
398 2745 527 2817 τοῦ
599 2738 951 2835 διαβόλου
1030 2737 1669 2841 κατηγορούμενος.
1788 2736 2115 2843 φαίνεται
2197 2732 2427 2836 γεμὴν
2497 2736 2604 2815 ἐπ’
2628 2762 2665 2803 a
2707 2747 2843 2805 854
2862 2749 2946 2805 A·

30 2931 33 2968 s
92 2887 179 2928 20
206 2856 537 2961 εὐλόγοις
585 2870 797 2943 τοῦτο
844 2861 1101 2945 παθων
1149 2862 1424 2947 αἰτίαις·
1483 2861 1740 2969 εψεται
1786 2860 1930 2964 γὰρ
1979 2861 2108 2940 οὐκ
2157 2860 2415 2943 ἀδίκως
2462 2864 2611 2942 τοῖς

205 2985 292 3064 ἐκ
331 2986 682 3092 ραθυμίας
720 2985 1178 3142 ἡμαρτηκόσι
1225 2986 1311 3068 τὸ
1361 2986 1795 3090 κολάζεσθαι
1843 2990 2007 3066 δεῖν·
2065 2985 2106 3064 5
2160 2983 2235 3064 δὲ
2289 2982 2610 3086 δεύτερος

202 3106 471 3209 Ἀδάμ,
524 3145 919 3209 τουτεστιν,
975 3112 1017 3191 5
1076 3110 1345 3216 Κύριος
1407 3111 1612 3213 ἡμῶν
1664 3107 1955 3210 Ἰησοῦς
2008 3111 2051 3189 5
2089 3106 2448 3278 ,Χριστὸς
2495 3107 2606 3187 ἔπ’

199 3233 435 3314 οὐδενὶ
482 3231 569 3314 τὸ
617 3234 920 3334 σύμπαν
964 3242 1517 3340 κατηγορεῖσθαι
1567 3234 1970 3332 δυνάμενος·
2031 3233 2116 3312 οὐ
2161 3229 2308 3335 γὰρ
2347 3229 2603 3311 “chrol-

199 3367 252 3406 “
287 3393 470 3460 ησεν
508 3360 885 3462 ἁμαρτίαν,
922 3358 1083 3440 οὐδὲ
1131 3359 1381 3463 εὑρέθη
1431 3358 1649 3444 δόλος
1696 3360 1773 3439 ἐν
1805 3365 1911 3465 τῷ
1955 3357 2267 3456 στόματι
2311 3355 2600 3435 αὐτοῦ·”

90 3501 171 3563 25
197 3481 292 3564 τὸ
348 3482 526 3586 ὑπὲρ
578 3483 783 3584 ἡμῶν
830 3483 1106 3583 ὑπέστη
1160 3481 1413 3581 πάθος,
1469 3483 1882 3568 ἀνυπαίτιος
1934 3481 2065 3582 μὲν
2120 3478 2462 3585 ὑπάρχων
2517 3481 2602 3560 δι’

196 3606 459 3688 ἑαυτὸν
502 3614 899 3706 παντελῶς,
949 3609 1376 3712 ἀντίλυτρον
1425 3607 1501 3689 δὲ
1553 3611 1683 3708 τῆς
1739 3605 2078 3689 ἁπάντων
2122 3605 2301 3709 ζωῆς
2355 3602 2608 3686 ἑαυτὸν

194 3736 310 3839 τῷ
344 3738 601 3813 παθεῖν
633 3732 1242 3836 προσκεκομικῶς·
1307 3731 1683 3836 ἐπειδήπερ
1719 3737 1990 3838 ἀγαπᾷ
2026 3729 2129 3812 τὶν
2165 3727 2458 3838 Πατέρα.
2475 3726 2608 3829 τὴν
2630 3741 2674 3807 b
2747 3745 2754 3754 '

195 3863 336 3936 τοῦ
390 3854 673 3957 κόσμου
723 3854 1149 3964 διψήσαντα
1202 3858 1593 3961 σωτηρίαν.
1679 3865 1810 3938 τοῦ
1869 3853 1948 3936 δὲ
2002 3857 2426 3958 ἀγαπῶντος
2480 3851 2609 3933 τὸν

199 3979 525 4084 Πατέρα,
579 3979 868 4066 πάντως
924 3978 1154 4081 δήπου
1208 3984 1327 4061 καὶ
1381 3981 1594 4083 ἔργον
1644 3977 1735 4079 ἦν
1790 3979 1874 4059 τὸ
1935 3982 2191 4059 δοκοῦν
2245 3979 2438 4084 αὐτῷ
2492 3977 2609 4056 καὶ

94 4131 171 4188 30
197 4107 283 4186 ε’ν
339 4111 487 4189 τοῖς
550 4103 961 4205 ἀναγκαίοις
1025 4104 1570 4208 λελογισμένον,
1629 4102 1730 4204 μὴ
1787 4105 1957 4207 παρ’
2017 4099 2221 4182 οὐδὲν
2277 4102 2608 4203 ἡγεῖσθαι

194 4233 516 4331 μᾶλλον,
558 4229 731 4308 ἀλλ’
769 4234 868 4313 εἷς
914 4228 1138 4333 πέρας
1186 4227 1390 4331 ἄγειν
1432 4228 1866 4332 ἐπείγεσθαι.
1936 4226 2015 4307 τί
2064 4225 2142 4306 δὲ
2196 4233 2411 4306 τοῦτο
2461 4222 2599 4325 ἦν,

2694 3238 2725 3304 ι.
2744 3224 2795 3274 S.
2816 3223 2934 3277 Pet.

2691 3306 2744 3341 u.
2769 3303 2849 3341 22.

278 4448 325 4486 ι.
364 4430 693 4521 ἐπείχοντο
659 4430 723 4485 Ε.
938 4431 991 4487 8.
1028 4432 1157 4503 υμᾶς
1184 4432 1247 4487 Ε.
1278 4431 1484 4503 Migne.
1510 4430 1643 4501 ἡμᾶς
1669 4430 1814 4485 Aub.
2046 4448 2099 4499 9.
2137 4429 2244 4499 ἥκει
2272 4428 2333 4482 Ε.
2359 4426 2472 4496 ἥξει
2502 4424 2606 4480 Ed.

200 4520 290 4569 14.
325 4523 499 4573 γενοιτ
540 4501 606 4557 Ε.
628 4501 832 4574 γένοιτο
858 4501 960 4558 Ed.
1268 4559 1277 4565 ,
1404 4518 1484 4574 1.5
1522 4501 1775 4575 διαφανής
1801 4500 1928 4557 EF.
1957 4500 2061 4556 Ed.
2085 4518 2197 4571 mg.
2224 4497 2472 4569 διαφανέι·
2505 4496 2609 4550 Ed.

200 4587 290 4645 27.
326 4574 510 4628 παθεῖν
540 4573 600 4627 Ε.
624 4573 781 4643 πατρὶ
808 4571 911 4628 Ed.

286 4673 430 4719 VOL.
462 4675 539 4720 11.
1380 4676 1420 4742 3
1452 4677 1494 4720 Y
