3238 5158
305 2047 381 2095 18.

304 2499 440 2547 Aeta
462 2496 549 2546 SS.

304 2566 408 2630 Ap.
429 2562 548 2615 xvii.

311 2646 409 2747 298.
423 2696 538 2746 Pet.

304 2778 338 2811 1.
363 2778 412 2827 4.

620 344 749 407 232
1229 346 1306 409 B.
1355 345 1774 410 CYRILLI
1835 346 2418 412 ALEXANDR.
2696 368 2760 408 x.
2792 364 2897 424 14,
2930 356 3031 424 15.

627 507 1087 614 θεωρήμασιν
1123 515 1564 597 ἐπινοοῦντες·
1598 512 1728 593 τὸν
1759 512 2375 617 πρεπωδέστερον.
2437 513 2693 592 οὐκοῦν
2716 508 3035 590 rudem

628 637 820 740 φησὶ
869 634 963 717 τᾶ.
1013 633 1156 743 ἐμὲ
1210 644 1331 718 καὶ
1382 636 1816 743 γινῶσκομαι
1866 634 1995 718 bx?
2040 637 2164 719 τῶν
2200 636 2394 742 ἒμῦν,
2436 631 2656 721 καθεὶς
2710 633 3033 737 ssva-‘meu

560 765 606 830 b
627 793 721 863 με
759 767 789 839 ὅ
829 757 1060 869 Πατῆρ
1108 758 1313 863 καὶγῶ
1347 761 1660 865 ymb-m
1695 762 1803 843 τὶν
1840 760 2140 869 Πατέρα·
2204 763 2365 841 ἀντὶ
2399 769 2527 842 τοῦ
2562 789 3036 863 προσοικειω-

628 880 948 982 θήσομαι
996 891 1146 969 τοῖς
1192 885 1591 989 προβάτοις
1639 893 1788 969 τοῖς
1836 888 2051 985 ἐμοῖς,
2086 884 2618 987 οἶκειωθήσεται
2663 882 2747 962 δέ
2778 914 2903 983 μοι
2939 878 3038 959 τὰ

627 1006 965 1110 πρόβατα
1018 1007 1111 1088 τὰ
1159 1007 1317 1109 ἐμοὶ,
1356 1009 1539 1090 κατὰ
1585 1018 1843 1091 τοῦτον
1878 1007 2008 1091 τὸν
2042 1008 2315 1110 τρόπον
2357 1010 2524 1090 καθ’
2565 1007 2650 1089 ὃν
2695 1008 2848 1107 ἐμοὶ
2900 1004 3037 1105 μὲν
3064 1024 3102 1085 5

629 1128 879 1218 οἰκεῖός
939 1135 1141 1214 ἐστιν
1195 1137 1236 1214 5
1293 1133 1572 1236 Πατὴρ,
1634 1133 1775 1237 ἐγω
1840 1133 1916 1215 δὲ
1982 1135 2074 1215 αὖ
2131 1134 2361 1216 πάλιν
2419 1131 2668 1217 οἰκεῖός
2731 1137 2875 1232 εἶμι
2932 1136 3043 1238 τῷ

633 1257 894 1360 Πατρί.
975 1257 1194 1363 ὅνπερ
1231 1257 1375 1364 γὰρ
1410 1258 1683 1363 τρόπον
1718 1254 1907 1338 οἶδεν
1942 1260 1983 1339 5
2020 1256 2208 1343 Θεὸς
2255 1261 2372 1339 καὶ
2410 1253 2670 1361 Πατὴρ
2720 1257 3040 1357 γνησίαν

632 1381 817 1486 ἔχων
873 1385 1093 1463 ὠδῖνα
1146 1381 1274 1463 τὸν
1323 1384 1501 1464 ’ίδιον
1543 1381 1727 1464 Υὶὸν
1780 1386 1898 1464 καὶ
1953 1383 2231 1487 καρπὸν
2287 1387 2415 1482 τῆς
2469 1383 2719 1466 οὐσίας
2778 1383 3033 1478 αὐτοῦ,

632 1501 774 1586 οἶδε
811 1505 886 1586 δὲ
921 1505 1149 1588 πάλιν
1185 1510 1227 1588 5
1261 1506 1437 1593 Υἱὸς
1477 1507 1772 1613 Πατέρα
1820 1507 2005 1588 κατὰ
2040 1507 2385 1609 ἀλήθειαν
2420 1507 2607 1612 ἔχων
2638 1503 2767 1587 τὸν
2804 1502 3033 1601 Θεὸν,

632 1626 759 1711 ἅτε
819 1628 907 1731 δὴ
967 1631 1305 1735 γεννητὸς
1369 1629 1715 1738 ὑπάρχων
1768 1632 1856 1740 ἐξ
1911 1634 2148 1730 αὐτοῦ,
2205 1630 2390 1712 κατὰ
2451 1631 2581 1711 τὸν
2638 1628 2855 1711 αὐτὸν
2918 1633 3041 1711 καὶ
3074 1664 3148 1704 10

574 1779 612 1823 <2
634 1756 832 1854 ἡμεῖς
880 1754 1151 1858 τρόπον
1185 1758 1858 1858 προσοικειωθέντες
1906 1759 2121 1865 αὐτῷ,
2156 1756 2361 1860 γένος
2410 1758 2629 1837 αὐτοῦ
2675 1757 3035 1861 χρηματί-

634 1877 844 1981 ζομεν
899 1883 1017 1958 καὶ
1070 1879 1476 1980 κεκλήμεθα
1531 1880 1762 1980 τέκνα,
1810 1878 1996 1962 κατὰ
2048 1880 2133 1961 τὸ
2190 1881 2555 1984 εἰρημένον
2607 1880 2775 1983 παρ’
2816 1881 3044 1959 αὐτοῦ

635 2012 680 2048 “
713 1998 904 2082 Ἰδοὺ
953 2001 1097 2105 ἐγω
1146 2008 1263 2084 καὶ
1316 2003 1409 2083 τὰ
1457 2006 1709 2085 παιδία
1761 2003 1811 2085 ἅ
1859 2039 1983 2104 μοι
2030 2005 2288 2086 ἔδωκεν
2322 2007 2364 2086 5
2399 2004 2648 2090 Θεός.”
2706 2003 2914 2106 γε’νος
2964 2002 3045 2084 δὲ

635 2129 753 2206 καὶ
789 2124 1096 2229 γνήσιον
1128 2127 1348 2229 ἐσμὲν
1384 2132 1502 2209 καὶ
1556 2128 2083 2235 χρηματίζομεν
2118 2138 2247 2210 τοῦ
2283 2134 2485 2228 Υἱοῦ,
2524 2130 2642 2210 καὶ
2690 2130 2776 2209 δι’
2820 2125 3047 2208 αὐτὸν

635 2259 765 2333 τοῦ
837 2253 1152 2357 Πατρὸς,
1212 2254 1498 2358 ε’πείπερ
1569 2253 1915 2361 ὑπάρχων
1971 2257 2049 2335 ἐκ
2106 2260 2301 2336 Θεοῦ
2360 2251 2549 2339 Θεὸς
2615 2251 3045 2355 Μονογενὴς
3076 2278 3150 2340 15

637 2375 1014 2480 ἅνθραητος
1068 2376 1342 2480 γέγονε,
1392 2376 1525 2479 τὴν
1574 2378 1800 2480 αὐτὴν
1847 2381 2016 2481 ἡμῖν
2063 2378 2294 2488 φύσιν
2342 2377 2762 2475 ἀναλαβὼν,
2804 2383 2864 2457 εἶ
2923 2381 3045 2457 καὶ

642 2499 809 2607 δίχα
862 2501 1109 2604 πάσης
1164 2503 1539 2607 ἁμαρτίας.
1618 2506 1768 2586 ἐπεὶ
1821 2510 1977 2591 πῶς
2013 2514 2058 2553 “
2085 2504 2290 2608 γένος
2337 2501 2560 2605 ε’σμὲν
2602 2510 2732 2585 τοῦ
2778 2501 3043 2601 Θεοῦ,”

646 2625 829 2708 κατὰ
877 2626 1037 2708 τίνα
1087 2627 1163 2708 δὲ
1210 2626 1483 2733 τρόπον
1518 2640 1563 2677 “
1588 2629 1783 2714 θείας
1833 2629 2127 2737 φύσεως
2175 2629 2503 2710 κοινωνοί
2518 2630 2585 2727 ;''
2644 2632 2730 2708 οὐ
2777 2625 2924 2731 γὰρ
2971 2630 3051 2707 ἐν

646 2749 845 2862 μόνῳ
899 2759 1003 2861 τῷ
1057 2754 1396 2852 ἐθελῆσαι
1439 2751 1773 2858 Χριστὸν
1817 2759 1915 2838 εἰς
1967 2753 2361 2854 οἰκειότητα
2410 2759 2666 2850 λαβεῖν
2715 2753 2905 2852 ἡμᾶς
2961 2752 3049 2832 τὸ

576 2884 620 2949 d
645 2882 773 2979 τῆς
840 2876 1260 2983 καυχήσεως
1333 2878 1590 2984 ἔχομεν
1651 2879 1935 2981 με’τρον,
2001 2877 2172 2958 ἀλλ’
2240 2877 2750 2979 ἐπαληθεύεται
2814 2882 3053 2957 πᾶσιν
3080 2911 3157 2953 20

643 3002 811 3103 ἡμῖν
849 3003 894 3101 ἡ
946 3010 1074 3083 τοῦ
1119 3001 1548 3107 πράγματος
1599 3004 1915 3101 δύναμις.
1995 3004 2147 3084 θεία
2189 3001 2321 3102 μὲν
2353 3002 2499 3107 γὰρ
2551 3000 2777 3110 φύσις
2826 3003 2869 3081 5
2917 3010 3052 3082 τοῦ

644 3131 839 3207 Θεοῦ
879 3123 1122 3229 Λόγος
1172 3130 1288 3208 καὶ
1340 3125 1520 3226 μετὰ
1570 3124 1866 3231 σαρκὸς,
1903 3127 2100 3227 ἡμεῖς
2149 3126 2225 3207 δὲ
2276 3125 2479 3229 γένος
2532 3129 2775 3224 αὐτοῦ,
2817 3129 3053 3208 καίτοι

642 3248 825 3330 κατὰ
898 3250 1128 3358 φύσιν
1192 3250 1399 3337 ὄντος
1463 3256 1679 3349 Θεοῦ,
1746 3248 1867 3331 διὰ
1938 3249 2023 3332 τὸ
2090 3249 2223 3351 τὴν
2285 3248 2510 3351 αὐτὴν
2570 3251 2740 3351 ἡμῖν
2803 3249 3056 3355 σάρκα

643 3379 923 3469 λαβεῖν.
1003 3377 1259 3455 οὐκοῦν
1297 3373 1612 3482 ἐμφερὴς
1662 3377 1703 3457 5
1753 3380 1881 3476 τῆς
1932 3374 2361 3476 οἰκειότητος
2397 3374 2689 3481 τρόπος.
2770 3379 2868 3459 ὡς
2904 3374 3053 3478 γὰρ

643 3497 982 3604 ᾠκείωται
1029 3497 1161 3596 μὲν
1205 3497 1416 3583 αὐτὸς
1466 3507 1569 3606 τῷ
1608 3503 1871 3604 Πατρὶ,
1909 3502 2250 3609 ᾠκείωται
2306 3498 2382 3580 δὲ
2438 3497 2559 3580 διὰ
2609 3497 2744 3601 τὴν
2785 3496 3047 3579 ταυτό·
3081 3528 3156 3589 25

643 3655 824 3721 τητα
872 3625 1000 3721 τῆς
1050 3621 1344 3729 φύσεως
1394 3624 1434 3701 5
1475 3622 1735 3728 Πατὴρ
1772 3625 1989 3732 αὐτῷ,
2025 3626 2212 3706 οὕτω
2251 3627 2370 3706 καὶ
2404 3625 2603 3725 ἡμεῖς
2639 3626 2832 3732 αὐτῷ
2868 3621 3055 3704 καθὸ

641 3745 936 3849 γε’γονεν
978 3745 1375 3850 ἅνθρωπος,
1414 3748 1531 3828 καὶ
1586 3747 1799 3833 αὐτὸς
1855 3748 1931 3830 δὲ
1985 3749 2175 3849 ἡμῖν.
2250 3751 2336 3830 δι’
2377 3750 2596 3830 αὐτοῦ
2649 3747 2725 3830 δὲ
2781 3752 2880 3833 ὡς
2934 3748 3057 3830 διὰ

641 3870 943 3971 μεσίτου
996 3876 1100 3980 τῷ
1157 3876 1233 3952 Π
1236 3874 1399 3976 ατρὶ
1454 3870 1994 3972 συναπτόμεθα.
2089 3872 2424 3978 μεθόριον
2477 3871 2623 3977 γὰρ
2675 3870 2925 3975 ὥσπερ
2983 3909 3056 3955 τι

583 4012 620 4058 0
644 3993 974 4097 θεότητός
1029 4030 1106 4076 τε
1162 4000 1289 4096 τῆς
1345 3994 1690 4077 ἀνωτάτω
1745 3999 1863 4077 καὶ
1918 3997 2476 4101 ἀνθρωπότητός
2522 4000 2725 4078 ἐστιν
2776 3998 2818 4077 5
2868 4002 3058 4102 Χρι-

643 4117 841 4218 στὸς,
879 4123 956 4201 ἐν
993 4121 1230 4230 ταύτῷ
1278 4155 1356 4202 τε
1406 4118 1507 4201 ὧν
1550 4118 1950 4228 ἀμφότερα,
1988 4126 2105 4202 καὶ
2154 4119 2308 4203 οἷον
2352 4122 2681 4229 συνέχων
2715 4124 2793 4203 ἐν
2826 4122 3057 4232 ἑαυτῷ
3082 4152 3160 4214 30

716 4402 766 4442 2.
803 4387 887 4442 καὶ
919 4389 1239 4460 γινώσκομαι
1274 4389 1377 4443 ὑπὸ
1412 4392 1515 4444 τῶν
1550 4385 1712 4460 ε’μῶν]
1745 4388 1830 4442 καὶ
1862 4391 2108 4460 γινώσκει
2141 4411 2207 4459 με
2244 4389 2309 4444 τὸ
2344 4388 2441 4460 ε’μό
2477 4401 2620 4444 recte
2655 4397 2720 4445 ut
2753 4387 2970 4444 videtur
3005 4408 3058 4446 a„

640 4474 695 4529 3.
734 4456 876 4530 κάγὼ
897 4462 1139 4530 γινώσκω
1162 4460 1253 4515 τὸν
1274 4458 1487 4531 Πατέρα
1509 4460 1806 4530 assumpsit
1829 4477 1860 4514 e
1885 4459 2005 4515 Cat.
2031 4470 2094 4516 ut
2116 4460 2228 4516 vid.
2253 4459 2398 4516 Aub.
2423 4461 2576 4515 etita
2598 4476 2652 4517 a.
2818 4501 2834 4515 .
2869 4459 2983 4515 κατ’
3007 4479 3059 4517 a.

645 4545 729 4584 10.
766 4533 1022 4602 γεννητοῖς
1045 4546 1096 4584 a.
1346 4546 1434 4586 20.
1471 4529 1781 4613 ἔπαληθεᾷει
1804 4547 1855 4585 a.
1960 4532 2127 4588 πᾶσιν
2152 4531 2268 4589 Ba.
2298 4530 2483 4588 Holst.
2506 4533 2670 4588 πάλιν
2690 4548 2721 4587 e
2826 4540 2868 4586 t.
2899 4530 3059 4587 Harl.

642 4600 789 4657 Aub.
1004 4616 1094 4672 30.
1131 4596 1228 4671 ὢν]
1262 4606 1319 4666 4
1350 4601 1415 4654 τὰ
1440 4599 1585 4656 Aah.
1610 4611 1794 4656 mvme
1823 4601 1941 4656 B.a.
1972 4601 2076 4660 Ht.
