3238 5158
280 316 417 383 xiii.
439 319 500 385 8.
839 327 966 392 'IN
1027 329 1097 396 S.
1144 330 1189 395 J
1198 329 1662 398 OANNEM.
1753 331 1946 398 LIB.
1994 331 2118 397 IX.
2549 328 2681 394 34⁷

282 481 367 563 τὸ
413 486 494 565 ἐκ
539 495 671 568 τοῦ
718 490 1148 595 πράγματος
1202 497 1452 603 ἄχθος,
1494 497 1613 577 καὶ
1663 500 1794 597 τῆς
1842 497 2202 597 συνήθους
2243 496 2362 575 καὶ
2397 527 2679 596 τετριμ-

277 608 498 708 μένης
569 613 978 732 εὐλαβείας.
1023 620 1217 729 αὐτῷ
1287 619 1568 724 καρπὸν
1638 628 1939 704 ποιεῖται
2011 618 2146 722 τὴν
2211 617 2678 723 παραίτησιν,

275 737 521 819 συνεὶς
569 737 648 818 δὲ
701 740 903 822 οὔπω
954 740 1089 843 τὴν
1143 745 1381 825 αἰτίαν
1434 753 1564 827 τοῦ
1616 744 2068 849 πράγματος,
2104 742 2329 824 οἴεταί
2376 775 2446 823 τι
2499 746 2683 843 δρᾶν

280 861 432 962 εἶκῇ
487 857 617 941 τὸν
654 862 948 968 Κύρων,
986 872 1104 948 καὶ
1147 868 1386 977 ψιλὴν
1432 871 1671 954 αὐτοῖς
1725 879 1853 950 τοῦ
1907 868 2250 969 σώματος
2302 868 2682 966 ἐπινοῆσαι

217 995 256 1054 5
282 980 413 1081 τὴν
466 984 901 1085 ἀνάπαυσιν·
963 988 1074 1096 *τὸ
1128 990 1275 1096 γὰρ
1331 991 1794 1095 ἀπονίζὲσθαι
1848 992 2013 1078 τοὺς
2068 991 2298 1078 πόδας
2349 996 2690 1072 συντελεῖ
2704 1009 2750 1075 d

277 1140 435 1191 πως
471 1113 570 1193 εἰς
604 1118 844 1211 τοῦτο,
880 1117 1000 1194 καὶ
1034 1117 1339 1220 μετρίως
1374 1119 1722 1225 ἀποχαλᾷ
1757 1116 1889 1217 τὴν
1924 1119 2004 1199 ἐκ
2051 1124 2181 1197 τοῦ
2228 1116 2685 1214 βαδίσματος

275 1229 578 1312 στάσιν·
640 1232 759 1315 διὰ
795 1246 1011 1318 τοῦτο
1047 1243 1167 1320 καὶ
1200 1240 1501 1349 σφόδρα
1534 1247 1812 1346 θερμῶς
1856 1243 2147 1346 ἐνείργει
2194 1239 2432 1343 λέγων
2470 1236 2682 1349 Κύριε,

281 1353 372 1434 σύ
418 1392 553 1461 μου
611 1362 863 1447 νίπτεις
917 1362 1065 1450 τοὺς
1110 1360 1378 1460 πέδας,
1438 1365 1575 1446 ἔδει
1631 1364 1776 1470 γὰρ
1808 1364 1988 1464 Ἔδει,
2028 1365 2241 1471 φησὶ,
2275 1361 2443 1448 τοῦς
2497 1359 2684 1443 κατὰ

281 1477 514 1584 φύσιν
563 1482 838 1568 οἰκέτας
889 1495 1104 1568 τοῦτο
1156 1488 1497 1592 πράττειν
1551 1491 1764 1590 ἡμᾶς,
1806 1490 1972 1595 οὐχί
2018 1523 2110 1570 σε
2165 1486 2295 1569 τὸν
2343 1485 2685 1569 ἁπάντων

177 1624 205 1665 ¹
217 1626 256 1665 0
287 1602 578 1707 Κύριον.
652 1608 825 1688 ἀλλ’
866 1610 1314 1715 ὑπερτίθεται
1348 1610 1480 1714 μὲν
1514 1621 1646 1695 τοῦ
1695 1613 2125 1718 πράγματος
2165 1609 2298 1715 τὴν
2331 1610 2685 1718 ἐξήγησιν

157 1775 163 1784 -
215 1791 224 1796 -
280 1732 379 1812 εἷς
442 1726 689 1833 καιρὸν
741 1734 784 1812 ὃ
848 1733 1196 1840 Χριστὸς,
1253 1736 1362 1818 ὅτι
1424 1736 1656 1841 γεμὴν
1709 1738 2292 1847 ἀξιολογωτέραν
2344 1736 2496 1841 ἔχοι
2552 1734 2685 1836 τὴν

279 1851 536 1954 αἰτίαν,
578 1851 662 1935 τὸ
718 1859 888 1962 παρ’
924 1861 1145 1941 αὐτοῦ
1202 1862 1502 1966 γεγονὸς
1555 1861 1904 1962 συνήσειν
1948 1865 2140 1968 φησὶ
2193 1859 2382 1966 μετὰ
2435 1863 2680 1958 ταῦτα,

279 1975 455 2057 ὅταν
492 1978 829 2078 δηλονότι
863 1985 1322 2090 πλατυτέραν
1356 1989 1522 2091 περὶ
1559 1988 1781 2067 αὑτοῦ
1811 1992 2112 2088 ποιεῖται
2149 1984 2283 2087 τὴν
2306 1984 2678 2093 ἐξήγησιν.
2704 2025 2742 2070 ο

388 2102 692 2204 Ὀνήσει
741 2104 817 2187 δέ
865 2108 1035 2189 λίαν
1073 2112 1191 2189 καὶ
1238 2120 1452 2191 τοῦτο
1500 2110 1729 2192 πάλιν
1772 2112 1957 2211 ἡμᾶς
2005 2107 2188 2211 μετὰ
2234 2116 2381 2189 τῶν
2428 2108 2685 2189 ἄλλων

177 2247 252 2307 15
279 2226 364 2305 οὐ
429 2235 723 2331 μικρῶς.
827 2231 954 2312 θέα
1015 2232 1161 2338 γὰρ
1223 2231 1418 2321 ὅπως
1484 2244 1731 2339 καιροῦ
1804 2244 2198 2320 καλοῦντος
2269 2240 2367 2319 εἰς
2440 2235 2679 2338 ἔργον,

279 2352 726 2454 ὑπερτίθεται
781 2354 912 2436 τὸν
964 2355 1212 2461 λόγον,
1267 2366 1515 2463 καιροῦ
1571 2357 1652 2438 δὲ
1706 2360 1797 2440 αὖ
1847 2358 2075 2441 πάλιν
2127 2357 2530 2462 ἐπείγοντος
2585 2364 2684 2445 εἷς

171 2481 178 2488 ’
280 2473 509 2578 λόγον
564 2476 942 2561 ἀναδύεται
1003 2482 1088 2563 τὸ
1155 2486 1359 2588 δρᾶν·
1460 2481 1701 2565 πάντα
1763 2481 1908 2589 γὰρ
1973 2490 2240 2589 καιροῖς
2303 2481 2683 2584 ἀπονέμων

278 2608 428 2685 τοῖς
493 2602 766 2685 ἐοικόσι
829 2608 948 2686 καὶ
1022 2608 1427 2710 πρέπουσιν
1501 2606 1615 2710 ἦν.
1706 2608 2174 2692 ἀνανεύοντος
2239 2609 2480 2689 τοίνυν
2552 2617 2682 2690 τοῦ

284 2724 589 2830 Πέτρου,
650 2732 767 2809 καὶ
829 2730 1391 2840 ἀποφάσκοντος
1451 2734 1768 2837 ἐναργῶς
1834 2733 1962 2813 οὐκ
2023 2730 2116 2813 ἂν
2180 2733 2398 2811 αὐτοῦ
2471 2733 2682 2840 νίψαι

169 2880 254 2922 20
282 2846 429 2935 τοὶς
501 2848 729 2939 πέδας
801 2862 891 2942 εἷς
965 2856 1071 2937 τὶν
1146 2856 1379 2954 αἰῶνα,
1439 2855 1572 2958 τὴν
1633 2856 1982 2957 ἐσομένην
2045 2855 2299 2961 ζημίαν
2363 2857 2686 2936 ἐντεῦθεν

162 3071 170 3081 .
280 2975 604 3080 φανερὰν
657 2980 699 3059 ὁ
758 2977 1016 3083 Σωτὴρ
1071 2981 1466 3081 καθίστησι
1519 2981 1781 3084 λέγων·

300 3246 654 3338 Ἀπεκρίθη
709 3251 890 3337 αὐτῷ
942 3251 979 3320 ὃ
1023 3251 1279 3319 ἸΗοοΰο
1323 3250 1488 3317 Ἐὰν
1542 3250 1631 3329 μὴ
1689 3250 1862 3332 νίψω
1915 3273 2008 3331 σε,
2061 3249 2179 3317 οὐκ
2231 3248 2401 3338 ἔχεις
2451 3249 2652 3339 μέρος
2701 3276 2739 3318 a
2785 3262 2915 3323 723
2934 3262 3017 3319 A.

1291 3377 1422 3457 μετ’
1482 3378 1666 3456 ἐμοῦ.

379 3517 632 3603 Ὅσον
680 3520 811 3623 μὲν
864 3523 991 3603 οὖν
1044 3524 1214 3624 ἧκεν
1267 3529 1367 3608 εἰς
1419 3523 1549 3605 τὸν
1603 3526 1888 3632 ἐμφανῆ
1944 3525 2063 3603 καὶ
2116 3519 2497 3627 πρόχειρον
2551 3530 2683 3601 τοῦ

167 3679 254 3741 25
280 3644 742 3749 προκειμένου
777 3646 1061 3729 σκοπόν
1099 3653 1192 3728 Εἰ
1234 3647 1335 3749 μὴ
1381 3645 1822 3756 καταδέξαιο,
1858 3648 2069 3755 φησὶ,
2106 3645 2191 3726 τὸ
2228 3644 2435 3753 ξένον
2469 3654 2682 3726 τοῦτο

282 3773 398 3850 καὶ
437 3770 651 3872 ἀηθες
683 3777 812 3874 τῆς
854 3771 1522 3882 ταπεινοφροσύνης
1572 3770 1898 3874 μάθημα,
1940 3769 2194 3875 μερίδα
2245 3771 2363 3849 καὶ
2410 3773 2683 3872 κλῆρον

282 3895 413 3974 οὐκ
465 3893 555 3975 ἂν
590 3898 818 4000 εὕροις
853 3902 999 4004 μετ’
1040 3899 1221 4003 ἐμοῦ.
1295 3894 1531 3997 ἐπειδὴ
1576 3896 1655 3978 δὲ
1697 3893 2059 3980 πολλάκις
2097 3897 2138 3975 ὃ
2180 3894 2445 3997 Κύριος
2481 3893 2686 3994 ἡμῶν

280 4021 571 4119 Ἰησοῦς
623 4021 664 4100 ὁ
699 4019 1050 4125 Χριστὸς,
1085 4023 1205 4101 καὶ
1252 4019 1509 4124 μικρὰς
1560 4027 1708 4101 τῶν
1744 4018 1988 4123 λόγων
2024 4015 2283 4114 λαβὼν
2318 4014 2679 4124 ἀφορμὰς,

282 4141 571 4246 γενικὴν
619 4150 921 4225 ποιεῖται
976 4142 1111 4244 τὴν
1152 4143 1524 4252 ἐξήγησιν,
1567 4147 1684 4223 καὶ
1739 4149 1835 4226 εἷς
1887 4140 2170 4226 πλάτος
2223 4139 2541 4249 ἐξέλκων
2589 4138 2683 4220 τὰ

163 4316 255 4375 30
281 4270 395 4376 ἐφ’
458 4268 614 4355 ἑνὸς
685 4266 1133 4372 πράγματος,
1197 4268 1423 4371 ἤγουν
1480 4266 1580 4352 εἵς
1652 4301 1723 4346 τι
1793 4263 2006 4369 με’ρος
2075 4266 2266 4350 ἰδίως
2329 4262 2679 4366 εἰρημένα,
2705 4281 2750 4346 b

357 4520 410 4578 7.
452 4506 608 4562 τάσιν
629 4504 879 4561 emendat
904 4504 1125 4576 Migue:
1163 4503 1258 4559 ned
1282 4511 1489 4575 praeter
1511 4520 1625 4590 gem
1650 4511 1712 4557 ut
1733 4501 1962 4591 videtu-ar.
2069 4572 2080 4584 ·
2220 4546 2245 4569 ,
2261 4517 2343 4574 ¹3·
2378 4503 2588 4571 ποιῆται
2612 4499 2680 4557 Ε.

290 4577 374 4633 16.
412 4577 470 4632 δὲ
495 4577 564 4633 Ε.
587 4575 634 4632 δ’
663 4574 766 4632 Ed.
981 4592 1068 4631 22.
1102 4573 1379 4647 Ἀπεκρίθη
1404 4574 1544 4647 αὗτφ
1565 4576 1596 4628 ὁ
1618 4572 1824 4644 Ἰησους
1846 4573 1933 4629 hle
1956 4581 2109 4646 pomt
2133 4571 2199 4629 E.

1388 4674 1575 4744 152
