<?xml version="1.0" encoding="UTF-8"?>
<!DOCTYPE html PUBLIC "-//W3C//DTD XHTML 1.0 Transitional//EN"
    "http://www.w3.org/TR/xhtml1/DTD/xhtml1-transitional.dtd">
<html xmlns="http://www.w3.org/1999/xhtml" xml:lang="en" lang="en">
 <head>
  <title>
</title>
<meta http-equiv="Content-Type" content="text/html;charset=utf-8" />
  <meta name='ocr-system' content='tesseract 3.04.00' />
  <meta name='ocr-capabilities' content='ocr_page ocr_carea ocr_par ocr_line ocrx_word'/>
</head>
<body>
  <div class='ocr_page' id='page_1' title='image "./sanctipatrisnos03pusegoog_0054.png"; bbox 0 0 3238 5158; ppageno 0'>
   <div class='ocr_carea' id='block_1_1' title="bbox 659 350 3070 421">
    <p class='ocr_par' dir='ltr' id='par_1_1' title="bbox 659 350 3070 421">
     <span class='ocr_line' id='line_1_1' title="bbox 659 350 3070 421; baseline 0 -7"><span class='ocrx_word' id='word_1_1' title='bbox 659 353 746 415; x_wconf 81' lang='lat'>42</span> <span class='ocrx_word' id='word_1_2' title='bbox 1267 354 1345 418; x_wconf 88' lang='grc' dir='ltr'>Β.</span> <span class='ocrx_word' id='word_1_3' title='bbox 1391 354 1810 420; x_wconf 84' lang='lat' dir='ltr'><strong>CYRILLI</strong></span> <span class='ocrx_word' id='word_1_4' title='bbox 1870 355 2447 421; x_wconf 84' lang='lat' dir='ltr'><strong>ALEXANDR.</strong></span> <span class='ocrx_word' id='word_1_5' title='bbox 2789 352 2933 417; x_wconf 81' lang='lat' dir='ltr'>viii.</span> <span class='ocrx_word' id='word_1_6' title='bbox 2962 350 3070 418; x_wconf 86' lang='lat'>28.</span> 
     </span>
    </p>
   </div>
   <div class='ocr_carea' id='block_1_2' title="bbox 322 516 3169 3839">
    <p class='ocr_par' dir='ltr' id='par_1_2' title="bbox 658 516 3127 1365">
     <span class='ocr_line' id='line_1_2' title="bbox 662 516 3073 626; baseline -0 -31"><span class='ocrx_word' id='word_1_7' title='bbox 662 525 875 596; x_wconf 84' lang='grc' dir='ltr'>τοῦτο</span> <span class='ocrx_word' id='word_1_8' title='bbox 931 519 1049 596; x_wconf 81' lang='grc' dir='ltr'>καὶ</span> <span class='ocrx_word' id='word_1_9' title='bbox 1105 519 1145 597; x_wconf 85' lang='grc' dir='ltr'>ὁ</span> <span class='ocrx_word' id='word_1_10' title='bbox 1201 520 1589 602; x_wconf 76' lang='grc' dir='ltr'>θεσπέσιος</span> <span class='ocrx_word' id='word_1_11' title='bbox 1627 519 1917 620; x_wconf 86' lang='grc' dir='ltr'>Δανιήλ</span> <span class='ocrx_word' id='word_1_12' title='bbox 1973 529 2207 626; x_wconf 91' lang='grc' dir='ltr'>φησιν</span> <span class='ocrx_word' id='word_1_13' title='bbox 2242 532 2283 568; x_wconf 87' lang='lat'>“</span> <span class='ocrx_word' id='word_1_14' title='bbox 2314 519 2450 620; x_wconf 84' lang='grc' dir='ltr'>Εἴη</span> <span class='ocrx_word' id='word_1_15' title='bbox 2507 517 2593 598; x_wconf 81' lang='grc' dir='ltr'>τὸ</span> <span class='ocrx_word' id='word_1_16' title='bbox 2647 516 2876 613; x_wconf 79' lang='grc' dir='ltr'>ὄνομα</span> <span class='ocrx_word' id='word_1_17' title='bbox 2930 523 3073 594; x_wconf 84' lang='grc' dir='ltr'>τοῦ</span> 
     </span>
     <span class='ocr_line' id='line_1_3' title="bbox 665 639 3069 745; baseline -0.001 -25"><span class='ocrx_word' id='word_1_18' title='bbox 665 652 708 688; x_wconf 90' lang='grc'><strong>“</strong></span> <span class='ocrx_word' id='word_1_19' title='bbox 750 640 1020 743; x_wconf 86' lang='grc' dir='ltr'>Κυρίου</span> <span class='ocrx_word' id='word_1_20' title='bbox 1079 641 1557 743; x_wconf 83' lang='grc' dir='ltr'>εὐλογημένον</span> <span class='ocrx_word' id='word_1_21' title='bbox 1605 650 1703 728; x_wconf 83' lang='grc' dir='ltr'>εἶς</span> <span class='ocrx_word' id='word_1_22' title='bbox 1750 642 1916 728; x_wconf 78' lang='grc' dir='ltr'>τοὺς</span> <span class='ocrx_word' id='word_1_23' title='bbox 1966 650 2245 740; x_wconf 79' lang='grc' dir='ltr'><strong><em>αἰῶνας,</em></strong></span> <span class='ocrx_word' id='word_1_24' title='bbox 2301 643 2409 723; x_wconf 81' lang='grc' dir='ltr'>ὅτι</span> <span class='ocrx_word' id='word_1_25' title='bbox 2463 643 2508 743; x_wconf 86' lang='grc' dir='ltr'><strong><em>ἡ</em></strong></span> <span class='ocrx_word' id='word_1_26' title='bbox 2558 642 2791 745; x_wconf 87' lang='grc' dir='ltr'>σοφία</span> <span class='ocrx_word' id='word_1_27' title='bbox 2840 641 2961 718; x_wconf 80' lang='grc' dir='ltr'>καὶ</span> <span class='ocrx_word' id='word_1_28' title='bbox 3021 639 3069 737; x_wconf 86' lang='grc' dir='ltr'><em>ἦ</em></span> 
     </span>
     <span class='ocr_line' id='line_1_4' title="bbox 662 761 3072 872; baseline -0.001 -29"><span class='ocrx_word' id='word_1_29' title='bbox 662 773 708 811; x_wconf 81' lang='grc'><strong>“</strong></span> <span class='ocrx_word' id='word_1_30' title='bbox 740 763 1037 850; x_wconf 78' lang='grc' dir='ltr'>σύνεσις</span> <span class='ocrx_word' id='word_1_31' title='bbox 1072 769 1187 845; x_wconf 82' lang='grc' dir='ltr'>καὶ</span> <span class='ocrx_word' id='word_1_32' title='bbox 1231 766 1278 866; x_wconf 87' lang='grc' dir='ltr'><strong><em>ἡ</em></strong></span> <span class='ocrx_word' id='word_1_33' title='bbox 1324 765 1535 872; x_wconf 73' lang='grc' dir='ltr'>ἰσχῦς</span> <span class='ocrx_word' id='word_1_34' title='bbox 1582 769 1800 848; x_wconf 80' lang='grc' dir='ltr'>αὐτοῦ</span> <span class='ocrx_word' id='word_1_35' title='bbox 1851 767 2121 848; x_wconf 86' lang='grc' dir='ltr'>ἐστιν.”</span> <span class='ocrx_word' id='word_1_36' title='bbox 2199 773 2257 847; x_wconf 75' lang='grc' dir='ltr'>εἰ</span> <span class='ocrx_word' id='word_1_37' title='bbox 2307 765 2383 846; x_wconf 79' lang='grc' dir='ltr'>δὲ</span> <span class='ocrx_word' id='word_1_38' title='bbox 2434 766 2671 861; x_wconf 80' lang='grc' dir='ltr'>αὐτοῦ,</span> <span class='ocrx_word' id='word_1_39' title='bbox 2710 762 2895 843; x_wconf 82' lang='grc' dir='ltr'>κατὰ</span> <span class='ocrx_word' id='word_1_40' title='bbox 2930 761 3072 842; x_wconf 81' lang='grc' dir='ltr'>τὸν</span> 
     </span>
     <span class='ocr_line' id='line_1_5' title="bbox 659 887 3068 998; baseline 0 -32"><span class='ocrx_word' id='word_1_41' title='bbox 659 894 788 966; x_wconf 84' lang='grc' dir='ltr'>τοῦ</span> <span class='ocrx_word' id='word_1_42' title='bbox 821 922 880 967; x_wconf 90' lang='grc' dir='ltr'>π</span> <span class='ocrx_word' id='word_1_43' title='bbox 1047 887 1067 915; x_wconf 84' lang='grc'><em>’</em></span> <span class='ocrx_word' id='word_1_44' title='bbox 1114 924 1198 970; x_wconf 90' lang='grc' dir='ltr'>ου</span> <span class='ocrx_word' id='word_1_45' title='bbox 1234 888 1483 992; x_wconf 88' lang='grc' dir='ltr'>λόγον,</span> <span class='ocrx_word' id='word_1_46' title='bbox 1520 895 1639 969; x_wconf 84' lang='grc' dir='ltr'>καὶ</span> <span class='ocrx_word' id='word_1_47' title='bbox 1688 892 1733 990; x_wconf 84' lang='grc' dir='ltr'><strong><em>ἡ</em></strong></span> <span class='ocrx_word' id='word_1_48' title='bbox 1788 889 2000 996; x_wconf 74' lang='grc' dir='ltr'>ἰσχὺς</span> <span class='ocrx_word' id='word_1_49' title='bbox 2053 894 2170 971; x_wconf 83' lang='grc' dir='ltr'>καὶ</span> <span class='ocrx_word' id='word_1_50' title='bbox 2218 892 2262 989; x_wconf 86' lang='grc' dir='ltr'><strong><em>ἡ</em></strong></span> <span class='ocrx_word' id='word_1_51' title='bbox 2315 891 2550 998; x_wconf 85' lang='grc' dir='ltr'>σοφία</span> <span class='ocrx_word' id='word_1_52' title='bbox 2585 891 2764 984; x_wconf 83' lang='grc' dir='ltr'>ἐστὶ,</span> <span class='ocrx_word' id='word_1_53' title='bbox 2799 890 2909 971; x_wconf 88' lang='grc' dir='ltr'>τίς</span> <span class='ocrx_word' id='word_1_54' title='bbox 2958 888 3068 968; x_wconf 78' lang='grc' dir='ltr'>ἔτι</span> 
     </span>
     <span class='ocr_line' id='line_1_6' title="bbox 658 1009 3127 1122; baseline 0.001 -33"><span class='ocrx_word' id='word_1_55' title='bbox 658 1009 919 1091; x_wconf 82' lang='grc' dir='ltr'>λοιπὸν</span> <span class='ocrx_word' id='word_1_56' title='bbox 981 1016 1109 1111; x_wconf 84' lang='grc' dir='ltr'>τῆς</span> <span class='ocrx_word' id='word_1_57' title='bbox 1180 1021 1327 1093; x_wconf 82' lang='grc' dir='ltr'>τῶν</span> <span class='ocrx_word' id='word_1_58' title='bbox 1389 1013 1821 1122; x_wconf 80' lang='grc' dir='ltr'>ἑτεροδόξων</span> <span class='ocrx_word' id='word_1_59' title='bbox 1883 1015 2205 1122; x_wconf 79' lang='grc' dir='ltr'>ἀνέξεται</span> <span class='ocrx_word' id='word_1_60' title='bbox 2270 1014 2819 1116; x_wconf 86' lang='grc' dir='ltr'>γλωσσαργίας,</span> <span class='ocrx_word' id='word_1_61' title='bbox 2882 1012 3063 1114; x_wconf 86' lang='grc' dir='ltr'>παρ’</span> <span class='ocrx_word' id='word_1_62' title='bbox 3094 1044 3127 1101; x_wconf 84' lang='grc'><strong>5</strong></span> 
     </span>
     <span class='ocr_line' id='line_1_7' title="bbox 660 1132 3069 1246; baseline 0.001 -35"><span class='ocrx_word' id='word_1_63' title='bbox 660 1132 899 1236; x_wconf 83' lang='grc' dir='ltr'>ἑτέρου</span> <span class='ocrx_word' id='word_1_64' title='bbox 959 1140 1075 1216; x_wconf 80' lang='grc' dir='ltr'>καὶ</span> <span class='ocrx_word' id='word_1_65' title='bbox 1134 1135 1432 1236; x_wconf 83' lang='grc' dir='ltr'>δύναμιν</span> <span class='ocrx_word' id='word_1_66' title='bbox 1485 1141 1601 1218; x_wconf 80' lang='grc' dir='ltr'>καὶ</span> <span class='ocrx_word' id='word_1_67' title='bbox 1658 1139 1932 1246; x_wconf 86' lang='grc' dir='ltr'>σοφίαν</span> <span class='ocrx_word' id='word_1_68' title='bbox 1978 1145 2451 1244; x_wconf 88' lang='grc' dir='ltr'>χορηγεῖσθαι</span> <span class='ocrx_word' id='word_1_69' title='bbox 2508 1136 2875 1239; x_wconf 86' lang='grc' dir='ltr'>λεγόντων</span> <span class='ocrx_word' id='word_1_70' title='bbox 2923 1132 3069 1234; x_wconf 83' lang='grc' dir='ltr'>τὴν</span> 
     </span>
     <span class='ocr_line' id='line_1_8' title="bbox 658 1257 2174 1365; baseline 0.007 -31"><span class='ocrx_word' id='word_1_71' title='bbox 658 1257 936 1363; x_wconf 91' lang='grc' dir='ltr'>σοφίαν</span> <span class='ocrx_word' id='word_1_72' title='bbox 973 1263 1088 1338; x_wconf 82' lang='grc' dir='ltr'>καὶ</span> <span class='ocrx_word' id='word_1_73' title='bbox 1125 1259 1425 1359; x_wconf 82' lang='grc' dir='ltr'>δύναμιν</span> <span class='ocrx_word' id='word_1_74' title='bbox 1459 1257 1634 1341; x_wconf 81' lang='grc' dir='ltr'>εἶναι</span> <span class='ocrx_word' id='word_1_75' title='bbox 1666 1269 1796 1341; x_wconf 84' lang='grc' dir='ltr'>τοῦ</span> <span class='ocrx_word' id='word_1_76' title='bbox 1834 1260 2174 1365; x_wconf 84' lang='grc' dir='ltr'>Πατρός;</span> 
     </span>
    </p>

    <p class='ocr_par' dir='ltr' id='par_1_3' title="bbox 772 1380 3067 1490">
     <span class='ocr_line' id='line_1_9' title="bbox 772 1380 3067 1490; baseline 0 -29"><span class='ocrx_word' id='word_1_77' title='bbox 772 1441 815 1478; x_wconf 92' lang='grc'>,,</span> <span class='ocrx_word' id='word_1_78' title='bbox 850 1381 1069 1461; x_wconf 82' lang='grc' dir='ltr'>Ἀλλ’</span> <span class='ocrx_word' id='word_1_79' title='bbox 1109 1388 1167 1463; x_wconf 83' lang='grc' dir='ltr'>εἶ</span> <span class='ocrx_word' id='word_1_80' title='bbox 1214 1383 1345 1480; x_wconf 86' lang='grc' dir='ltr'>μέν</span> <span class='ocrx_word' id='word_1_81' title='bbox 1391 1382 1572 1480; x_wconf 84' lang='grc' dir='ltr'>τινὰ,</span> <span class='ocrx_word' id='word_1_82' title='bbox 1611 1388 1867 1490; x_wconf 78' lang='grc' dir='ltr'>φησὶν,</span> <span class='ocrx_word' id='word_1_83' title='bbox 1902 1387 2245 1486; x_wconf 74' lang='grc' dir='ltr'>ἐλέγομεν</span> <span class='ocrx_word' id='word_1_84' title='bbox 2290 1384 2528 1488; x_wconf 80' lang='grc' dir='ltr'>ἕτερον</span> <span class='ocrx_word' id='word_1_85' title='bbox 2579 1380 2624 1488; x_wconf 85' lang='grc' dir='ltr'><em>ᾗ</em></span> <span class='ocrx_word' id='word_1_86' title='bbox 2671 1380 2756 1463; x_wconf 78' lang='grc' dir='ltr'>τὸ</span> <span class='ocrx_word' id='word_1_87' title='bbox 2805 1389 3067 1462; x_wconf 80' lang='grc' dir='ltr'>λεῖπον</span> 
     </span>
    </p>

    <p class='ocr_par' dir='ltr' id='par_1_4' title="bbox 599 1505 3060 1616">
     <span class='ocr_line' id='line_1_10' title="bbox 599 1505 3060 1616; baseline 0 -33"><span class='ocrx_word' id='word_1_88' title='bbox 599 1531 635 1575; x_wconf 75' lang='lat'>0</span> <span class='ocrx_word' id='word_1_89' title='bbox 658 1565 703 1602; x_wconf 89' lang='lat'>,‚</span> <span class='ocrx_word' id='word_1_90' title='bbox 741 1509 835 1588; x_wconf 79' lang='grc' dir='ltr'>εἷς</span> <span class='ocrx_word' id='word_1_91' title='bbox 892 1506 1189 1605; x_wconf 87' lang='grc' dir='ltr'>δύναμιν</span> <span class='ocrx_word' id='word_1_92' title='bbox 1236 1508 1688 1612; x_wconf 86' lang='grc' dir='ltr'>ἐπιχορηγεῖν</span> <span class='ocrx_word' id='word_1_93' title='bbox 1737 1514 1840 1615; x_wconf 77' lang='grc' dir='ltr'>τῷ</span> <span class='ocrx_word' id='word_1_94' title='bbox 1893 1513 2070 1616; x_wconf 76' lang='grc' dir='ltr'>Υὶῷ,</span> <span class='ocrx_word' id='word_1_95' title='bbox 2118 1509 2343 1609; x_wconf 82' lang='grc' dir='ltr'>ἤγουν</span> <span class='ocrx_word' id='word_1_96' title='bbox 2393 1505 2756 1588; x_wconf 78' lang='grc' dir='ltr'>διδάσκειν</span> <span class='ocrx_word' id='word_1_97' title='bbox 2801 1505 3060 1603; x_wconf 78' lang='grc' dir='ltr'>αὐτὸν,</span> 
     </span>
    </p>

    <p class='ocr_par' dir='ltr' id='par_1_5' title="bbox 653 1627 3162 2109">
     <span class='ocr_line' id='line_1_11' title="bbox 656 1627 3162 1736; baseline -0 -29"><span class='ocrx_word' id='word_1_98' title='bbox 656 1689 702 1727; x_wconf 90' lang='grc'>,,</span> <span class='ocrx_word' id='word_1_99' title='bbox 739 1627 1056 1732; x_wconf 76' lang='grc' dir='ltr'>εὐλόγως</span> <span class='ocrx_word' id='word_1_100' title='bbox 1106 1628 1195 1708; x_wconf 81' lang='grc' dir='ltr'>ἂν</span> <span class='ocrx_word' id='word_1_101' title='bbox 1230 1638 1379 1715; x_wconf 90' lang='grc' dir='ltr'>τοῖς</span> <span class='ocrx_word' id='word_1_102' title='bbox 1424 1629 1594 1733; x_wconf 83' lang='grc' dir='ltr'>παρ’</span> <span class='ocrx_word' id='word_1_103' title='bbox 1636 1632 1837 1731; x_wconf 77' lang='grc' dir='ltr'>ἡμῶν</span> <span class='ocrx_word' id='word_1_104' title='bbox 1873 1629 2339 1736; x_wconf 75' lang='grc' dir='ltr'>ἐπεσκήψατε</span> <span class='ocrx_word' id='word_1_105' title='bbox 2395 1629 2665 1732; x_wconf 91' lang='grc' dir='ltr'>λόγοις,</span> <span class='ocrx_word' id='word_1_106' title='bbox 2705 1632 2801 1713; x_wconf 79' lang='grc' dir='ltr'>ὡς</span> <span class='ocrx_word' id='word_1_107' title='bbox 2848 1632 3061 1732; x_wconf 76' lang='grc' dir='ltr'>ὕβρι·</span> <span class='ocrx_word' id='word_1_108' title='bbox 3100 1666 3162 1706; x_wconf 80' lang='grc' dir='ltr'>ιο</span> 
     </span>
     <span class='ocr_line' id='line_1_12' title="bbox 653 1751 3068 1862; baseline 0.001 -31"><span class='ocrx_word' id='word_1_109' title='bbox 653 1812 704 1849; x_wconf 88' lang='grc'>,,</span> <span class='ocrx_word' id='word_1_110' title='bbox 741 1751 1005 1859; x_wconf 75' lang='grc' dir='ltr'>ζομένῳ</span> <span class='ocrx_word' id='word_1_111' title='bbox 1061 1763 1485 1856; x_wconf 85' lang='grc' dir='ltr'>συνηγορεῖν</span> <span class='ocrx_word' id='word_1_112' title='bbox 1534 1752 1917 1857; x_wconf 80' lang='grc' dir='ltr'>ἐγνωκότες</span> <span class='ocrx_word' id='word_1_113' title='bbox 1973 1756 2191 1862; x_wconf 71' lang='grc' dir='ltr'>αὐτῷ·</span> <span class='ocrx_word' id='word_1_114' title='bbox 2273 1753 2510 1853; x_wconf 77' lang='grc' dir='ltr'>ἐπειδὴ</span> <span class='ocrx_word' id='word_1_115' title='bbox 2567 1751 2645 1833; x_wconf 78' lang='grc' dir='ltr'>δὲ</span> <span class='ocrx_word' id='word_1_116' title='bbox 2698 1751 2828 1834; x_wconf 82' lang='grc' dir='ltr'>τὸν</span> <span class='ocrx_word' id='word_1_117' title='bbox 2866 1752 3068 1833; x_wconf 82' lang='grc' dir='ltr'>Θεὸν</span> 
     </span>
     <span class='ocr_line' id='line_1_13' title="bbox 654 1875 3067 1986; baseline 0.001 -32"><span class='ocrx_word' id='word_1_118' title='bbox 654 1935 701 1973; x_wconf 87' lang='grc'>,,</span> <span class='ocrx_word' id='word_1_119' title='bbox 735 1878 854 1954; x_wconf 81' lang='grc' dir='ltr'>καὶ</span> <span class='ocrx_word' id='word_1_120' title='bbox 910 1876 1203 1980; x_wconf 79' lang='grc' dir='ltr'>Πατέρα</span> <span class='ocrx_word' id='word_1_121' title='bbox 1256 1887 1483 1958; x_wconf 83' lang='grc' dir='ltr'>ταῦτα</span> <span class='ocrx_word' id='word_1_122' title='bbox 1536 1875 1806 1958; x_wconf 84' lang='grc' dir='ltr'>διδόναι</span> <span class='ocrx_word' id='word_1_123' title='bbox 1862 1877 2120 1986; x_wconf 82' lang='grc' dir='ltr'>φαμὲν,</span> <span class='ocrx_word' id='word_1_124' title='bbox 2176 1880 2350 1959; x_wconf 89' lang='grc' dir='ltr'>ποία</span> <span class='ocrx_word' id='word_1_125' title='bbox 2417 1875 2677 1957; x_wconf 75' lang='grc' dir='ltr'>λοιπὸν</span> <span class='ocrx_word' id='word_1_126' title='bbox 2736 1877 3067 1957; x_wconf 84' lang='grc' dir='ltr'>ἐντεῦθεν</span> 
     </span>
     <span class='ocr_line' id='line_1_14' title="bbox 655 1999 2404 2109; baseline 0.006 -33"><span class='ocrx_word' id='word_1_127' title='bbox 655 2057 703 2109; x_wconf 72' lang='lat'>2⁹</span> <span class='ocrx_word' id='word_1_128' title='bbox 740 1999 902 2096; x_wconf 82' lang='grc' dir='ltr'>ὑμῖν</span> <span class='ocrx_word' id='word_1_129' title='bbox 940 2000 984 2098; x_wconf 83' lang='grc' dir='ltr'><strong><em>ἡ</em></strong></span> <span class='ocrx_word' id='word_1_130' title='bbox 1020 2004 1149 2098; x_wconf 79' lang='grc' dir='ltr'>τῆς</span> <span class='ocrx_word' id='word_1_131' title='bbox 1185 1999 1418 2102; x_wconf 73' lang='grc' dir='ltr'>λύπης</span> <span class='ocrx_word' id='word_1_132' title='bbox 1454 2005 1910 2103; x_wconf 84' lang='grc' dir='ltr'>ἀναφανεῖσα</span> <span class='ocrx_word' id='word_1_133' title='bbox 1944 2000 2319 2106; x_wconf 86' lang='grc' dir='ltr'>πρόφασις</span> <span class='ocrx_word' id='word_1_134' title='bbox 2344 2002 2404 2096; x_wconf 81' lang='grc'>;”</span> 
     </span>
    </p>

    <p class='ocr_par' dir='ltr' id='par_1_6' title="bbox 654 2120 3161 2475">
     <span class='ocr_line' id='line_1_15' title="bbox 770 2120 3063 2224; baseline 0 -23"><span class='ocrx_word' id='word_1_135' title='bbox 770 2123 1057 2203; x_wconf 83' lang='grc' dir='ltr'>Οὐκοῦν</span> <span class='ocrx_word' id='word_1_136' title='bbox 1103 2129 1162 2203; x_wconf 80' lang='grc' dir='ltr'>εἰ</span> <span class='ocrx_word' id='word_1_137' title='bbox 1216 2123 1435 2224; x_wconf 77' lang='grc' dir='ltr'>μηδὲν</span> <span class='ocrx_word' id='word_1_138' title='bbox 1482 2125 1850 2224; x_wconf 79' lang='grc' dir='ltr'>ἀδικήσειν</span> <span class='ocrx_word' id='word_1_139' title='bbox 1896 2125 2136 2205; x_wconf 82' lang='grc' dir='ltr'>οἴεσθε</span> <span class='ocrx_word' id='word_1_140' title='bbox 2189 2125 2318 2206; x_wconf 81' lang='grc' dir='ltr'>τὸν</span> <span class='ocrx_word' id='word_1_141' title='bbox 2352 2123 2534 2204; x_wconf 77' lang='grc' dir='ltr'>Υὶὸν</span> <span class='ocrx_word' id='word_1_142' title='bbox 2586 2129 2682 2209; x_wconf 78' lang='grc' dir='ltr'>εἷς</span> <span class='ocrx_word' id='word_1_143' title='bbox 2737 2122 2823 2204; x_wconf 81' lang='grc' dir='ltr'>τὸ</span> <span class='ocrx_word' id='word_1_144' title='bbox 2880 2120 3063 2203; x_wconf 81' lang='grc' dir='ltr'>εἶναι</span> 
     </span>
     <span class='ocr_line' id='line_1_16' title="bbox 654 2243 3161 2356; baseline -0 -31"><span class='ocrx_word' id='word_1_145' title='bbox 654 2243 837 2325; x_wconf 79' lang='grc' dir='ltr'>κατὰ</span> <span class='ocrx_word' id='word_1_146' title='bbox 897 2245 1125 2352; x_wconf 86' lang='grc' dir='ltr'>φύσιν</span> <span class='ocrx_word' id='word_1_147' title='bbox 1178 2247 1517 2348; x_wconf 79' lang='grc' dir='ltr'>ἀνόμοιον</span> <span class='ocrx_word' id='word_1_148' title='bbox 1576 2251 1681 2356; x_wconf 72' lang='grc' dir='ltr'>τῷ</span> <span class='ocrx_word' id='word_1_149' title='bbox 1746 2246 2199 2350; x_wconf 86' lang='grc' dir='ltr'>γεννήσαντι,</span> <span class='ocrx_word' id='word_1_150' title='bbox 2256 2246 2389 2328; x_wconf 78' lang='grc' dir='ltr'>κᾶν</span> <span class='ocrx_word' id='word_1_151' title='bbox 2451 2249 2931 2353; x_wconf 78' lang='grc' dir='ltr'>χορηγεῖσθαί</span> <span class='ocrx_word' id='word_1_152' title='bbox 2988 2280 3061 2325; x_wconf 88' lang='grc' dir='ltr'>τι</span> <span class='ocrx_word' id='word_1_153' title='bbox 3098 2279 3161 2339; x_wconf 83' lang='grc' dir='ltr'>ι5</span> 
     </span>
     <span class='ocr_line' id='line_1_17' title="bbox 654 2366 3063 2475; baseline 0.001 -28"><span class='ocrx_word' id='word_1_154' title='bbox 654 2366 940 2469; x_wconf 75' lang='grc' dir='ltr'>λέγεται</span> <span class='ocrx_word' id='word_1_155' title='bbox 1008 2373 1174 2474; x_wconf 85' lang='grc' dir='ltr'>παρ’</span> <span class='ocrx_word' id='word_1_156' title='bbox 1243 2373 1488 2470; x_wconf 79' lang='grc' dir='ltr'>αὐτοῦ,</span> <span class='ocrx_word' id='word_1_157' title='bbox 1559 2380 1705 2452; x_wconf 80' lang='grc' dir='ltr'>τῶν</span> <span class='ocrx_word' id='word_1_158' title='bbox 1777 2371 1978 2469; x_wconf 89' lang='grc' dir='ltr'>νέων,</span> <span class='ocrx_word' id='word_1_159' title='bbox 2049 2369 2108 2451; x_wconf 82' lang='grc' dir='ltr'><em>ὦ</em></span> <span class='ocrx_word' id='word_1_160' title='bbox 2181 2373 2536 2475; x_wconf 75' lang='grc' dir='ltr'>ἄνθρωπε,</span> <span class='ocrx_word' id='word_1_161' title='bbox 2607 2370 3063 2469; x_wconf 87' lang='grc' dir='ltr'>διαμέμνησο</span> 
     </span>
    </p>

    <p class='ocr_par' dir='ltr' id='par_1_7' title="bbox 322 2489 3164 3340">
     <span class='ocr_line' id='line_1_18' title="bbox 322 2489 3063 2598; baseline 0.004 -36"><span class='ocrx_word' id='word_1_162' title='bbox 322 2508 458 2564; x_wconf 75' lang='grc'>524</span> <span class='ocrx_word' id='word_1_163' title='bbox 473 2507 552 2564; x_wconf 79' lang='grc' dir='ltr'><strong>Δ.</strong></span> <span class='ocrx_word' id='word_1_164' title='bbox 598 2523 634 2563; x_wconf 78' lang='lat' dir='ltr'><strong>a</strong></span> <span class='ocrx_word' id='word_1_165' title='bbox 655 2489 923 2593; x_wconf 87' lang='grc' dir='ltr'>λόγων,</span> <span class='ocrx_word' id='word_1_166' title='bbox 968 2496 1084 2572; x_wconf 80' lang='grc' dir='ltr'>καὶ</span> <span class='ocrx_word' id='word_1_167' title='bbox 1120 2496 1504 2576; x_wconf 81' lang='grc' dir='ltr'>ἀναπείθου</span> <span class='ocrx_word' id='word_1_168' title='bbox 1542 2494 1658 2575; x_wconf 79' lang='grc' dir='ltr'>διὰ</span> <span class='ocrx_word' id='word_1_169' title='bbox 1703 2495 1958 2577; x_wconf 84' lang='grc' dir='ltr'>τούτου</span> <span class='ocrx_word' id='word_1_170' title='bbox 2009 2493 2110 2596; x_wconf 85' lang='grc' dir='ltr'>μὴ</span> <span class='ocrx_word' id='word_1_171' title='bbox 2161 2493 2793 2598; x_wconf 76' lang='grc' dir='ltr'>σκανδαλίζεσθαι·</span> <span class='ocrx_word' id='word_1_172' title='bbox 2859 2495 3063 2574; x_wconf 85' lang='grc' dir='ltr'>δίδου</span> 
     </span>
     <span class='ocr_line' id='line_1_19' title="bbox 654 2614 3062 2727; baseline 0.001 -33"><span class='ocrx_word' id='word_1_173' title='bbox 654 2614 731 2695; x_wconf 81' lang='grc' dir='ltr'>δὲ</span> <span class='ocrx_word' id='word_1_174' title='bbox 768 2618 961 2724; x_wconf 77' lang='grc' dir='ltr'>αὐτῷ</span> <span class='ocrx_word' id='word_1_175' title='bbox 995 2618 1079 2698; x_wconf 84' lang='grc' dir='ltr'>τὸ</span> <span class='ocrx_word' id='word_1_176' title='bbox 1119 2620 1195 2698; x_wconf 85' lang='grc' dir='ltr'>ἐν</span> <span class='ocrx_word' id='word_1_177' title='bbox 1233 2619 1420 2704; x_wconf 81' lang='grc' dir='ltr'>ἴσοις</span> <span class='ocrx_word' id='word_1_178' title='bbox 1459 2620 1804 2724; x_wconf 79' lang='grc' dir='ltr'>ὑπάρχειν</span> <span class='ocrx_word' id='word_1_179' title='bbox 1840 2618 2023 2700; x_wconf 81' lang='grc' dir='ltr'>κατὰ</span> <span class='ocrx_word' id='word_1_180' title='bbox 2055 2618 2295 2700; x_wconf 83' lang='grc' dir='ltr'>πάντα</span> <span class='ocrx_word' id='word_1_181' title='bbox 2329 2625 2433 2727; x_wconf 72' lang='grc' dir='ltr'>τῷ</span> <span class='ocrx_word' id='word_1_182' title='bbox 2470 2621 2623 2725; x_wconf 75' lang='grc' dir='ltr'>ἰδίῳ</span> <span class='ocrx_word' id='word_1_183' title='bbox 2659 2615 3062 2719; x_wconf 86' lang='grc' dir='ltr'>γεννήτορι,</span> 
     </span>
     <span class='ocr_line' id='line_1_20' title="bbox 653 2739 3080 2846; baseline -0 -26"><span class='ocrx_word' id='word_1_184' title='bbox 653 2742 771 2820; x_wconf 81' lang='grc' dir='ltr'>καὶ</span> <span class='ocrx_word' id='word_1_185' title='bbox 805 2739 985 2820; x_wconf 80' lang='grc' dir='ltr'>κατὰ</span> <span class='ocrx_word' id='word_1_186' title='bbox 1036 2742 1305 2842; x_wconf 79' lang='grc' dir='ltr'>μηδένα</span> <span class='ocrx_word' id='word_1_187' title='bbox 1346 2749 1724 2827; x_wconf 79' lang='grc' dir='ltr'>παντελῶς</span> <span class='ocrx_word' id='word_1_188' title='bbox 1762 2744 2117 2842; x_wconf 80' lang='grc' dir='ltr'>ἡττᾶσθαι</span> <span class='ocrx_word' id='word_1_189' title='bbox 2151 2743 2423 2846; x_wconf 87' lang='grc' dir='ltr'>τρόπον</span> <span class='ocrx_word' id='word_1_190' title='bbox 2458 2741 2505 2843; x_wconf 86' lang='grc' dir='ltr'>ἢ</span> <span class='ocrx_word' id='word_1_191' title='bbox 2545 2742 2793 2841; x_wconf 90' lang='grc' dir='ltr'>λόγον.</span> <span class='ocrx_word' id='word_1_192' title='bbox 2877 2747 2942 2819; x_wconf 79' lang='grc' dir='ltr'>εὶ</span> <span class='ocrx_word' id='word_1_193' title='bbox 2981 2743 3080 2820; x_wconf 77' lang='grc' dir='ltr'>δέ</span> 
     </span>
     <span class='ocr_line' id='line_1_21' title="bbox 652 2864 3164 2974; baseline -0 -31"><span class='ocrx_word' id='word_1_194' title='bbox 652 2898 742 2943; x_wconf 91' lang='grc' dir='ltr'>σε</span> <span class='ocrx_word' id='word_1_195' title='bbox 777 2873 989 2945; x_wconf 84' lang='grc' dir='ltr'>τοῦτο</span> <span class='ocrx_word' id='word_1_196' title='bbox 1036 2872 1182 2946; x_wconf 80' lang='grc' dir='ltr'>τῶν</span> <span class='ocrx_word' id='word_1_197' title='bbox 1218 2870 1345 2963; x_wconf 82' lang='grc' dir='ltr'>τῆς</span> <span class='ocrx_word' id='word_1_198' title='bbox 1395 2866 1784 2968; x_wconf 88' lang='grc' dir='ltr'>ὀρθότητος</span> <span class='ocrx_word' id='word_1_199' title='bbox 1834 2864 2114 2974; x_wconf 77' lang='grc' dir='ltr'>ἐξέλκει</span> <span class='ocrx_word' id='word_1_200' title='bbox 2165 2873 2568 2968; x_wconf 78' lang='grc' dir='ltr'>λογισμῶν,</span> <span class='ocrx_word' id='word_1_201' title='bbox 2608 2870 2724 2944; x_wconf 86' lang='grc' dir='ltr'>καὶ</span> <span class='ocrx_word' id='word_1_202' title='bbox 2763 2869 3064 2969; x_wconf 85' lang='grc' dir='ltr'>φρονεῖν</span> <span class='ocrx_word' id='word_1_203' title='bbox 3094 2903 3164 2943; x_wconf 77' lang='lat'>20</span> 
     </span>
     <span class='ocr_line' id='line_1_22' title="bbox 650 2984 3062 3093; baseline 0 -27"><span class='ocrx_word' id='word_1_204' title='bbox 650 2984 700 3066; x_wconf 81' lang='grc' dir='ltr'>ἃ</span> <span class='ocrx_word' id='word_1_205' title='bbox 749 2988 850 3088; x_wconf 85' lang='grc' dir='ltr'>μὴ</span> <span class='ocrx_word' id='word_1_206' title='bbox 905 2990 1104 3087; x_wconf 87' lang='grc' dir='ltr'>θέμις</span> <span class='ocrx_word' id='word_1_207' title='bbox 1152 2991 1510 3070; x_wconf 83' lang='grc' dir='ltr'>ἀναπείθει</span> <span class='ocrx_word' id='word_1_208' title='bbox 1560 2994 1723 3093; x_wconf 85' lang='grc' dir='ltr'>περὶ</span> <span class='ocrx_word' id='word_1_209' title='bbox 1774 2992 2013 3089; x_wconf 81' lang='grc' dir='ltr'>αὐτοῦ,</span> <span class='ocrx_word' id='word_1_210' title='bbox 2051 2991 2128 3069; x_wconf 88' lang='grc' dir='ltr'>τί</span> <span class='ocrx_word' id='word_1_211' title='bbox 2170 2989 2406 3089; x_wconf 82' lang='grc' dir='ltr'>μάτην</span> <span class='ocrx_word' id='word_1_212' title='bbox 2442 2990 2625 3088; x_wconf 83' lang='grc' dir='ltr'>ἡμᾶς</span> <span class='ocrx_word' id='word_1_213' title='bbox 2659 2994 2805 3070; x_wconf 89' lang='grc' dir='ltr'>τοῖς</span> <span class='ocrx_word' id='word_1_214' title='bbox 2862 2989 3062 3066; x_wconf 82' lang='grc' dir='ltr'>οὕτω</span> 
     </span>
     <span class='ocr_line' id='line_1_23' title="bbox 650 3109 3062 3219; baseline 0.002 -29"><span class='ocrx_word' id='word_1_215' title='bbox 650 3120 952 3215; x_wconf 85' lang='grc' dir='ltr'>σαθροῖς</span> <span class='ocrx_word' id='word_1_216' title='bbox 987 3113 1600 3218; x_wconf 78' lang='grc' dir='ltr'>κατασοφίζεσθαι</span> <span class='ocrx_word' id='word_1_217' title='bbox 1639 3111 1886 3215; x_wconf 91' lang='grc' dir='ltr'>λόγοις</span> <span class='ocrx_word' id='word_1_218' title='bbox 1922 3116 2333 3219; x_wconf 83' lang='grc' dir='ltr'>ἐπιχειρεῖς;</span> <span class='ocrx_word' id='word_1_219' title='bbox 2397 3113 2645 3192; x_wconf 83' lang='grc' dir='ltr'>διοίσει</span> <span class='ocrx_word' id='word_1_220' title='bbox 2682 3110 2826 3212; x_wconf 82' lang='grc' dir='ltr'>γὰρ</span> <span class='ocrx_word' id='word_1_221' title='bbox 2862 3109 3062 3194; x_wconf 80' lang='grc' dir='ltr'>ὅλως·</span> 
     </span>
     <span class='ocr_line' id='line_1_24' title="bbox 653 3233 3057 3340; baseline -0 -25"><span class='ocrx_word' id='word_1_222' title='bbox 653 3233 859 3315; x_wconf 83' lang='grc' dir='ltr'>οὐδὲν</span> <span class='ocrx_word' id='word_1_223' title='bbox 913 3234 1046 3314; x_wconf 81' lang='grc' dir='ltr'>κᾶν</span> <span class='ocrx_word' id='word_1_224' title='bbox 1102 3234 1315 3320; x_wconf 78' lang='grc' dir='ltr'>αὐτὸς</span> <span class='ocrx_word' id='word_1_225' title='bbox 1370 3238 1410 3315; x_wconf 84' lang='grc' dir='ltr'><em>ὃ</em></span> <span class='ocrx_word' id='word_1_226' title='bbox 1468 3234 1655 3321; x_wconf 81' lang='grc' dir='ltr'>Θεὸς</span> <span class='ocrx_word' id='word_1_227' title='bbox 1713 3240 1831 3317; x_wconf 80' lang='grc' dir='ltr'>καὶ</span> <span class='ocrx_word' id='word_1_228' title='bbox 1890 3236 2168 3340; x_wconf 85' lang='grc' dir='ltr'>Πατὴρ,</span> <span class='ocrx_word' id='word_1_229' title='bbox 2227 3236 2364 3316; x_wconf 79' lang='grc' dir='ltr'>κᾶν</span> <span class='ocrx_word' id='word_1_230' title='bbox 2418 3236 2652 3340; x_wconf 80' lang='grc' dir='ltr'>ἕτερός</span> <span class='ocrx_word' id='word_1_231' title='bbox 2714 3269 2821 3317; x_wconf 89' lang='grc' dir='ltr'>τις</span> <span class='ocrx_word' id='word_1_232' title='bbox 2878 3235 3057 3337; x_wconf 87' lang='grc' dir='ltr'>παρ’</span> 
     </span>
    </p>

    <p class='ocr_par' dir='ltr' id='par_1_8' title="bbox 586 3355 3169 3839">
     <span class='ocr_line' id='line_1_25' title="bbox 586 3355 3063 3469; baseline 0 -33"><span class='ocrx_word' id='word_1_233' title='bbox 586 3372 631 3436; x_wconf 93' lang='lat' dir='ltr'>b</span> <span class='ocrx_word' id='word_1_234' title='bbox 655 3360 918 3438; x_wconf 82' lang='grc' dir='ltr'>ἐκεῖνον</span> <span class='ocrx_word' id='word_1_235' title='bbox 964 3355 1233 3437; x_wconf 90' lang='grc' dir='ltr'>διδόναι</span> <span class='ocrx_word' id='word_1_236' title='bbox 1281 3392 1352 3438; x_wconf 88' lang='grc' dir='ltr'>τι</span> <span class='ocrx_word' id='word_1_237' title='bbox 1405 3359 1693 3461; x_wconf 88' lang='grc' dir='ltr'>λέγεται</span> <span class='ocrx_word' id='word_1_238' title='bbox 1745 3366 1849 3469; x_wconf 73' lang='grc' dir='ltr'>τῷ</span> <span class='ocrx_word' id='word_1_239' title='bbox 1881 3365 2058 3469; x_wconf 75' lang='grc' dir='ltr'><strong>Υἱῷ.</strong></span> <span class='ocrx_word' id='word_1_240' title='bbox 2141 3363 2255 3442; x_wconf 81' lang='grc' dir='ltr'>ἐπὶ</span> <span class='ocrx_word' id='word_1_241' title='bbox 2311 3359 2457 3462; x_wconf 82' lang='grc' dir='ltr'>γὰρ</span> <span class='ocrx_word' id='word_1_242' title='bbox 2509 3365 2614 3466; x_wconf 76' lang='grc' dir='ltr'>τῷ</span> <span class='ocrx_word' id='word_1_243' title='bbox 2668 3392 2738 3438; x_wconf 95' lang='grc' dir='ltr'>τι</span> <span class='ocrx_word' id='word_1_244' title='bbox 2794 3364 3063 3452; x_wconf 86' lang='grc' dir='ltr'>λαβεῖν</span> 
     </span>
     <span class='ocr_line' id='line_1_26' title="bbox 650 3480 3169 3590; baseline -0.001 -28"><span class='ocrx_word' id='word_1_245' title='bbox 650 3481 861 3590; x_wconf 81' lang='grc' dir='ltr'>ἅπαξ</span> <span class='ocrx_word' id='word_1_246' title='bbox 909 3482 1541 3587; x_wconf 83' lang='grc' dir='ltr'>κατηγορούμενος,</span> <span class='ocrx_word' id='word_1_247' title='bbox 1591 3486 1808 3565; x_wconf 91' lang='grc' dir='ltr'>ποίαν</span> <span class='ocrx_word' id='word_1_248' title='bbox 1863 3483 1954 3564; x_wconf 81' lang='grc' dir='ltr'>ἂν</span> <span class='ocrx_word' id='word_1_249' title='bbox 2006 3483 2135 3590; x_wconf 77' lang='grc' dir='ltr'>ἔχῃ</span> <span class='ocrx_word' id='word_1_250' title='bbox 2192 3483 2324 3584; x_wconf 85' lang='grc' dir='ltr'>τὴν</span> <span class='ocrx_word' id='word_1_251' title='bbox 2379 3484 2655 3583; x_wconf 82' lang='grc' dir='ltr'>ὄνησιν,</span> <span class='ocrx_word' id='word_1_252' title='bbox 2700 3480 2835 3562; x_wconf 80' lang='grc' dir='ltr'>κᾶν</span> <span class='ocrx_word' id='word_1_253' title='bbox 2882 3482 3061 3562; x_wconf 87' lang='grc' dir='ltr'>λίαν</span> <span class='ocrx_word' id='word_1_254' title='bbox 3092 3513 3169 3573; x_wconf 83' lang='lat'>25</span> 
     </span>
     <span class='ocr_line' id='line_1_27' title="bbox 653 3604 3077 3713; baseline 0.001 -29"><span class='ocrx_word' id='word_1_255' title='bbox 653 3605 960 3710; x_wconf 79' lang='grc' dir='ltr'>ὑπάρχοι</span> <span class='ocrx_word' id='word_1_256' title='bbox 1011 3605 1396 3713; x_wconf 81' lang='grc' dir='ltr'>περιφανὲς</span> <span class='ocrx_word' id='word_1_257' title='bbox 1433 3614 1562 3686; x_wconf 85' lang='grc' dir='ltr'>τοῦ</span> <span class='ocrx_word' id='word_1_258' title='bbox 1597 3607 1912 3693; x_wconf 90' lang='grc' dir='ltr'>διδόντος</span> <span class='ocrx_word' id='word_1_259' title='bbox 1949 3605 2035 3689; x_wconf 77' lang='grc' dir='ltr'>τὸ</span> <span class='ocrx_word' id='word_1_260' title='bbox 2070 3608 2518 3712; x_wconf 86' lang='grc' dir='ltr'>πρόσωπον;</span> <span class='ocrx_word' id='word_1_261' title='bbox 2580 3605 2659 3685; x_wconf 91' lang='grc' dir='ltr'>τί</span> <span class='ocrx_word' id='word_1_262' title='bbox 2705 3604 2848 3709; x_wconf 80' lang='grc' dir='ltr'>γὰρ</span> <span class='ocrx_word' id='word_1_263' title='bbox 2901 3606 3077 3686; x_wconf 78' lang='grc' dir='ltr'>εἰπέ</span> 
     </span>
     <span class='ocr_line' id='line_1_28' title="bbox 650 3729 3061 3839; baseline -0 -30"><span class='ocrx_word' id='word_1_264' title='bbox 650 3763 773 3827; x_wconf 87' lang='grc' dir='ltr'>μοι</span> <span class='ocrx_word' id='word_1_265' title='bbox 847 3732 1094 3810; x_wconf 90' lang='grc' dir='ltr'>διοίσει</span> <span class='ocrx_word' id='word_1_266' title='bbox 1166 3736 1271 3838; x_wconf 73' lang='grc' dir='ltr'>τῷ</span> <span class='ocrx_word' id='word_1_267' title='bbox 1344 3730 1430 3810; x_wconf 82' lang='grc' dir='ltr'>τὸ</span> <span class='ocrx_word' id='word_1_268' title='bbox 1502 3729 1960 3831; x_wconf 86' lang='grc' dir='ltr'>πλήττεσθαι</span> <span class='ocrx_word' id='word_1_269' title='bbox 2033 3731 2576 3839; x_wconf 77' lang='grc' dir='ltr'>παραιτουμένῳ</span> <span class='ocrx_word' id='word_1_270' title='bbox 2639 3730 2723 3810; x_wconf 84' lang='grc' dir='ltr'>τὸ</span> <span class='ocrx_word' id='word_1_271' title='bbox 2791 3730 3061 3836; x_wconf 82' lang='grc' dir='ltr'>ξυλίνῃ</span> 
     </span>
    </p>
   </div>
   <div class='ocr_carea' id='block_1_3' title="bbox 328 595 409 629">
    <p class='ocr_par' dir='ltr' id='par_1_9' title="bbox 328 595 409 629">
     <span class='ocr_line' id='line_1_29' title="bbox 328 595 409 629; baseline 0.012 -1"><span class='ocrx_word' id='word_1_272' title='bbox 328 595 409 629; x_wconf 74' lang='lat'>20.</span> 
     </span>
    </p>
   </div>
   <div class='ocr_carea' id='block_1_4' title="bbox 646 4022 3063 4592">
    <p class='ocr_par' dir='ltr' id='par_1_10' title="bbox 646 4022 3060 4309">
     <span class='ocr_line' id='line_1_30' title="bbox 727 4022 3060 4098; baseline -0.001 -19"><span class='ocrx_word' id='word_1_273' title='bbox 727 4039 772 4079; x_wconf 84' lang='lat'>1.</span> <span class='ocrx_word' id='word_1_274' title='bbox 810 4022 1004 4094; x_wconf 83' lang='grc' dir='ltr'>Δανιῆλ</span> <span class='ocrx_word' id='word_1_275' title='bbox 1032 4023 1097 4080; x_wconf 99' lang='grc' dir='ltr'>Β.</span> <span class='ocrx_word' id='word_1_276' title='bbox 1123 4024 1305 4081; x_wconf 74' lang='lat' dir='ltr'><strong>Holet.</strong></span> <span class='ocrx_word' id='word_1_277' title='bbox 1329 4025 1578 4096; x_wconf 74' lang='grc' dir='ltr'>Ἱερεμίας</span> <span class='ocrx_word' id='word_1_278' title='bbox 1600 4027 1827 4082; x_wconf 77' lang='lat' dir='ltr'><strong>correxit</strong></span> <span class='ocrx_word' id='word_1_279' title='bbox 1849 4036 1913 4082; x_wconf 87' lang='lat' dir='ltr'>ut</span> <span class='ocrx_word' id='word_1_280' title='bbox 1936 4026 2156 4083; x_wconf 76' lang='lat' dir='ltr'><strong>adnotat</strong></span> <span class='ocrx_word' id='word_1_281' title='bbox 2177 4027 2294 4098; x_wconf 73' lang='lat' dir='ltr'><strong>ipae</strong></span> <span class='ocrx_word' id='word_1_282' title='bbox 2317 4026 2463 4082; x_wconf 87' lang='lat' dir='ltr'>Aub.</span> <span class='ocrx_word' id='word_1_283' title='bbox 2744 4041 2810 4080; x_wconf 87' lang='lat'>1-</span> <span class='ocrx_word' id='word_1_284' title='bbox 2849 4064 2862 4077; x_wconf 92' lang='lat'><strong>.</strong></span> <span class='ocrx_word' id='word_1_285' title='bbox 2900 4022 3060 4093; x_wconf 76' lang='grc' dir='ltr'>εἴη-</span> 
     </span>
     <span class='ocr_line' id='line_1_31' title="bbox 650 4041 3058 4181; baseline 0 -32"><span class='ocrx_word' id='word_1_286' title='bbox 650 4095 798 4150; x_wconf 62' lang='grc' dir='ltr'>ἔστιν</span> <span class='ocrx_word' id='word_1_287' title='bbox 820 4103 1099 4165; x_wconf 75' lang='lat' dir='ltr'><strong>assumpta</strong></span> <span class='ocrx_word' id='word_1_288' title='bbox 1122 4113 1187 4149; x_wconf 83' lang='lat' dir='ltr'>ex</span> <span class='ocrx_word' id='word_1_289' title='bbox 1215 4095 1282 4151; x_wconf 88' lang='lat' dir='ltr'>B.</span> <span class='ocrx_word' id='word_1_290' title='bbox 1423 4113 1476 4165; x_wconf 86' lang='lat'>5.</span> <span class='ocrx_word' id='word_1_291' title='bbox 1513 4100 1742 4168; x_wconf 83' lang='grc' dir='ltr'>γλωσσα</span> <span class='ocrx_word' id='word_1_292' title='bbox 1812 4095 1891 4155; x_wconf 85' lang='grc' dir='ltr'>ίας</span> <span class='ocrx_word' id='word_1_293' title='bbox 1916 4098 1983 4153; x_wconf 91' lang='grc' dir='ltr'>Β.</span> <span class='ocrx_word' id='word_1_294' title='bbox 2007 4100 2388 4181; x_wconf 82' lang='grc' dir='ltr'>γλωσσαλγίας</span> <span class='ocrx_word' id='word_1_295' title='bbox 2415 4097 2512 4153; x_wconf 84' lang='lat' dir='ltr'>Ht.</span> <span class='ocrx_word' id='word_1_296' title='bbox 2541 4095 2645 4151; x_wconf 83' lang='lat' dir='ltr'>Ed.</span> <span class='ocrx_word' id='word_1_297' title='bbox 2794 4041 2849 4150; x_wconf 58' lang='grc' dir='ltr'><em>ξ</em></span> <span class='ocrx_word' id='word_1_298' title='bbox 2885 4117 3058 4167; x_wconf 81' lang='grc' dir='ltr'>χορη-</span> 
     </span>
     <span class='ocr_line' id='line_1_32' title="bbox 646 4121 3057 4238; baseline 0 -17"><span class='ocrx_word' id='word_1_299' title='bbox 646 4164 883 4238; x_wconf 87' lang='grc' dir='ltr'>γεῖσθαι]</span> <span class='ocrx_word' id='word_1_300' title='bbox 917 4173 975 4231; x_wconf 71' lang='grc' dir='ltr'>-Ι-</span> <span class='ocrx_word' id='word_1_301' title='bbox 1005 4170 1078 4220; x_wconf 72' lang='grc' dir='ltr'>τῶ</span> <span class='ocrx_word' id='word_1_302' title='bbox 1102 4167 1195 4238; x_wconf 77' lang='grc' dir='ltr'>υἱῷ</span> <span class='ocrx_word' id='word_1_303' title='bbox 1220 4165 1363 4221; x_wconf 85' lang='lat' dir='ltr'>Aub.</span> <span class='ocrx_word' id='word_1_304' title='bbox 1685 4121 1811 4238; x_wconf 60' lang='grc' dir='ltr'>8ρέ</span> <span class='ocrx_word' id='word_1_305' title='bbox 1829 4170 1890 4222; x_wconf 75' lang='grc' dir='ltr'>τὸ</span> <span class='ocrx_word' id='word_1_306' title='bbox 1913 4171 2094 4224; x_wconf 84' lang='grc' dir='ltr'>λεῖπον</span> <span class='ocrx_word' id='word_1_307' title='bbox 2116 4187 2226 4224; x_wconf 87' lang='lat' dir='ltr'>non</span> <span class='ocrx_word' id='word_1_308' title='bbox 2252 4187 2367 4223; x_wconf 74' lang='lat' dir='ltr'>eme</span> <span class='ocrx_word' id='word_1_309' title='bbox 2392 4167 2726 4222; x_wconf 80' lang='lat' dir='ltr'><strong>dubitatione</strong></span> <span class='ocrx_word' id='word_1_310' title='bbox 2748 4165 3057 4222; x_wconf 74' lang='lat' dir='ltr'><strong>emendavi.</strong></span> 
     </span>
     <span class='ocr_line' id='line_1_33' title="bbox 658 4221 3060 4309; baseline 0 -19"><span class='ocrx_word' id='word_1_311' title='bbox 658 4237 925 4292; x_wconf 76' lang='grc' dir='ltr'>’τολεῖπον</span> <span class='ocrx_word' id='word_1_312' title='bbox 949 4236 1013 4290; x_wconf 90' lang='grc' dir='ltr'>Β.</span> <span class='ocrx_word' id='word_1_313' title='bbox 1039 4221 1321 4291; x_wconf 66' lang='grc' dir='ltr'>ὗπολεῖπον</span> <span class='ocrx_word' id='word_1_314' title='bbox 1348 4235 1445 4291; x_wconf 84' lang='lat' dir='ltr'>Ht.</span> <span class='ocrx_word' id='word_1_315' title='bbox 1472 4236 1575 4292; x_wconf 85' lang='lat' dir='ltr'>Ed.</span> <span class='ocrx_word' id='word_1_316' title='bbox 1674 4238 1867 4294; x_wconf 78' lang='lat' dir='ltr'><strong>Statim</strong></span> <span class='ocrx_word' id='word_1_317' title='bbox 1890 4238 2067 4309; x_wconf 78' lang='grc' dir='ltr'>ἕτερον</span> <span class='ocrx_word' id='word_1_318' title='bbox 2088 4240 2283 4293; x_wconf 83' lang='lat' dir='ltr'>iterum</span> <span class='ocrx_word' id='word_1_319' title='bbox 2307 4238 2523 4293; x_wconf 78' lang='lat' dir='ltr'>exhibet</span> <span class='ocrx_word' id='word_1_320' title='bbox 2549 4237 2615 4292; x_wconf 89' lang='lat' dir='ltr'>B.</span> <span class='ocrx_word' id='word_1_321' title='bbox 2808 4253 2891 4307; x_wconf 84' lang='lat'>13.</span> <span class='ocrx_word' id='word_1_322' title='bbox 2930 4235 3060 4305; x_wconf 78' lang='grc' dir='ltr'>ἡμῖν</span> 
     </span>
    </p>

    <p class='ocr_par' dir='ltr' id='par_1_11' title="bbox 648 4306 3063 4592">
     <span class='ocr_line' id='line_1_34' title="bbox 703 4306 3057 4380; baseline -0 -17"><span class='ocrx_word' id='word_1_323' title='bbox 703 4348 716 4363; x_wconf 94' lang='grc'><strong>.</strong></span> <span class='ocrx_word' id='word_1_324' title='bbox 747 4306 843 4362; x_wconf 83' lang='lat' dir='ltr'>Ht.</span> <span class='ocrx_word' id='word_1_325' title='bbox 868 4308 987 4375; x_wconf 81' lang='grc' dir='ltr'>ὑμῖν</span> <span class='ocrx_word' id='word_1_326' title='bbox 1009 4325 1040 4360; x_wconf 81' lang='lat' dir='ltr'><strong>e</strong></span> <span class='ocrx_word' id='word_1_327' title='bbox 1066 4307 1182 4361; x_wconf 83' lang='lat' dir='ltr'>Cat.</span> <span class='ocrx_word' id='word_1_328' title='bbox 1209 4306 1509 4362; x_wconf 83' lang='lat' dir='ltr'>emendavit</span> <span class='ocrx_word' id='word_1_329' title='bbox 1531 4308 1676 4364; x_wconf 85' lang='lat' dir='ltr'><strong>Aub.</strong></span> <span class='ocrx_word' id='word_1_330' title='bbox 1771 4309 2095 4380; x_wconf 71' lang='grc' dir='ltr'>ἀναφανεῖσα</span> <span class='ocrx_word' id='word_1_331' title='bbox 2121 4309 2185 4363; x_wconf 91' lang='grc' dir='ltr'>Β.</span> <span class='ocrx_word' id='word_1_332' title='bbox 2218 4309 2315 4363; x_wconf 82' lang='lat' dir='ltr'>Ht.</span> <span class='ocrx_word' id='word_1_333' title='bbox 2340 4310 2674 4380; x_wconf 80' lang='grc' dir='ltr'>ἀναφανεῖται</span> <span class='ocrx_word' id='word_1_334' title='bbox 2699 4326 2729 4362; x_wconf 83' lang='lat' dir='ltr'>e</span> <span class='ocrx_word' id='word_1_335' title='bbox 2754 4306 2872 4361; x_wconf 82' lang='lat' dir='ltr'>cat.</span> <span class='ocrx_word' id='word_1_336' title='bbox 2901 4307 3057 4362; x_wconf 85' lang='lat' dir='ltr'>Aub.</span> 
     </span>
     <span class='ocr_line' id='line_1_35' title="bbox 653 4376 3058 4450; baseline -0 -17"><span class='ocrx_word' id='word_1_337' title='bbox 653 4394 736 4446; x_wconf 88' lang='lat'>14.</span> <span class='ocrx_word' id='word_1_338' title='bbox 773 4378 1037 4446; x_wconf 76' lang='grc' dir='ltr'>ἀδικήσειν</span> <span class='ocrx_word' id='word_1_339' title='bbox 1060 4376 1234 4432; x_wconf 78' lang='grc' dir='ltr'>οἴεσθε</span> <span class='ocrx_word' id='word_1_340' title='bbox 1262 4378 1325 4433; x_wconf 92' lang='grc' dir='ltr'>Β.</span> <span class='ocrx_word' id='word_1_341' title='bbox 1352 4377 1641 4434; x_wconf 83' lang='grc' dir='ltr'>ἀδικεῖσθαι</span> <span class='ocrx_word' id='word_1_342' title='bbox 1669 4378 1767 4434; x_wconf 88' lang='lat' dir='ltr'>Ht.</span> <span class='ocrx_word' id='word_1_343' title='bbox 1795 4379 1899 4435; x_wconf 88' lang='lat' dir='ltr'>Ed.</span> <span class='ocrx_word' id='word_1_344' title='bbox 2170 4393 2251 4450; x_wconf 84' lang='lat'>17.</span> <span class='ocrx_word' id='word_1_345' title='bbox 2286 4377 2472 4433; x_wconf 76' lang='grc' dir='ltr'>τούτου</span> <span class='ocrx_word' id='word_1_346' title='bbox 2501 4379 2565 4432; x_wconf 90' lang='grc' dir='ltr'>Β.</span> <span class='ocrx_word' id='word_1_347' title='bbox 2591 4377 2788 4432; x_wconf 75' lang='grc' dir='ltr'>τούτων</span> <span class='ocrx_word' id='word_1_348' title='bbox 2815 4378 2915 4431; x_wconf 88' lang='lat' dir='ltr'>Ht.</span> <span class='ocrx_word' id='word_1_349' title='bbox 2944 4377 3058 4434; x_wconf 85' lang='lat' dir='ltr'>Ed.</span> 
     </span>
     <span class='ocr_line' id='line_1_36' title="bbox 648 4446 3061 4520; baseline 0 -17"><span class='ocrx_word' id='word_1_350' title='bbox 648 4466 733 4503; x_wconf 86' lang='lat'>21.</span> <span class='ocrx_word' id='word_1_351' title='bbox 773 4447 1032 4504; x_wconf 77' lang='grc' dir='ltr'>ἀναπείθει</span> <span class='ocrx_word' id='word_1_352' title='bbox 1059 4448 1125 4503; x_wconf 90' lang='grc' dir='ltr'><strong>Β.</strong></span> <span class='ocrx_word' id='word_1_353' title='bbox 1150 4448 1397 4517; x_wconf 83' lang='grc' dir='ltr'>ἀναπείθῃ</span> <span class='ocrx_word' id='word_1_354' title='bbox 1428 4448 1525 4503; x_wconf 88' lang='lat' dir='ltr'>Ht.</span> <span class='ocrx_word' id='word_1_355' title='bbox 1551 4450 1656 4504; x_wconf 89' lang='lat' dir='ltr'>Ed.</span> <span class='ocrx_word' id='word_1_356' title='bbox 1940 4466 2025 4520; x_wconf 84' lang='lat'>23.</span> <span class='ocrx_word' id='word_1_357' title='bbox 2062 4451 2216 4507; x_wconf 74' lang='grc' dir='ltr'>αὐτὸς</span> <span class='ocrx_word' id='word_1_358' title='bbox 2238 4469 2286 4504; x_wconf 85' lang='lat' dir='ltr'>a.</span> <span class='ocrx_word' id='word_1_359' title='bbox 2316 4450 2435 4505; x_wconf 81' lang='lat' dir='ltr'><strong>Cat.</strong></span> <span class='ocrx_word' id='word_1_360' title='bbox 2467 4449 2619 4504; x_wconf 83' lang='lat' dir='ltr'>Harl.</span> <span class='ocrx_word' id='word_1_361' title='bbox 2648 4458 2701 4503; x_wconf 83' lang='lat' dir='ltr'>et</span> <span class='ocrx_word' id='word_1_362' title='bbox 2725 4449 2800 4502; x_wconf 79' lang='lat' dir='ltr'>sic</span> <span class='ocrx_word' id='word_1_363' title='bbox 2826 4446 3061 4518; x_wconf 78' lang='lat' dir='ltr'><strong>conjecit</strong></span> 
     </span>
     <span class='ocr_line' id='line_1_37' title="bbox 649 4518 3063 4592; baseline 0 -18"><span class='ocrx_word' id='word_1_364' title='bbox 649 4519 848 4592; x_wconf 77' lang='lat' dir='ltr'>Heyse.</span> <span class='ocrx_word' id='word_1_365' title='bbox 874 4521 1068 4576; x_wconf 75' lang='grc' dir='ltr'>ταυτῶς</span> <span class='ocrx_word' id='word_1_366' title='bbox 1094 4519 1161 4573; x_wconf 91' lang='grc' dir='ltr'>Β.</span> <span class='ocrx_word' id='word_1_367' title='bbox 1186 4520 1350 4574; x_wconf 60' lang='grc' dir='ltr'>ταῦτ’</span> <span class='ocrx_word' id='word_1_368' title='bbox 1383 4519 1480 4574; x_wconf 85' lang='lat' dir='ltr'>Ht.</span> <span class='ocrx_word' id='word_1_369' title='bbox 1508 4519 1610 4574; x_wconf 89' lang='lat' dir='ltr'>Ed.</span> <span class='ocrx_word' id='word_1_370' title='bbox 1697 4542 1739 4576; x_wconf 83' lang='grc' dir='ltr'>π</span> <span class='ocrx_word' id='word_1_371' title='bbox 1803 4519 1819 4540; x_wconf 78' lang='grc'><em>“</em></span> <span class='ocrx_word' id='word_1_372' title='bbox 1846 4519 2049 4575; x_wconf 78' lang='grc' dir='ltr'>ἐκείνων</span> <span class='ocrx_word' id='word_1_373' title='bbox 2069 4520 2136 4574; x_wconf 91' lang='grc' dir='ltr'>Β.</span> <span class='ocrx_word' id='word_1_374' title='bbox 2157 4520 2460 4575; x_wconf 76' lang='lat' dir='ltr'><strong>emendavit</strong></span> <span class='ocrx_word' id='word_1_375' title='bbox 2487 4519 2584 4574; x_wconf 87' lang='lat' dir='ltr'>Ht.</span> <span class='ocrx_word' id='word_1_376' title='bbox 2730 4536 2817 4585; x_wconf 84' lang='lat'>24.</span> <span class='ocrx_word' id='word_1_377' title='bbox 2855 4518 3063 4574; x_wconf 71' lang='grc' dir='ltr'>διδόναι</span> 
     </span>
    </p>
   </div>
   <div class='ocr_carea' id='block_1_5' title="bbox 643 4590 2841 4665">
    <p class='ocr_par' dir='ltr' id='par_1_12' title="bbox 643 4590 2841 4665">
     <span class='ocr_line' id='line_1_38' title="bbox 643 4590 2841 4665; baseline -0.002 -18"><span class='ocrx_word' id='word_1_378' title='bbox 643 4592 855 4665; x_wconf 79' lang='grc' dir='ltr'>λέγοιτο</span> <span class='ocrx_word' id='word_1_379' title='bbox 879 4609 927 4646; x_wconf 76' lang='lat' dir='ltr'>a.</span> <span class='ocrx_word' id='word_1_380' title='bbox 1072 4604 1159 4662; x_wconf 76' lang='lat'>25.</span> <span class='ocrx_word' id='word_1_381' title='bbox 1197 4590 1306 4662; x_wconf 72' lang='grc' dir='ltr'>ἔχει</span> <span class='ocrx_word' id='word_1_382' title='bbox 1385 4630 1400 4645; x_wconf 92' lang='grc'><strong>.</strong></span> <span class='ocrx_word' id='word_1_383' title='bbox 1423 4590 1728 4646; x_wconf 77' lang='lat' dir='ltr'><strong>emendavit</strong></span> <span class='ocrx_word' id='word_1_384' title='bbox 1813 4600 1854 4648; x_wconf 85' lang='lat' dir='ltr'>t.</span> <span class='ocrx_word' id='word_1_385' title='bbox 1879 4592 1989 4664; x_wconf 72' lang='grc' dir='ltr'>ἔχει</span> <span class='ocrx_word' id='word_1_386' title='bbox 2014 4592 2130 4647; x_wconf 73' lang='lat' dir='ltr'>sine</span> <span class='ocrx_word' id='word_1_387' title='bbox 2154 4591 2218 4646; x_wconf 72' lang='grc' dir='ltr'>ἂν</span> <span class='ocrx_word' id='word_1_388' title='bbox 2239 4609 2289 4646; x_wconf 78' lang='lat' dir='ltr'>a.</span> <span class='ocrx_word' id='word_1_389' title='bbox 2436 4592 2522 4645; x_wconf 76' lang='lat'>26.</span> <span class='ocrx_word' id='word_1_390' title='bbox 2561 4590 2768 4661; x_wconf 78' lang='grc' dir='ltr'>ὑπάρχῃ</span> <span class='ocrx_word' id='word_1_391' title='bbox 2792 4607 2841 4643; x_wconf 81' lang='lat' dir='ltr'>a.</span> 
     </span>
    </p>
   </div>
  </div>
 </body>
</html>
