3238 5158
250 319 384 383 xiii.
413 339 517 406 33.
829 321 937 385 IN
997 321 1067 386 S.
1113 320 1631 388 JOANNEM.
1723 325 1919 390 LIB.
1966 326 2086 392 IX.
2524 321 2649 388 381

252 485 393 588 ἔφη
443 484 792 589 Χριστὸς,
838 488 972 592 οὐχ
1027 490 1123 572 ὡς
1176 486 1616 595 ἀφεστήξων
1658 497 2054 588 παντελῶς,
2096 489 2258 570 οὐδὲ
2314 494 2409 574 εἷς
2465 485 2660 569 ἅπαν

250 611 369 689 καὶ
405 608 827 714 ὁλοκλήρως
864 611 1491 714 ἀλλοτριούμενος·
1533 613 1699 711 μεθ’
1741 614 1946 714 ἡμῶν
1977 613 2124 717 γάρ
2159 617 2320 693 ἐστι
2347 623 2391 660 “
2413 611 2660 699 πάσας

252 743 296 780 “
331 731 461 819 τὰς
499 733 764 837 ἡμέρας
802 738 920 815 καὶ
959 734 1087 820 ἕως
1133 740 1262 836 τῆς
1304 737 1723 823 συντελείας
1767 746 1896 818 τοῦ
1947 735 2260 835 αἱῶνος,”
2301 736 2488 817 κατὰ
2528 736 2661 836 τὴν

251 858 471 938 αὐτοῦ
523 856 800 965 φωνήν·
863 861 1035 938 ἀλλ’
1076 859 1186 940 ὅτι
1236 859 1416 957 μετὰ
1467 860 1744 965 σαρκὸς
1794 863 1879 941 οὐ
1929 862 2302 960 συνέσται,
2340 860 2664 964 καθάπερ

186 996 224 1057 5
251 980 453 1085 ἐχθὲς
508 986 625 1063 καὶ
682 983 956 1084 τρίτην·
1037 982 1128 1084 ἦν
1182 982 1260 1063 δὲ
1321 986 1439 1065 καὶ
1500 987 1615 1065 ἐπὶ
1673 986 1939 1089 θύραις,
1996 994 2290 1085 μᾶλλον
2352 983 2428 1066 δὲ
2488 985 2665 1065 εἵσω
2690 1014 2728 1058 ο

250 1112 521 1210 θυρῶν,
574 1109 615 1186 ὁ
668 1106 913 1211 καιρὸς
963 1112 1092 1209 τῆς
1140 1111 1465 1189 ε’ντεῦθεν
1507 1111 1910 1211 ἀποδημίας
1962 1110 2147 1215 πρὸς
2199 1109 2329 1192 τὸν
2371 1110 2668 1213 Πατέρα

251 1235 369 1310 καὶ
417 1235 547 1331 τῆς
592 1230 855 1313 ἀνόδου
907 1237 1036 1333 τῆς
1092 1238 1191 1317 εἷς
1246 1231 1571 1338 οὐρανόν.
1649 1236 2052 1315 διακεῖσθαι
2107 1233 2183 1316 δὲ
2239 1237 2386 1316 δεῖν
2436 1236 2661 1337 ἀναγ-

251 1362 456 1435 καῖον
491 1352 678 1436 εἶναί
721 1363 930 1464 φημι,
969 1355 1134 1441 τοὺς
1169 1360 1245 1438 οἵ
1269 1392 1356 1458 γε
1404 1364 1809 1462 φρονοῦσιν
1844 1361 2076 1463 ὀρθῶς
2124 1361 2242 1440 καὶ
2292 1360 2666 1464 ἱδρυμένην

252 1480 505 1586 ἔχουσι
559 1477 693 1580 τὴν
740 1483 1015 1580 πίστιν,
1063 1486 1161 1568 ὡς
1216 1485 1276 1562 εἰ
1333 1484 1451 1561 καὶ
1505 1482 1815 1563 ἄπεστιν
1856 1485 2062 1585 ἡμῶν
2107 1489 2200 1589 τῇ
2256 1485 2495 1587 σαρκὶ,
2532 1480 2666 1583 τὴν

148 1635 232 1677 10
252 1603 436 1708 πρὸς
483 1602 677 1686 Θεὸν
713 1610 831 1686 καὶ
872 1608 1169 1711 Πατέρα
1216 1606 1686 1707 στειλάμενος
1734 1609 2163 1709 ἀποδημίαν,
2202 1609 2370 1688 ἀλλ’
2412 1608 2538 1687 οὖν
2573 1613 2666 1712 τῇ

254 1731 412 1837 θείᾳ
475 1729 762 1828 δυνάμει
824 1730 1141 1836 περιέπει
1202 1730 1297 1811 τὰ
1349 1731 1764 1831 σύμπαντα,
1821 1735 1940 1813 καὶ
1995 1732 2461 1835 συμπάρεστι
2515 1738 2665 1815 τοῖς

253 1857 644 1957 ἀγαπῶσιν
687 1855 928 1936 αὐτόν.
1011 1855 1129 1936 διὰ
1184 1852 1331 1959 γάρ
1385 1889 1496 1935 τοι
1550 1864 1764 1936 τοῦτο
1820 1860 1940 1936 καὶ
1994 1856 2315 1963 ἔφασκεν
2352 1866 2395 1904 “
2421 1855 2663 1955 Ἀμὴν

255 1990 298 2027 “
334 1978 526 2080 ἀμὴν
562 1979 760 2082 λέγω
813 1982 996 2078 ὑμῖν,
1037 1979 1221 2060 ὅπου
1270 1978 1393 2060 ε’ἀν
1429 1988 1865 2087 συναχθῶσι
1915 1981 2042 2062 δύο
2094 1980 2139 2083 ἢ
2195 1990 2379 2084 τρεῖς
2430 1986 2528 2066 εἷς
2574 1977 2661 2060 τὸ

254 2115 298 2153 “
335 2102 508 2203 ε’μὸν
583 2104 834 2203 ὄνομα,
909 2106 1058 2184 ε’κεῖ
1122 2111 1265 2203 εἶμι
1337 2106 1414 2183 ἐν
1484 2105 1692 2213 μέσῳ
1766 2104 2072 2186 αὖτῶν.”
2183 2103 2434 2208 ῶσπερ
2516 2104 2661 2208 γὰρ
2686 2113 2732 2179 d

147 2253 226 2315 15
254 2231 658 2335 ἀνθρώποις
716 2229 819 2308 ἔτι
873 2229 1493 2327 συνδιαιτώμενος,
1548 2233 1666 2310 καὶ
1722 2232 1836 2310 ἐπὶ
1894 2234 2027 2332 γῆς
2084 2230 2428 2336 ὑπάρχων
2482 2230 2664 2329 μετὰ

252 2353 556 2458 σαρκὸς,
613 2352 934 2457 ἐπλήρου
988 2353 1120 2452 μὲν
1174 2350 1536 2457 οὐρανοὺς,
1588 2359 1822 2455 συνῆν
1877 2353 1954 2435 δὲ
2010 2356 2174 2436 τότε
2232 2362 2378 2441 τοῖς
2435 2356 2664 2458 ἁγίοις

254 2478 623 2583 ἀγγέλοις,
666 2479 794 2559 οὐκ
830 2475 1259 2559 ἀπελείπετό
1294 2512 1373 2558 τε
1409 2485 1556 2558 τῶν
1592 2481 1742 2560 ἅνω
1789 2480 2071 2586 χώρων·
2130 2482 2316 2560 οὕτω
2367 2483 2483 2560 καὶ
2535 2489 2664 2559 νῦν

2747 609 2800 660 Β.
2810 607 3002 688 Nffftth.

2750 689 3001 726 xxvumo.

2752 1846 2835 1899 ΙΙ).
2853 1848 2994 1900 xviii.

2755 1927 2834 1963 πο.

255 2605 600 2711 ὑπάρχων
634 2608 710 2684 ἐν
745 2605 1070 2706 οὐρανοῖς
1105 2602 1289 2703 μετὰ
1325 2609 1452 2703 τῆς
1490 2606 1669 2689 ἰδίας
1712 2604 2007 2709 σαρκὸς,
2045 2613 2324 2709 πληροῖ
2363 2603 2496 2704 μὲν
2531 2603 2664 2706 τὴν

256 2735 418 2831 γῆν,
457 2729 761 2809 σύνεστι
817 2727 893 2809 δὲ
947 2735 1099 2813 τοῖς
1146 2730 1400 2809 ἑαυτοῦ
1455 2730 1861 2834 γνωρίμοις.
1943 2728 2255 2833 ἐπιτήρει
2306 2728 2384 2809 δὲ
2434 2729 2657 2828 ὅπως,

144 2881 231 2923 20
257 2855 488 2933 καίτοι
571 2852 753 2933 κατὰ
838 2851 1068 2954 μόνην
1145 2851 1280 2954 τὴν
1358 2853 1603 2957 σάρκα
1684 2854 2114 2961 χωρίζεσθαι
2197 2858 2657 2958 προσδοκῶν·

255 2977 563 3058 σύνεστι
604 2976 751 3082 γὰρ
800 2978 970 3078 ἡμῖν
1003 2982 1096 3083 τῇ
1144 2976 1435 3078 δυνάμει
1483 2982 1611 3077 τῆς
1663 2977 2000 3078 θεότητος
2050 2978 2165 3059 διὰ
2214 2976 2506 3063 παντός·
2567 2977 2662 3058 ἔτι

251 3104 482 3210 μικρὶν
556 3105 774 3212 χρόνον
844 3101 996 3207 μεθ’
1066 3103 1273 3203 ἡμῶν
1353 3103 1668 3183 ἔσεσθαί
1742 3110 1953 3211 φησι,
2020 3107 2309 3189 τελείως
2383 3137 2462 3183 τε
2544 3104 2664 3183 καὶ

253 3227 678 3331 ὁλοκλήρως
750 3225 1006 3308 ἑαυτὸν
1069 3225 1215 3307 ἀπὸ
1289 3236 1420 3307 τοῦ
1483 3230 1741 3331 μέρους
1805 3229 2205 3330 σημαίνων,
2272 3229 2388 3308 ἵνα
2452 3225 2661 3327 μήτις
2685 3266 2721 3309 e

251 3360 349 3439 εἶς
407 3360 577 3435 υἱῶν
632 3349 860 3433 δυάδα
916 3351 1312 3452 διατέμνειν
1360 3355 1680 3459 ἐπιχειρῇ
1736 3351 1864 3434 τὸν
1911 3353 2036 3434 ἕνα
2087 3351 2438 3458 Χριστὸν,
2485 3352 2657 3431 ἀλλ’

141 3497 224 3557 25
252 3481 350 3562 ὡς
405 3479 482 3558 ἕν
516 3512 596 3558 ,τι
652 3484 781 3583 νοῇ
836 3483 955 3558 καὶ
1011 3475 1310 3582 δέχοιτο,
1349 3480 1467 3557 καὶ
1522 3478 1652 3558 τὸν
1696 3480 1775 3558 ε’κ
1822 3483 2017 3559 Θεοῦ
2065 3477 2355 3583 Πατρὸς
2404 3511 2658 3581 γεννη-

250 3601 468 3683 θέντα
532 3598 782 3706 Λόγον
848 3603 968 3682 καὶ
1040 3600 1169 3682 τὸν
1233 3604 1311 3681 ἐκ
1374 3607 1502 3703 τῆς
1574 3603 1789 3706 ἁγίας
1862 3603 2221 3707 παρθένου
2285 3602 2663 3712 ληφθέντα

251 3725 446 3824 ναὸν,
503 3729 637 3833 οὐχ
687 3727 799 3808 ὅτι
852 3731 980 3828 τῆς
1036 3728 1255 3828 αὐτῆς
1310 3726 1561 3812 οὐσίας
1616 3731 1827 3826 εἰσὶν,
1888 3730 2058 3809 ἀλλ’
2118 3728 2228 3809 ὅτι
2287 3725 2470 3827 μετὰ
2527 3725 2661 3827 τὴν

249 3850 564 3956 ἅῤῥητον
618 3852 901 3950 ἕνωσιν,
957 3854 997 3932 ὁ
1053 3859 1184 3932 τοῦ
1238 3852 1644 3933 διακόπτειν
1697 3850 1920 3956 λόγος
1976 3855 2105 3934 οὐκ
2161 3851 2492 3953 εὐσεβής·
2562 3848 2660 3936 εἷς

250 3973 398 4078 γὰρ
436 3976 524 4083 ἐξ
555 3978 834 4084 ἀμφοῖν
870 3978 913 4057 ὁ
947 3974 1300 4080 Χριστός.

322 4218 377 4277 5.
415 4205 500 4259 καὶ
523 4205 614 4259 alt.
639 4215 978 4278 assumptum
1002 4225 1069 4263 ex
1094 4205 1160 4262 E.
1453 4222 1534 4260 10.
1572 4204 1689 4278 οὖν]
1716 4204 1809 4261 οὖν
1830 4228 1892 4278 γε
1918 4206 1985 4262 Ε.
2229 4224 2311 4278 13.
2349 4205 2654 4278 συναχθῶσι

251 4275 318 4332 Ε.
345 4275 692 4349 συναχθέντες
714 4276 817 4334 ὦσι
845 4275 947 4334 Ed.
1163 4275 1248 4333 26.
1285 4277 1704 4350 προσ-ληφθέντα
1726 4295 1774 4333 a.
1801 4277 1983 4333 invitis
2007 4295 2054 4333 c.
2085 4274 2250 4333 Cord.
