3238 5158
223 308 485 377 xiv.11.
599 309 708 375 IN
768 309 836 374 S.
883 307 1403 375 JOANNEM.
1495 309 1689 375 LIB.
1736 310 1859 375 IX.
1951 310 2159 377 CAP.
2206 310 2263 375 1.
2507 307 2635 371 445

226 473 482 559 αὐτοὺς
554 476 673 555 καὶ
733 471 864 556 τὸν
922 479 1069 555 τῶν
1128 466 1356 577 ἇγίων
1416 474 1863 556 ἀποστόλων
1921 478 2412 581 συκοφαντεῖν
2472 469 2630 554 ε’θέ-

225 607 494 684 λοντας
551 606 745 698 νοῦν,
803 601 921 679 καὶ
974 604 1072 684 εἰς
1126 598 1211 680 τὸ
1268 603 1527 679 δοκοῦν
1581 601 1820 685 αὐτοῖς
1874 598 2341 694 ἀβουλότατα
2399 630 2637 699 παρα-

225 723 623 828 τρέποντας
695 723 791 803 τὰ
866 725 1036 804 λίαν
1104 724 1338 826 ὀρθῶς
1409 726 1761 827 εἰρημένα·
1859 722 2221 830 Ἀθήνῃσι
2292 721 2423 822 μὲν
2495 719 2643 824 γὰρ

227 845 548 951 γεγονὼς
604 848 645 927 5
700 846 1048 951 μακάριος
1101 853 1425 945 Παῦλος,
1469 844 1622 929 εἶτα
1676 846 1869 930 πολὺ
1925 847 2095 928 λίαν
2138 853 2235 933 εἰς
2283 845 2644 928 πολύθεον

159 987 203 1049 5
226 970 522 1072 πλάνην
555 971 1121 1073 ἀνεπτοημένους
1159 972 1368 1076 ὁρῶν,
1411 972 1641 1052 καίτοι
1688 969 1972 1081 σοφοὺς
2019 969 2195 1053 εἶναι
2243 1004 2640 1053 πεπιστευ-

228 1096 483 1198 μένους
524 1092 692 1180 τοὺς
734 1097 966 1178 ἐκεῖσε
1012 1096 1256 1193 λαοὺς,
1293 1097 1797 1201 παρακομίζειν
1833 1093 2092 1183 αὐτοὺς
2139 1098 2469 1200 ἐπειρᾶτο
2519 1098 2647 1193 τῆς

230 1222 535 1326 ἀρχαίας
591 1219 872 1321 ἀπάτης
925 1226 1075 1305 τοῖς
1129 1226 1228 1304 εἰς
1283 1220 1655 1316 εὐσέβειαν
1710 1228 2094 1324 λογισμοῖς
2157 1222 2481 1320 μεταθεὶς
2534 1220 2647 1300 εὐ-

233 1352 435 1452 φυῶς
491 1350 589 1430 εἰς
642 1342 728 1426 τὸ
783 1348 1044 1450 χρῆναι
1098 1343 1364 1426 λοιπὸν
1406 1345 1533 1425 ἕνα
1580 1380 1661 1426 τε
1705 1350 1824 1427 καὶ
1866 1343 2091 1446 μόνον
2127 1344 2382 1427 εἰδέναι
2419 1343 2641 1442 Θεὸν,
2673 1354 2719 1420 d

233 1477 384 1553 τοῖς
416 1470 585 1572 παρ’
626 1469 845 1549 αὐτοῦ
898 1467 1245 1571 γεγονόσι
1293 1472 1410 1549 καὶ
1460 1466 1546 1549 τὸ
1599 1474 1949 1551 κινεῖσθαι
1987 1473 2105 1549 καὶ
2142 1469 2281 1574 ζῆν
2316 1474 2435 1548 καὶ
2471 1465 2650 1548 εἶναι

129 1614 211 1656 10
237 1594 714 1695 δωρούμενον.
818 1591 1160 1696 ζωογονεῖ
1225 1590 1368 1697 γὰρ
1442 1592 1538 1673 τὰ
1607 1590 1874 1692 πάντα,
1943 1592 2084 1697 ζωὴ
2160 1590 2346 1674 κατὰ
2419 1591 2650 1700 φύσιν

238 1714 580 1822 ὑπάρχων
617 1718 658 1796 5
707 1714 998 1799 πάντων
1036 1714 1518 1822 Δημιουργὸς,
1555 1721 1685 1817 τῆς
1736 1719 1917 1804 ἰδίας
1968 1717 2318 1819 ἰδιότητος
2361 1718 2651 1800 ἐντιθεὶς

238 1840 567 1945 ἀῤῥήτως
598 1844 836 1926 αὐτοῖς
869 1840 1003 1942 τὴν
1039 1840 1366 1941 δύναμιν.
1447 1842 1532 1922 οὐ
1566 1842 1712 1946 γὰρ
1747 1840 1839 1943 ἦν
1874 1841 2127 1947 ἑτέρως
2164 1839 2649 1944 διασώζεσθαι

234 1963 420 2070 πρὸς
473 1965 557 2047 τὸ
609 1964 785 2047 εἶναι
837 1965 1401 2069 διακρατούμενα
1449 1965 1545 2046 τὰ
1591 1970 1672 2048 ἐκ
1721 1975 1851 2049 τοῦ
1904 1967 2008 2070 μὴ
2063 1967 2268 2054 ὄντος
2323 1968 2651 2074 λαχόντα

236 2088 369 2189 τὴν
413 2091 741 2193 γένεσινῖ
811 2087 858 2192 ἢ
915 2089 1062 2194 γὰρ
1121 2089 1213 2173 ἀν
1267 2088 1474 2176 εὐθὺς
1537 2098 1634 2176 εἰς
1690 2091 1825 2193 τὴν
1877 2093 2141 2173 οἰκείαν
2197 2089 2652 2191 ὑπενόστησε

131 2232 212 2295 15
240 2213 494 2322 φύσιν·
578 2219 768 2324 φημὶ
823 2217 899 2296 δὲ
952 2213 1137 2318 πρὸς
1188 2214 1275 2297 τὸ
1328 2215 1430 2316 μὴ
1486 2213 1660 2298 εἶναι
1712 2216 1965 2299 πάλιν·
2050 2224 2109 2299 εἰ
2163 2214 2265 2317 μὴ
2321 2222 2412 2324 τῇ
2465 2214 2650 2322 πρὸς

238 2337 369 2418 τὸν
405 2337 581 2420 ὄντα
611 2337 870 2446 σχέσει
906 2344 1035 2440 τῆς
1069 2342 1328 2427 οἰκείας
1364 2340 1716 2442 γενέσεως
1750 2343 2033 2442 ἐνίκησε
2070 2340 2202 2443 τὴν
2236 2341 2643 2422 ἀσθένειαν.
2674 2369 2711 2413 Θ

241 2463 382 2570 ἔφη
446 2474 832 2567 τοιγαροῦν
899 2466 941 2544 5
1005 2464 1393 2550 θεσπέσιος
1460 2470 1776 2550 Παῦλος·
1828 2467 2059 2570 ὀρθῶς
2119 2501 2198 2547 τε
2265 2469 2384 2547 καὶ
2447 2463 2652 2567 μάλα

243 2595 509 2687 καλῶς,
565 2589 752 2693 ζωὴν
807 2596 954 2670 τῶν
1012 2588 1207 2670 ὅλων
1261 2588 1651 2674 ἐπιδεικνὺς
1716 2588 1845 2671 τὸν
1895 2589 2108 2689 Θεὸν,
2165 2595 2262 2676 ὡς
2326 2593 2402 2672 ἐν
2456 2593 2651 2700 αὐτῷ
2741 2589 2989 2721 ᾒῗζῗξζ

245 2711 473 2815 ζῶμεν
521 2716 638 2794 καὶ
689 2715 1073 2814 κινούμεθα
1128 2715 1245 2794 καὶ
1301 2715 1545 2813 ἐσμέν·
1621 2716 1749 2796 οὐκ
1796 2717 2018 2798 ἐκεῖνο
2070 2715 2357 2800 πάντως
2407 2720 2653 2815 δηλῶν
2746 2722 2824 2772 ²⁸·

131 2860 221 2904 ²0
246 2836 425 2940 ὅπερ
475 2839 697 2936 αὐτοὶ,
731 2836 866 2938 τὴν
912 2846 1059 2918 τῶν
1104 2844 1312 2941 ἱερῶν
1352 2839 1799 2942 γραμμάτων
1840 2838 2196 2945 ὀρθότητα
2242 2840 2647 2947 παραφθεί-

244 2995 517 3065 ροντες,
580 2961 1072 3044 διεπλάσαντο
1146 2964 1298 3043 κατ’
1368 2970 1622 3045 οἰκεῖον
1693 2964 1995 3062 σκοπὸν,
2071 2966 2244 3045 ἀλλ’
2313 2965 2489 3068 ὅπερ
2560 2964 2652 3065 ἦν

243 3086 530 3186 ἀληθὲς,
605 3088 724 3167 καὶ
796 3093 946 3172 τοῖς
1016 3087 1179 3191 ἄρτι
1249 3088 1958 3191 παιδαγωγουμένοις
2028 3095 2127 3175 εἰς
2205 3090 2653 3192 θεογνωσίαν

244 3211 837 3318 ὠφελιμώτατον·
898 3214 1014 3292 καὶ
1050 3218 1110 3292 εἰ
1147 3217 1260 3292 δεῖ
1286 3211 1753 3318 σαφέστερον
1788 3219 2027 3311 εἰπεῖν,
2064 3213 2293 3294 οὐκέτι
2331 3217 2652 3314 σημῆναι

243 3336 710 3436 βεβούληται,
771 3335 883 3417 ὅτι
947 3333 1314 3440 ἅνθρωποι
1375 3334 1509 3436 τὴν
1565 3337 1797 3442 φύσιν
1859 3337 2354 3444 τυγχάνοντες,
2417 3341 2496 3420 ε’ν
2558 3343 2649 3444 τῇ
2674 3374 2712 3415 a
2751 3360 2889 3418 ’194
2904 3357 2987 3414 A.

134 3474 219 3537 25
245 3460 461 3567 οὐσίᾳ
495 3468 624 3542 τοῦ
662 3456 958 3564 Πατρός
1008 3459 1299 3559 κείμεθά
1347 3493 1426 3540 τε
1476 3463 1593 3541 καὶ
1644 3464 1742 3547 ὡς
1793 3460 1991 3547 ὄντες
2039 3465 2117 3542 ἐν
2152 3463 2347 3571 αὐτῷ
2364 3449 2642 3569 ’φαινό-

243 3589 447 3681 μεθα,
485 3585 656 3665 ἀλλ’
700 3584 811 3665 ὅτι
861 3587 980 3663 καὶ
1030 3584 1260 3689 ζῶμεν
1302 3587 1420 3665 καὶ
1473 3583 1855 3685 κινούμεθα
1907 3589 2025 3668 καὶ
2071 3585 2294 3687 ἐσμὲν
2335 3589 2414 3669 ἐν
2449 3592 2646 3695 Θεῷ,

244 3706 403 3807 ἤτοι
440 3706 1009 3809 συνεστήκαμεν.
1695 3815 1706 3824 ³

360 3830 581 3916 Σύνες
634 3830 777 3935 γὰρ
836 3836 933 3917 ὥς
988 3834 1123 3939 οὐχ
1169 3833 1423 3917 ἁπλῶς
1474 3867 1551 3913 τε
1602 3837 1721 3914 καὶ
1769 3836 2144 3934 ἀνειμένως
2192 3834 2336 3943 ἔφη
2385 3833 2493 3934 τὸ,
2540 3834 2652 3916 ὅτι

245 3952 470 4053 μόνον
502 3955 724 4055 ἐσμὲν
767 3958 843 4037 ἐν
877 3961 1062 4065 Θεῷ,
1099 3955 1219 4037 διὰ
1269 3955 1400 4056 τὴν
1436 3956 1583 4058 σὴν
1626 3962 1724 4044 ὡς
1775 3958 1954 4044 εἰκὸς
2005 3961 2340 4058 ἀμαθίαν,
2378 3955 2437 4039 ὦ
2485 3966 2647 4054 τᾶν,

138 4105 222 4165 3ο
247 4077 449 4157 ἀλλὰ
513 4078 897 4187 διαφόρως,
956 4080 1134 4184 ὅπερ
1194 4080 1561 4182 ἠθέλησεν
1623 4088 1843 4164 εἰπεῖν
1904 4082 2326 4187 ἑρμηνεύων,
2384 4085 2502 4164 καὶ
2565 4082 2652 4165 τό

250 4206 506 4303 Ζῶμεν
562 4202 955 4310 προτάξας,
1017 4204 1406 4310 ἐπαγαγὼν
1463 4204 1542 4287 δὲ
1593 4206 1828 4316 τούτῳ
1887 4211 2004 4288 καὶ
2060 4205 2145 4288 τὸ
2203 4207 2644 4309 Κινούμεθα,

321 4498 370 4538 1.
408 4479 687 4538 ἐθέλοντας
710 4481 839 4538 EAE'.
866 4481 970 4538 Ed.
1094 4523 1108 4540 .
1134 4483 1379 4541 ἐθέλοντα
1403 4485 1507 4542 Ed.
1645 4503 1729 4558 13.
1764 4485 1914 4543 ὄντος
1937 4486 2066 4543 EF.
2093 4486 2197 4543 Ed.
2222 4505 2336 4560 mg.
2360 4486 2520 4545 ὄντος
2544 4485 2650 4542 Ed.

246 4568 334 4610 20.
371 4552 618 4623 ὀρθότητι
642 4552 706 4609 Ε.
921 4570 1008 4610 21.
1162 4556 1367 4612 λάσατο
1393 4556 1459 4612 Ε.
1676 4574 1763 4630 23.
1800 4558 1848 4612 εἰ
1870 4575 1978 4614 om.
2005 4558 2071 4614 E.
