3238 5158
622 335 712 398 20
1151 330 1158 335 ’
1229 337 1310 403 Β.
1356 335 1775 403 CYBILLI
1831 332 2411 401 ALEXANDB..
2757 329 3030 411 viii.24.

624 500 937 600 ἀληθῶς.
995 504 1391 582 ἀπολεῖσθε
1427 509 1807 604 τοιγαροῦν
1842 502 1925 582 οὐ
1964 499 2427 598 πιστεύοντες,
2464 499 2719 606 φησὶν,
2753 496 2850 577 ὅτι
2889 496 3039 598 ἐγώ

626 631 789 725 εἰμι.
867 623 951 705 τὸ
1012 626 1094 705 δέ
1136 627 1320 730 Εγῶ
1373 660 1538 730 περι
1593 626 1700 724 οὗ,
1741 627 2019 734 φησιν,
2040 627 2117 706 ἐν
2161 622 2572 732 προφήταις
2624 621 3034 726 γέγραπται

290 747 535 802 Es.lx.1.
627 757 671 794 ‘⁶
709 749 1028 853 Φωτίζου
1078 750 1388 858 φωτίζου
1420 748 2017 854 Ῑερουσαλὴμ,“’
1965 784 2116 853 ηκει
2167 748 2309 854 γὰρ
2359 783 2445 829 το
2500 753 2660 855 φῶς
2706 779 2868 844 σου,
2908 748 3036 825 καὶ

625 873 752 973 “ἡ
790 874 973 981 δόξα
1014 877 1356 980 Κυρίου’
1320 878 1435 955 επὶ
1472 874 1562 954 σὲ
1598 873 2150 954 ἀνατέταλκενΪ
2228 867 2366 976 ἐγω
2402 870 2547 1024 γάρ
2585 873 2725 976 εἰμι
2759 876 3033 976 φησιν,

625 997 669 1077 5
717 996 951 1077 πάλαι
997 997 1180 1102 πρὸς
1229 997 1650 1079 ἀπόστασιν
1693 1003 1840 1079 τῶν
1884 1000 1960 1078 ἐν
1995 1003 2206 1104 ψυχῇ
2256 998 2690 1097 νοσημάτων
2724 993 3034 1092 βαδίσαι
3062 1023 3105 1084 5

625 1121 956 1220 κελεύων,
1014 1125 1131 1202 καὶ
1183 1119 1318 1222 τὴν
1360 1121 1449 1230 ἐξ
1496 1119 1785 1223 ἀγάπης
1841 1122 2223 1226 θεραπείαν
2280 1118 2845 1276 ὑπισχνούμενος
2907 1118 3035 1199 διὰ

286 1242 431 1360 {ffir-
460 1261 531 1297 ¹¹¹·
625 1252 753 1324 τοῦ
804 1244 1120 1349 λε’γειν“
1155 1246 1711 1352 Ἐπιστράφητε
1763 1251 1896 1328 υἱοὶ
1943 1246 2521 1351 ἐπιστρέφοντες,
2560 1247 2677 1325 καὶ
2731 1243 3035 1342 ιάσομαι

625 1378 671 1417 “
708 1367 800 1449 τὰ
851 1371 1356 1475 συντρίμματα
1410 1371 1680 1471 ὑμῶν.”
1749 1371 1893 1471 ε’γώ
1945 1376 2084 1470 εἶμι
2138 1372 2179 1449 5
2227 1368 2363 1466 τὴν
2398 1372 2755 1472 θεοπρεπῆ
2792 1370 2867 1448 ἐν
2902 1368 3035 1448 σοὶ

623 1496 740 1574 καὶ
789 1493 1021 1574 πάλαι
1070 1491 1537 1601 χρηστότητα
1585 1497 1704 1574 καὶ
1759 1495 2201 1598 ἀσύγκριτον
2252 1492 2706 1601 ἀνεξικακίαν
2752 1497 3026 1597 χαριεῖ-

556 1617 600 1684 b
625 1624 803 1698 σθαι
858 1616 946 1718 δὴ
1002 1618 1241 1712 εἰπὼν,
1279 1620 1397 1698 διά
1447 1653 1525 1699 τε
1574 1626 1788 1699 τοῦτο
1835 1625 2034 1714 βοῶν
2070 1628 2116 1666 “
2152 1616 2355 1721 Ἐγώ
2406 1622 2547 1717 εἶμι
2601 1618 2746 1721 ἐγώ
2792 1622 2933 1713 εἶμι
2987 1616 3034 1696 5
3068 1654 3144 1695 ιο

625 1752 669 1790 “
706 1742 1112 1849 ἐξαλείφων
1165 1743 1296 1827 τὰς
1352 1744 1703 1845 ἁμαρτίας
1766 1777 1908 1824 σου
1968 1776 2085 1822 και
2142 1743 2226 1823 οὐ
2280 1741 2382 1842 μὴ
2437 1739 3030 1842 μνησθήσομαιΥ

624 1866 765 1970 ἐγῶ
824 1874 983 1970 εἰμι,
1042 1869 1296 1970 φησὶν,
1353 1867 1394 1946 5
1452 1870 1565 1946 καὶ
1626 1864 1744 1947 διὰ
1799 1875 1927 1947 τοῦ
1980 1866 2361 1973 προφήτου
2414 1864 2735 1946 Ησαίου
2791 1863 3035 1966 λέγων

286 1964 372 2084 ξιξ
394 1983 428 2017 ¹
453 1964 530 2029 ¹⁶³
626 1999 671 2037 ‘⁶
700 1989 1124 2082 Λούσασθε,
1184 1991 1483 2141 καθαροὶ
1548 1991 1869 2093 γενέσθε,
1921 1987 2232 2138 ἀφέλετε
2288 1988 2418 2075 τὰς
2480 1993 2823 2092 πονηρίας
2882 1985 3036 2069 ἀπὸ

626 2124 670 2162 “
705 2122 853 2195 τῶν
907 2119 1216 2265 καρδιῶν
1274 2116 1470 2214 ὑμῶν
1528 2112 1866 2195 ἀπέναντι
1931 2121 2078 2194 τῶν
2133 2115 2542 2221 ὀφθαλμῶν
2596 2139 2755 2213 μου·
2831 2111 3030 2193 παύ-

626 2244 946 2320 “σασθε
984 2237 1129 2320 ἀπο
1168 2245 1312 2319 τῶν
1348 2245 1713 2344 πονηριῶν
1751 2242 1971 2339 ὑμῶν,
2003 2243 2121 2319 καὶ
2160 2242 2356 2319 δεῦτε
2393 2240 2511 2319 καὶ
2543 2242 3036 2341 διαλεχθῶμεν
3068 2268 3143 2329 15

623 2373 668 2412 “
704 2361 897 2465 λε’γει
930 2361 1214 2464 Κύριος·
1256 2366 1373 2443 καὶ
1410 2362 1534 2443 ε’ἀν
1570 2359 1756 2443 ὦσιν
1792 2368 1865 2444 αὶ
1903 2365 2243 2467 ἁμαρτίαι
2278 2365 2477 2463 ὑμῶν
2510 2366 2606 2448 ὡς
2643 2368 3035 2469 φοινικοῦν,

287 1611 377 1662 Es.
395 1611 522 1663 xliii.

293 1689 372 1742 ²5·

629 2498 674 2535 ‘⁶
710 2490 806 2572 ὡς
862 2488 1071 2595 χιόνα
1126 2495 1470 2588 λευκανῶ,
1526 2486 1652 2567 ἐὰν
1696 2487 1771 2568 δὲ
1827 2484 2010 2568 ῶσιν
2064 2491 2238 2569 ὡσεὶ
2294 2486 2639 2585 κόκκινον,
2694 2489 2790 2570 ὡς
2845 2485 3039 2588 ἔριον

569 2629 606 2675 ⁰
630 2624 674 2661 ‘⁶
714 2612 1097 2694 λευκανῶ.”
1157 2616 1296 2716 ἐγώ
1332 2614 1565 2720 φησίν
1604 2622 1763 2718 εἶμι,
1791 2617 1950 2718 περὶ
1988 2614 2073 2695 οὗ
2108 2613 2335 2694 πάλιν
2372 2610 2585 2697 αὐτός
2618 2645 2762 2693 που
2798 2613 3038 2715 φησὶν

291 2728 540 2850 ξξζῑι·9““
628 2738 669 2818 5
724 2735 1106 2844 προφήτης
1139 2737 1462 2822 Ἡσαΐας
1507 2749 1549 2784 “
1577 2739 1741 2818 Ἐπ’
1782 2737 1948 2841 ὅρος
2005 2736 2297 2845 ὑψηλὸν
2346 2736 2659 2837 ἀνάβηθι
2714 2738 2755 2816 5
2809 2735 3026 2837 εὐαγ·

630 2873 673 2911 “
704 2860 1155 2966 γελιζόμενος
1185 2861 1398 2960 Σιὼν,
1424 2864 1737 2968 ὕψωσον
1773 2868 1864 2968 τῇ
1903 2863 2108 2965 ἰσχύϊ
2141 2861 2273 2961 τὴν
2301 2861 2551 2967 φωνὴν
2578 2863 2618 2940 5
2657 2862 3031 2961 εὐαγγελι-
3069 2896 3153 2938 20

632 2996 675 3035 ‘⁶
712 2984 1000 3088 ζόμενος
1030 2984 1535 3089 Ἰερουσαλήμ·
1596 2986 1973 3093 ὑψώσατε,
2009 2984 2110 3086 μὴ
2150 2992 2524 3092 φοβεῖσθε·
2584 2985 2734 3064 ἶδοῦ
2770 2987 2810 3064 5
2846 2982 3033 3068 Θεὸς

630 3121 676 3159 “
714 3113 934 3209 ὑμῶν,
992 3109 1145 3190 ἰδοὺ
1206 3108 1470 3212 Κύριος
1527 3107 1709 3208 μετὰ
1764 3107 2018 3214 ἰσχύος
2072 3109 2380 3213 ἔρχεται,
2444 3112 2559 3189 καὶ
2616 3110 2656 3187 5
2712 3108 3036 3212 βραχίων

631 3244 673 3283 “
710 3234 891 3333 μετὰ
923 3233 1193 3335 κυρίας·
1256 3231 1406 3313 ἰδοὺ
1442 3235 1482 3313 5
1520 3232 1786 3332 μισθὸς
1825 3235 2043 3313 αὑτοῦ
2077 3234 2225 3331 μετ’
2267 3235 2506 3331 αὐτοῦ,
2545 3236 2663 3312 καὶ
2700 3230 2784 3311 τὸ
2822 3232 3035 3335 ἔργον

632 3367 676 3405 “
712 3357 1015 3437 ἐνώπιον
1053 3357 1290 3435 αὐτοῦ.
1350 3359 1448 3441 ὡς
1480 3357 1752 3457 ποιμὴν
1787 3364 2128 3455 ποιμανεῖ
2153 3354 2237 3437 τὸ
2273 3357 2606 3454 ποίμνιον
2641 3356 2878 3453 αὐτοῦ,
2917 3357 3035 3435 καὶ

633 3490 680 3529 “
716 3487 817 3587 τῷ
866 3479 1201 3583 βραχίονι
1251 3481 1468 3561 αὐτοῦ
1520 3480 1821 3589 συνάξει
1872 3482 2112 3583 ἄρνας,
2154 3486 2272 3562 καὶ
2308 3483 2384 3560 ἐν
2419 3483 2687 3583 γαστρὶ
2723 3478 3035 3584 ἐχούσας
3071 3505 3157 3568 25

295 3599 543 3728 ffgxxv.
634 3614 680 3653 “
714 3602 1207 3705 παρακαλέσει
1217 3602 1277 3682 .”
1352 3606 1469 3683 καὶ
1502 3605 1732 3686 πάλιν
1769 3616 1812 3653 “
1840 3606 2028 3686 Τότε
2068 3602 2623 3710 ἀνοιχθήσονται
2660 3605 3034 3709 ὀφθαλμοὶ

567 3739 610 3806 d
635 3739 679 3777 ‘⁶
714 3733 1038 3835 τυφλῶν,
1104 3729 1222 3806 καὶ
1284 3723 1436 3807 ὦτα
1501 3735 1772 3835 κωφῶν
1835 3729 2293 3819 ἀκούσονται,
2359 3726 2521 3809 τότε
2597 3728 2874 3807 ἁλεῖται
2939 3729 3037 3810 ὡς

634 3863 678 3899 “
711 3850 991 3957 ἐ’λαφος
1046 3852 1086 3930 5
1142 3848 1406 3956 χωλὸς,
1454 3856 1572 3933 καὶ
1626 3853 1849 3956 τρανὴ
1905 3853 2112 3933 ἕσται
2168 3860 2493 3954 γλῶσσα
2548 3851 3033 3953 μογιλάλων.”

298 3964 425 4016 Mal.
447 3965 518 4016 iii.

307 4048 349 4093 1,
380 4045 426 4081 2,
636 3977 775 4081 ἒγῶ
830 3979 974 4081 εἶμί
1024 3981 1236 4081 φησι,
1289 3979 1453 4080 περὶ
1510 3976 1594 4056 οὗ
1647 3977 1875 4058 πάλιν
1930 3977 2335 4082 γε’γραπται
2391 3976 2502 4057 ὅτι
2555 3987 2601 4025 “
2635 3975 3040 4084 Ἐξαίφνης

712 4247 758 4284 1.
795 4229 965 4300 φησιν
987 4229 1049 4283 οὔ
1071 4228 1408 4287 πιστεύοντες
1430 4230 1644 4285 inverso
1668 4230 1857 4286 ordine
1881 4248 1930 4286 a.
2097 4249 2151 4303 3.
2191 4254 2292 4288 σου
2315 4234 2376 4287 τὸ
2399 4233 2552 4303 φῶε
2538 4248 2753 4286 ιονεῐεο
2776 4228 2964 4284 ordine
2987 4246 3038 4286 a.

636 4300 689 4354 8.
727 4300 856 4354 θεοπ
1011 4299 1070 4355 ἐν
1091 4300 1183 4355 σοὶ
1206 4302 1289 4355 καὶ
1316 4302 1480 4355 πάλαι
1504 4301 1666 4358 edidi.
1693 4302 1972 4373 θεοπρεπίν
1997 4323 2098 4357 σου
2131 4304 2213 4357 καὶ
2243 4306 2407 4358 πάλαι
2436 4303 2500 4357 Β.
2527 4303 2786 4370 θεοπρεπῆ
2817 4301 3040 4355 ἔκπαλαι

641 4369 821 4425 ΗοΙεῐ.
898 4369 953 4426 d.
1172 4387 1254 4428 10.
1290 4372 1354 4441 δὴ
1380 4371 1535 4427 ‹ln-obv
1562 4372 1628 4427 Β.
1658 4371 1762 4428 Ed.
1834 4374 1922 4426 An
1949 4373 2192 4427 διειπὼνὲ
2413 4390 2494 4444 13.
2532 4372 2804 4428 λούσασθε
2865 4377 2925 4434 -Ι-
2955 4370 3042 4426 καὶ

638 4441 739 4496 Ht.
769 4440 872 4496 Ed.
1020 4440 1230 4512 γίνεσθε
1259 4441 1358 4498 Ht.
1385 4441 1485 4498 Ed.
1794 4459 1878 4514 19.
1916 4441 2084 4513 zpoc‘
2175 4446 2273 4499 λὸν
2298 4443 2365 4499 B.
2388 4443 2587 4515 ὄρους’
2649 4445 2780 4512 ηλοῦ
2864 4450 2906 4496 t.
2934 4440 3042 4499 Ed.

637 4528 721 4569 20.
756 4514 819 4580 τῇ
845 4510 1006 4566 edidi.
1032 4513 1125 4582 τὴν
1149 4514 1274 4583 (nic)
1304 4513 1369 4568 Β.
1396 4535 1452 4567 εν
1479 4512 1574 4568 Ht.
1603 4513 1708 4568 Ed.
1873 4529 1959 4583 23.
1998 4515 2153 4586 ἔργον
2216 4522 2271 4578 4-
2300 4516 2459 4569 αὐτοῦ
2489 4514 2585 4569 Ht.
2660 4513 2714 4568 d.
2882 4512 2971 4567 28.
3009 4514 3042 4567 ὖ

632 4593 973 4654 assumptum
997 4600 1058 4637 ex
1088 4583 1155 4639 Β.
1257 4585 1560 4656 μογιλάλων
1585 4584 1794 4656 Migne.
1817 4587 2163 4655 μονγηλάλων
2187 4585 2253 4640 Β.
2279 4585 2423 4641 unde
2445 4587 2785 4657 μογγιλάλων
2808 4583 2953 4638 Aub.
