3238 5158
597 313 729 377 378
1209 312 1284 375 B.
1335 305 1756 375 CYRILLI
1818 307 2401 373 ALEXANDR.
2606 305 2872 390 xiii.31‚
2903 319 3017 389 32.

535 497 578 562 b
603 482 720 556 καὶ
792 475 1090 580 σφόδρα
1159 475 1444 556 πλατὺν
1518 475 1690 555 ἱέναι
1765 475 1891 554 τὸν
1968 475 2215 576 λόγον,
2288 481 2434 554 τῶν
2507 471 2766 575 ἀρτίως
2841 469 3027 567 ἡμῖν

600 601 1202 701 ἀπηριθμημένων
1236 597 1689 701 πραγμάτων
1725 602 1874 679 κατ’
1914 599 2117 679 οὐδὲν
2153 597 2562 698 ἡττωμένην
2604 593 2738 694 τὴν
2783 592 3028 698 δόξαν

600 722 935 827 ἐχόντων.
1015 732 1171 808 πῶς
1219 725 1345 802 οὖν
1388 722 1531 825 ἄρα
1583 721 1846 803 λοιπὸν
1891 725 1931 801 ὁ
1987 726 2103 802 καὶ
2157 722 2391 803 πάλαι
2447 717 3023 826 δεδοξασμένος,

598 845 851 927 ἑαυτὸν
924 851 1076 926 νυνὶ
1151 845 1587 953 δεδοξάσθαι
1663 849 1862 953 φησί
1886 880 1907 943 ;
1997 846 2432 952 δεδόξασται
2503 842 2649 947 γὰρ
2723 845 2841 920 καὶ
2922 843 3026 917 δι’

600 971 878 1074 ἑτέρων,
915 975 1034 1051 καὶ
1093 978 1528 1073 θεοπρεποῦς
1581 971 1919 1078 ἐξουσίας
1978 969 2355 1075 ὑπόληψιν
2409 968 2594 1072 ἔχων
2648 967 3023 1070 ἐφαίνετο·
3062 983 3101 1041 5

600 1093 684 1173 τὸ
734 1093 964 1197 γεμὴν
999 1100 1126 1195 τῆς
1171 1093 1388 1201 δόξης
1437 1094 1715 1174 τέλειον
1759 1096 1878 1173 καὶ
1927 1097 2057 1192 τῆς
2106 1093 2427 1175 εὐκλείας
2474 1089 2558 1171 τὸ
2607 1093 2882 1190 πλῆρες
2940 1089 3031 1165 ἐν

598 1218 840 1327 ἐκείνῳ
874 1217 1162 1303 πάντως
1199 1217 1309 1319 ἦν,
1345 1221 1422 1298 ἐν
1457 1224 1561 1326 τῷ
1597 1224 1856 1298 παθεῖν
1890 1218 2110 1296 αὐτὸν
2147 1217 2323 1317 ὑπὲρ
2370 1219 2500 1315 τῆς
2546 1222 2676 1294 τοῦ
2725 1211 3032 1304 κόσμου

601 1340 801 1443 ζωῆς,
840 1346 958 1422 καὶ
1003 1344 1087 1422 δι’
1128 1345 1383 1422 ἑαυτοῦ
1431 1345 1558 1441 τῆς
1611 1341 1953 1421 ἁπάντων
1986 1338 2458 1422 ἀναστάσεως
2495 1338 3029 1434 καινοτομῆσαι

545 1495 581 1539 c
603 1464 730 1546 τὸν
764 1464 1057 1570 τρόπον.
1136 1463 1648 1567 βασανίῷντες
1683 1463 1826 1568 γὰρ
1865 1467 1961 1549 ὦς
1997 1464 2098 1544 ἔνι
2134 1470 2377 1548 καλῶς
2420 1471 2549 1543 τοῦ
2598 1462 2749 1540 κατ’
2790 1457 3030 1538 αὐτὸν

599 1589 1001 1694 μυστηρίου
1073 1588 1203 1670 τὸν
1262 1589 1510 1692 λόγον,
1575 1590 1715 1694 οὐχ
1775 1590 2005 1696 ἑαυτῷ
2065 1588 2308 1693 τυχὸν,
2375 1585 2536 1667 οὐδὲ
2597 1585 2854 1687 κυρίως
2922 1585 3021 1662 δι’
3061 1612 3140 1653 10

601 1713 854 1794 ἑαυτὸν
889 1720 1241 1794 τεθνεῶτα
1276 1711 1771 1820 κατοψόμεθα,
1808 1715 1979 1793 ἀλλ’
2023 1711 2201 1816 ὑπὲρ
2239 1710 2532 1813 ἁπάσης
2567 1714 2695 1810 τῆς
2732 1713 3025 1812 ἀνθρω-

600 1834 911 1936 πότητος
964 1843 1219 1916 παθεῖν
1261 1870 1338 1915 τε
1394 1842 1512 1917 καὶ
1567 1843 1859 1940 δρᾶσαι,
1894 1836 1979 1917 τό
2026 1871 2103 1916 τε
2155 1835 2387 1922 πάθος
2444 1832 2640 1931 αὐτὸ,
2678 1836 2796 1913 καὶ
2851 1831 3017 1930 μετ’

602 1961 823 2039 ἐκεῖνο
886 1959 1019 2058 τὴν
1073 1957 1505 2040 ἀνάστασιν.
1605 1959 1897 2061 τέθνηκε
1951 1960 2083 2059 μὲν
2137 1961 2283 2063 γὰρ
2343 1958 2526 2041 κατὰ
2579 1958 2711 2058 τὴν
2765 1954 3023 2059 σάρκα

600 2088 730 2183 τῆς
780 2081 1118 2163 ἁπάντων
1152 2083 1333 2186 ζωῆς
1381 2083 1812 2188 ἀντίῤῥοπον
1855 2083 1988 2184 τὴν
2023 2087 2209 2165 ἰδίαν
2244 2081 2680 2181 ἀποδεικνὺς,
2715 2086 2833 2161 καὶ
2880 2085 3022 2180 τῆς

601 2208 901 2312 ἀρχαίας
956 2208 1218 2309 ἐκείνης
1274 2211 1725 2312 ἀποπληρῶν
1778 2210 1959 2311 ἀρᾶς
2014 2212 2091 2289 ἐν
2144 2212 2372 2316 ἑαυτῷ
2424 2206 2558 2308 τὴν
2608 2207 2909 2306 δύναμιν
2972 2210 3018 2288 ὁ
3056 2233 3131 2295 15

601 2329 894 2411 πάντων
942 2331 1297 2439 ἀντάξιος.
1378 2333 1755 2435 ἐγήγερται
1810 2330 1887 2412 δὲ
1942 2332 2169 2413 πάλιν
2222 2336 2301 2413 ε’κ
2359 2339 2626 2436 νεκρῶν
2669 2338 2763 2416 εἷς
2818 2331 3009 2431 ἀκή-

539 2475 584 2545 d
604 2453 825 2559 ρατόν
860 2489 1021 2535 τινα
1069 2460 1185 2536 καὶ
1237 2456 1739 2557 ἀκατάληκτον
1777 2454 1983 2558 ζωὴν,
2022 2456 2204 2556 ὅλην
2240 2458 2316 2538 ἐν
2359 2460 2586 2563 ἑαυτῷ
2633 2455 3015 2540 διανιστάς

606 2576 740 2679 τὴν
795 2579 1048 2687 φύσιν.
1150 2579 1358 2688 ἅπαξ
1416 2579 1560 2684 γὰρ
1623 2578 2026 2679 ἀποθανὼν,
2088 2583 2270 2662 κατὰ
2333 2581 2418 2662 τὸ
2483 2581 3012 2685 γεγραμμένον,

271 2696 502 2830 ἓοξζῆ·
611 2713 655 2750 “
691 2704 919 2784 οὐκέτι
957 2704 1421 2805 ἀποθνήσκει·
1484 2704 1793 2788 θάνατος
1842 2706 2062 2785 αὐτοῦ
2111 2705 2343 2785 οὐκέτι
2391 2705 2710 2807 κυριεύει.
2787 2702 2827 2782 ὃ
2863 2703 3019 2807 γὰρ

610 2837 652 2875 “
688 2825 1018 2926 ἀπέθανε,
1068 2835 1158 2934 τῇ
1215 2831 1530 2935 ἁμαρτίᾳ
1584 2828 1937 2909 ἀπέθανεν
1991 2829 2309 2936 ἐφάπαξ,
2362 2828 2403 2910 ὃ
2459 2829 2533 2909 δὲ
2590 2829 2703 2934 ζῇ,
2759 2828 2850 2932 ζῇ
2908 2863 3019 2936 τῳ
3048 2860 3125 2901 20

608 2961 653 2997 “
689 2953 925 3059 Θεῷ.”
1020 2960 1234 3032 τοῦτο
1315 2956 1431 3033 καὶ
1504 2953 1617 3056 ἐφ’
1694 2951 1864 3052 ἡμῖν
1936 2954 2172 3036 αὐτοῖς
2254 2951 2520 3052 ἀληθὲς
2598 2953 2806 3031 ἔσται
2894 2953 3019 3033 διὰ

606 3075 960 3177 Χριστόν.
1040 3076 1580 3179 ε’γερθησόμεθα
1629 3073 1776 3179 γὰρ
1824 3074 1927 3156 ἔτι
1975 3082 2074 3161 εἷς
2123 3074 2435 3157 θάνατον
2483 3079 2661 3180 οὐχὶ,
2700 3077 2869 3155 ἀλλ’
2913 3083 3017 3160 εἰς

604 3194 789 3302 ζωὴν
824 3201 955 3299 τὴν
992 3201 1413 3301 ἀπέραντον,
1450 3206 1510 3279 εἰ
1560 3204 1680 3280 καὶ
1728 3199 1981 3301 πολλὴ
2029 3200 2210 3298 μετὰ
2259 3210 2472 3281 τοῦτο
2514 3207 2661 3280 τῶν
2697 3202 3006 3279 ἀνιστα-

604 3323 838 3420 μένων
893 3325 938 3423 ἡ
996 3324 1328 3430 διαφορὰ,
1374 3322 1557 3403 κατά
1612 3360 1698 3427 γε
1749 3324 1835 3405 τὸ
1890 3326 1966 3403 ἐν
2020 3323 2201 3431 δόξῃ
2256 3328 2464 3433 φημὶ,
2511 3327 2626 3404 καὶ
2682 3323 2816 3423 τὴν
2861 3331 3017 3408 τοῖς

609 3444 919 3526 ἑκάστου
953 3445 1245 3549 τρόποις
1282 3450 1874 3552 χρεωστουμένην
1910 3450 2302 3529 ἀντίδοσιν.
2365 3446 2740 3552 γενόμενος
2772 3448 3015 3528 τοίνυν
3050 3475 3127 3535 25

273 3576 408 3711 {³¹²3}
430 3595 483 3628 ²¹·
613 3577 657 3616 “
695 3568 1001 3669 ὑπήκοος
1056 3576 1159 3676 τῷ
1216 3575 1383 3678 Θεῷ
1436 3575 1553 3651 καὶ
1614 3575 1853 3675 Πατρὶ
1906 3574 2119 3678 μέχρι
2174 3573 2506 3670 θανάτου,
2564 3570 2877 3652 θανᾶτου
2932 3571 3013 3651 δὲ

309 3680 322 3703 ’
553 3731 589 3774 e
613 3701 655 3738 ‘⁶
693 3694 1073 3795 σταυροῦ,”
1106 3692 1288 3772 κατὰ
1325 3693 1458 3790 τὴν
1487 3704 1616 3775 τοῦ
1658 3695 1964 3777 Παύλου
2001 3696 2271 3802 φωνὴν,
2307 3696 2747 3803 ὑπερυψῶθη
2783 3694 3014 3775 πάλιν

610 3813 866 3911 λαβὼν
930 3814 1013 3896 τὸ
1079 3815 1307 3916 ὄνομα
1370 3817 1454 3899 τὸ
1522 3818 1699 3923 ὑπὲρ
1765 3829 1914 3902 πᾶν
1976 3821 2226 3920 ὄνομα.
2327 3823 2367 3901 ὁ
2432 3819 2577 3923 γὰρ
2645 3823 3013 3919 νομισθεὶς

606 3940 985 4044 ἅνθρωπος
1033 3938 1210 4021 εἶναι
1261 3943 1509 4049 ψιλὸς,
1558 3944 2106 4052 ὑπερεδοξάσθη
2155 3945 2345 4043 λίαν,
2384 3943 2571 4028 Θεὸς
2621 3942 2845 4027 ὅντως
2892 3946 3012 4022 καὶ

604 4064 782 4147 ’Υἱὸς
818 4073 948 4145 τοῦ
986 4071 1178 4146 Θεοῦ
1216 4066 1400 4147 κατὰ
1433 4065 1781 4167 ἀλήθειαν
1820 4068 2420 4170 ἀναδεδειγμένος,
2461 4071 2588 4147 οὐκ
2626 4072 2725 4152 εἷς
2768 4065 3012 4146 καινὸν
3044 4096 3125 4154 30

608 4188 891 4294 ἀξίωμα
942 4191 1371 4291 κεκλημένος
1425 4191 1510 4271 τὸ
1569 4188 1747 4271 εἶναι
1802 4194 2025 4300 φύσει
2074 4192 2281 4291 Θεὸς,
2328 4193 2497 4272 ἀλλ’
2539 4198 2636 4276 εἷς
2691 4189 2868 4294 ὅπερ
2922 4189 3012 4291 ἦν

678 4424 764 4479 23.
801 4409 976 4478 πολλὴ
1002 4409 1068 4465 Ε.
1092 4412 1230 4467 πολὺ
1256 4410 1359 4467 Ed.
1505 4411 1591 4469 26.
1631 4412 1852 4468 θανάτου
1876 4414 1966 4468 alt.
2023 4412 2225 4487 θανάτῳ
2253 4412 2318 4468 Ε.
2464 4412 2659 4484 28—p.
2675 4424 2800 4484 379,
2821 4427 2852 4466 2
2883 4410 3013 4465 citat

605 4479 846 4605 0011110οὲξὲ
854 4482 1294 4605 ἰεειίἐῐιοῃίοτιιω
1312 4484 1425 4555 jam
1451 4501 1608 4556 saepe
1633 4485 1723 4539 cit.
1753 4482 1899 4555 (cod.
1925 4502 1956 4539 a
1996 4483 2053 4541 d.
2084 4500 2276 4556 14533,
2302 4484 2395 4539 fol.
2420 4503 2455 4552 4
2481 4486 2558 4553 v).
2716 4499 2805 4553 30.
2842 4479 3009 4553 Θεοῦ]

607 4556 644 4580 “
794 4569 810 4604 1
852 4552 947 4605 ls'’
1016 4570 1091 4623 yr.
2072 4572 2077 4579 ‘
