3238 5158
235 355 367 421 viii.
395 372 503 441 55.
821 355 936 420 IN
998 353 1066 419 S.
1112 352 1628 419 JOANNEM.
1717 352 1910 419 LIB.
1944 353 2065 418 VI.
2517 353 2643 417 12⁷

234 522 407 601 καθ’
486 518 729 622 ἕτερον
795 523 1126 622 εἰρῆσθαι
1194 515 1493 621 τρόπον.
1606 513 1781 615 οἶδα,
1849 521 2062 624 φησί,
2130 517 2261 598 τὸν
2333 519 2643 615 ἐμαυτοῦ

235 641 560 745 Πατέρα·
643 642 883 744 λέγων
938 641 1014 721 δὲ
1078 639 1178 741 μὴ
1237 641 1488 721 εἰδέναι
1545 642 1711 721 καθ’
1773 643 1953 740 ὑμᾶς
2010 641 2256 748 ἔσομαι
2312 637 2643 750 ψεύστης,

230 762 404 850 τοῦς
442 767 569 846 οὐκ
605 764 879 850 εἰδότας
914 763 1046 863 μὲν
1081 763 1209 844 τὸν
1245 761 1458 863 Θεὸν,
1494 764 1748 844 εἰδέναι
1786 763 1861 845 δὲ
1900 762 2322 871 φάσκοντας
2359 764 2599 844 αὐτόν.

349 889 487 974 Τίς
524 888 665 969 δὲ
634 923 674 968 ο
712 893 839 989 τῆς
874 885 1211 988 εἰδήσεως
1247 885 1534 991 τρόπος,
1569 890 1688 967 καὶ
1726 890 1840 968 ε’πὶ
1876 887 2031 968 τίσι
2065 897 2195 968 τοῦ
2241 887 2343 989 μὴ
2391 888 2643 968 εἰδέναι

170 1028 206 1091 5
229 1047 331 1094 τα
382 1011 829 1114 ἐγκλήματα,
873 1016 1140 1116 σαφῶς
1193 1011 1330 1112 ἤδη
1387 1008 1830 1115 διειρηκότες,
1876 1046 2212 1116 περιττον
2259 1012 2645 1110 ἐποίσομεν

230 1134 469 1217 ⁰¹33&
2667 1206 2704 1247 a
2747 1193 2882 1249 582
2898 1192 2979 1248 A.

566 1267 741 1333 Ἀλλ’
800 1260 953 1333 οἶδα
1006 1266 1207 1334 αὐτὸν
1262 1269 1369 1332 καί
1421 1267 1537 1337 τὸν
1591 1268 1788 1343 λόγον
1843 1269 2043 1334 αὐτοῦ
2097 1268 2303 1359 τκρῶ.

335 1411 594 1495 Ὅσον
646 1413 781 1513 μὲν
833 1414 1003 1514 ἧκεν
1057 1418 1157 1498 εἰς
1220 1412 1306 1493 τὸ
1369 1413 1666 1512 ἑτοίμως
1730 1419 1834 1521 τῷ
1898 1414 2336 1522 προκειμένῳ
2400 1447 2640 1516 προσ-

226 1536 571 1636 βάλλειν,
624 1537 846 1618 ἐκεῖνό
902 1544 1163 1644 φαμεν,
1216 1537 1326 1617 ὅτι
1381 1545 1603 1617 λαλεῖ
1649 1535 1878 1618 πάλιν
1928 1542 2025 1622 ὡς
2080 1538 2477 1641 ἅνθρωπος,
2528 1539 2647 1616 καὶ

130 1704 205 1746 10
231 1662 709 1765 καταβιβάζει
743 1660 971 1743 πάλιν
1007 1661 1226 1742 αὐτὸν
1263 1667 1362 1748 εἰς
1397 1660 1491 1743 τὰ
1525 1661 1829 1764 ἡμέτερα
1867 1659 2215 1765 Χριστὸς,
2251 1659 2336 1741 τὸ
2377 1664 2638 1741 δουλο-

228 1785 509 1891 πρεπὲς
544 1786 672 1867 οῦκ
717 1786 950 1892 ἀφιεὶς
994 1789 1252 1890 σχῆμα
1298 1784 1484 1865 κατὰ
1535 1781 1783 1888 καιρὸν
1818 1784 1947 1865 τὸν
1980 1785 2375 1889 πρέποντα.
2448 1783 2647 1885 λέγει

232 1912 479 1992 τοίνυν
515 1913 631 1990 καὶ
666 1909 914 1989 εἰδέναι
949 1907 1079 1988 τὸν
1120 1908 1414 2010 Πατέρα
1454 1915 1575 1989 καὶ
1612 1913 1719 1990 τὶν
1757 1910 1960 2012 λόγον
1997 1911 2196 1990 αὐτοῦ
2229 1915 2463 2014 τηρεῖν.
2525 1910 2645 1987 καὶ

234 2032 405 2138 οὐχὶ
462 2031 753 2116 πάντως
816 2035 1112 2134 ἐροῦμεν
1164 2032 1568 2133 ἀναγκαίως
1623 2034 1850 2140 ἑαυτῷ
1903 2030 1996 2112 τὰ
2049 2041 2344 2113 τοιαῦτα
2395 2064 2637 2131 προσ-

235 2162 646 2260 μαρτυρεῖν,
703 2157 873 2235 ἀλλ’
933 2153 1095 2235 ουδὲ
1150 2162 1296 2235 τῶν
1350 2156 1543 2263 αὐτῷ
1605 2155 2028 2259 πρεπόντων
2083 2157 2653 2259 ἀπαριθμεΐσθαί
2669 2172 2714 2238 b

135 2301 210 2362 15
235 2310 429 2371 τινα,
467 2279 683 2385 τέχνη
735 2276 819 2359 δέ
859 2313 968 2364 τις
1017 2278 1365 2382 ἀνεμίχθη
1411 2285 1515 2385 τῷ
1562 2277 1769 2388 λόγω
1816 2278 2092 2378 πολλή.
2176 2278 2294 2359 δια
2336 2288 2465 2361 τοῦ
2501 2281 2645 2385 γὰρ

236 2404 470 2556 φάναι
517 2407 634 2484 καὶ
684 2402 938 2483 εἰδέναι
974 2436 1105 2483 τον
1142 2399 1436 2506 Πατέρα
1477 2439 1598 2484 και
1641 2439 1743 2484 τον
1780 2404 1985 2505 λόγον
2022 2406 2225 2485 αὐτοῦ
2258 2411 2502 2510 τηρεῖν,
2544 2439 2650 2490 οις

236 2527 430 2634 ἔχειν
483 2526 695 2613 αὐτὸς
752 2527 1280 2633 διισχυρίζεται,
1328 2527 1669 2607 τάναντία
1736 2532 2182 2633 φρονοῦντας
2240 2525 2408 2615 τοὺς
2460 2528 2644 2609 Ἰου-

237 2654 486 2737 δαίους
547 2652 1046 2751 ἐπιδείκνυσιν,
1101 2653 1198 2735 ὦς
1262 2648 1444 2751 μήτε
1507 2649 1780 2735 εἰδότας
1844 2651 2183 2751 δηλονότι
2241 2649 2370 2732 τὸν
2419 2649 2640 2749 Θεὸν,

236 2776 426 2876 μήτε
479 2772 623 2874 μὴν
671 2772 1032 2875 οἰομένους
1088 2773 1200 2854 ὅτι
1251 2775 1512 2877 πρέποι
1566 2781 1805 2875 τηρεῖν
1849 2774 1978 2855 τὸν
2024 2773 2252 2877 λόγον
2296 2775 2538 2855 αὐτοῦ·
2599 2773 2647 2875 ἢ

138 2929 214 2970 20
237 2897 390 3003 γὰρ
423 2933 516 2978 αν
548 2897 883 3004 ἐδέξαντο
918 2900 1036 2977 καὶ
1085 2896 1291 2996 μάλα
1335 2897 1725 3000 προθύμως
1775 2895 1903 2977 τὸν
1941 2896 2060 2977 διὰ
2100 2896 2481 2981 Μωυσέως·
2530 2901 2650 2978 καὶ

238 3029 392 3105 τῶν
451 3027 851 3130 προφητῶν
891 3020 1600 3171 προκεκηρυγμένον.
1706 3018 2108 3123 εὑρήσομεν
2168 3020 2255 3101 δέ
2310 3055 2467 3106 πως
2530 3023 2649 3100 καὶ

236 3147 414 3249 παρ’
450 3146 624 3245 ἡμῖν
657 3142 914 3249 σχῆμά
960 3178 1032 3224 τι
1079 3151 1401 3227 τοιοῦτον
1444 3146 1522 3224 ἐν
1558 3142 1807 3246 λόγοις
1855 3144 2109 3250 εὐφυές
2159 3178 2238 3224 τε
2289 3147 2406 3225 καὶ
2454 3143 2708 3225 κάλ-ο

237 3280 529 3368 λιστον,
563 3267 868 3374 ἐλέγχου
925 3266 1056 3367 μέν
1103 3301 1271 3372 εχον
1317 3266 1636 3366 δύναμιν,
1676 3269 1793 3348 καὶ
1847 3268 2075 3371 ἠρέμα
2127 3270 2322 3349 τισὶν
2369 3270 2639 3369 ὑποδη-

240 3402 427 3474 λοῦν
479 3391 573 3473 τὰ
635 3394 712 3472 ἐν
766 3389 871 3477 οἷς
936 3397 1081 3471 εἰσι
1145 3389 1350 3491 κακὰ,
1410 3390 1804 3493 ὑποτέμνον
1862 3390 1947 3472 δέ
1995 3426 2152 3477 πως
2219 3390 2347 3474 τὸν
2401 3399 2498 3478 εἰς
2561 3390 2647 3474 τὸ

144 3536 215 3598 25
242 3515 752 3621 διελέγχεσθαι
816 3512 1064 3615 θυμόν.
1168 3511 1319 3594 οἷον
1383 3513 1576 3595 ἔστω
1640 3547 1747 3600 τις
1791 3513 1994 3617 ’ἀνὴρ
2059 3514 2284 3619 τυχὸν
2347 3515 2648 3614 ἐπιεικὴς

238 3643 361 3722 καὶ
433 3674 528 3719 τα
599 3637 803 3718 αλλα
874 3637 1227 3744 χρηστὸς,
1297 3637 1651 3742 ὀνειδίζων
1722 3644 1828 3745 τῷ
1897 3638 2283 3720 κλέπτοντι
2353 3627 2472 3719 καὶ
2544 3647 2648 3748 τῷ

237 3761 598 3863 μεθυοντι,
653 3765 771 3841 καὶ
824 3761 1065 3863 λεγων
1117 3759 1320 3862 Ἐγω
1384 3760 1764 3866 ανθρωπός
1826 3762 1975 3862 εἰμί
2021 3796 2129 3846 τις
2184 3761 2508 3862 ἐπιεικὴς,
2564 3764 2649 3843 οὗ

242 3885 573 3993 κέκλοφα
628 3883 721 3964 τὰ
777 3884 1052 3988 ετέρων,
1107 3882 1279 3964 ἀλλ’
1337 3882 1497 3964 οὐδε
1552 3885 2014 3984 μεμεθυσμαί
2069 3918 2270 3966 ποτε.
2379 3889 2499 3967 και
2565 3887 2649 3966 οὐ

240 4006 535 4093 πάντως
587 4009 628 4088 5
681 4016 1003 4093 τοιοῦτος
1055 4010 1282 4116 ἑαυτῷ
1334 4005 1453 4087 δια
1501 4007 1760 4089 τούτου
1810 4016 2170 4111 μαρτυρεῖ,
2216 4006 2375 4089 οὐδε
2425 4010 2650 4093 οὕτως

146 4150 221 4210 30
243 4130 467 4213 αὐτὸν
525 4129 923 4232 οἰησόμεθα
995 4139 1272 4231 λαλεῖν,
1330 4132 1502 4212 ἀλλ’
1571 4127 1678 4210 ὧν
1745 4129 1889 4236 ἕχει
1960 4129 2300 4212 τάναντία
2371 4166 2642 4236 περιτι-

243 4255 462 4337 θέντα
535 4261 687 4341 τοῖς
756 4254 1307 4359 ὄνειδιζομένοις.
1394 4256 1583 4336 οὕτω
1647 4263 2030 4359 τοιγαροῦν
2092 4260 2211 4336 καὶ
2274 4257 2316 4336 5
2384 4253 2650 4361 Κύριος
2675 4274 2722 4341 d

318 4459 405 4498 10.
441 4438 629 4513 αὐτὸν]
655 4441 839 4496 ἑαυτὸν
860 4439 1109 4496 emendat
1134 4440 1336 4515 Heyne.
1500 4452 1585 4528 15.
1623 4443 1717 4495 τοῦ
1738 4440 1842 4513 γὰρ
1863 4438 1971 4498 hoc
1994 4439 2182 4497 ordine
2208 4441 2277 4498 B.
2435 4457 2526 4532 30.
2560 4440 2653 4496 τᾶ-

242 4513 423 4568 mla
454 4512 522 4567 Β.
547 4515 614 4566 τὰ
648 4511 852 4567 ἐναντία
889 4511 1073 4570 Hoht.
1102 4511 1209 4569 Ed.
1325 4511 1654 4585 περιτιθεντα
1683 4510 1933 4569 emendat
1967 4511 2169 4584 Heyse·
2192 4512 2554 4584 ἀπεριτιθεντα
2585 4512 2655 4568 Β.

241 4583 501 4656 &ipa-m
525 4582 628 4639 Ht.
653 4581 761 4639 Ed.
